2978 4920
590 316 717 384 146

1298 309 1962 376 J‘UVENALIS

680 490 893 554 Prima
921 487 1093 550 videt
1120 509 1134 548 ε
1184 485 1416 547 famam
1447 485 1858 569 rumoresque
1886 483 1996 546 illa
2025 478 2326 549 recentes*

676 590 939 678 Excipit
968 589 1051 653 ad
1073 599 1313 674 portas:
1361 586 1670 671 quosdam
1700 586 1852 650 facit
1881 586 2002 651 isse
2033 586 2380 673 Niphatem
2467 608 2471 613 ’

681 695 760 757 In
787 690 1058 779 populos
1081 714 1100 763 3
1148 708 1507 775 magnoque
1536 687 1662 750 illic
1690 698 1921 751 cuneta
1947 711 2103 752 arva
2129 688 2329 753 teneri

683 792 968 869 Diluvio,
1002 803 1226 857 nutare
1256 789 1467 866 urbes,
1501 788 1824 852 subsidere
1854 801 2075 869 terras,

2551 688 2700 748 410

684 898 1099 979 Quocumque
1122 891 1189 954 in
1214 888 1419 965 trivio,
1450 887 1829 975 cuicumque
1858 901 1950 953 est
1981 889 2189 967 obvia,
2221 902 2451 954 narrat.
2476 890 2477 895 ’

771 997 906 1059 Nec
936 1005 1146 1058 tamen
1173 991 1240 1055 id
1269 990 1495 1055 vitium
1517 990 1717 1075 magis
1737 990 2155 1069 intolerabile,
2186 1014 2379 1075 quam
2408 1006 2573 1075 quai
2602 1038 2615 1044 -

657 1102 660 1105 ’
686 1096 938 1160 Vicinos
963 1092 1234 1157 humiles
1260 1113 1480 1177 rapere
1503 1103 1568 1154 et
1596 1089 1924 1154 concidere
1954 1091 2105 1155 loris

689 1200 974 1261 Exorata
1002 1194 1174 1258 solet.

1266 1193 1433 1256 Nam
1464 1191 1514 1253 si
1546 1190 1883 1255 latratibus
1911 1191 2024 1256 alti

2561 1186 2711 1292 415

693 1302 1112 1386 Rumpuntur
1140 1295 1376 1368 somni3
1424 1294 1628 1358 fustes
1656 1295 1783 1358 huc
1812 1294 2010 1373 ociuS‚
2042 1297 2277 1383 inquit.

694 1401 986 1477 Adferte,
1017 1411 1213 1484 atque
1235 1397 1360 1461 illis
1381 1394 1709 1460 dominum
1730 1398 1921 1483 jubet
1950 1410 2097 1462 ante
2124 1397 2323 1473 feriri,

695 1503 942 1569 Deinde
971 1524 1204 1566 canem.
1297 1499 1527 1565 Gravis
1555 1500 1854 1585 obcursu,
1887 1501 2210 1566 teterrima
2241 1501 2425 1567 vultu

610 1718 716 1758 tum
740 1705 1126 1770 superstitionem
1141 1705 1273 1765 vulgi
1289 1705 1433 1755 ridet.
1448 1717 1508 1750 ex
1523 1717 1620 1764 qua

609 1780 813 1823 cometae
829 1772 1122 1832 adpetitione
1134 1770 1430 1815 eversionem
1450 1782 1619 1828 regno.

610 1853 742 1893 rum,
770 1839 949 1892 clades,
985 1841 1190 1893 pestem,
1215 1833 1395 1878 famem
1432 1833 1622 1891 aliaque

611 1904 742 1950 mala
773 1902 938 1960 generi
974 1902 1189 1945 humano
1222 1898 1439 1956 portendi
1474 1903 1621 1955 atque

610 1967 798 2012 inmitti
820 1966 1152 2014 credebantur,
1168 1968 1274 2006 tum
1292 1961 1556 2005 vanitatem
1574 1964 1622 2004 et

611 2028 759 2091 hujus
791 2025 1119 2082 divinationis,
1140 2037 1200 2069 ex
1233 2024 1443 2069 feminea
1477 2025 1628 2069 inter-

611 2093 878 2155 pretatione
890 2092 1095 2136 siderum
1112 2096 1161 2135 et
1174 2088 1509 2147 superstitione
1522 2100 1626 2134 sus-

615 2171 798 2219 pensae,
820 2162 870 2200 et
904 2167 1172 2207 rumorum,
1191 2160 1240 2197 et
1273 2152 1520 2198 muliebris
1543 2154 1628 2198 de-

614 2223 762 2280 nique
780 2225 960 2274 metus,
981 2219 1064 2277 qui
1088 2218 1195 2263 illos
1215 2229 1391 2276 augere
1413 2217 1552 2271 solet,
1575 2222 1626 2262 et

613 2288 673 2334 ad
680 2286 815 2344 tingit
827 2283 1051 2329 diluvium
1064 2288 1349 2340 motumque
1363 2287 1627 2340 terrae,quo

615 2353 758 2398 urbes
777 2348 1053 2393 nutaverint
1069 2353 1117 2392 et
1134 2344 1433 2391 subsederint
1452 2352 1593 2391 terrae
1611 2359 1621 2388 :

614 2414 675 2463 de
711 2426 818 2472 qua.
846 2408 1085 2476 λογοποιΐᾳ
1117 2425 1162 2456 v.
1198 2409 1439 2469 Theophr.
1479 2409 1624 2455 Char.

615 2479 757 2528 VIII.
793 2485 841 2524 et
871 2480 938 2523 ibi
972 2478 1175 2523 Casaub.
1227 2475 1422 2532 Signatc
1459 2481 1624 2520 autem

615 2547 750 2602 dicit,
772 2549 970 2589 cometen
1002 2555 1087 2587 seu
1109 2540 1338 2586 crinitum
1359 2540 1494 2584 sidus
1525 2538 1628 2597 regi

619 2608 843 2659 Armenio
864 2607 1130 2665 Parthoque
1149 2606 1321 2649 instare
1343 2604 1391 2648 b.
1412 2617 1456 2649 e.
1478 2603 1623 2649 inmi-

618 2688 732 2722 nere
774 2672 922 2718 exitio
958 2684 1125 2717 eorum
1173 2676 1222 2714 et
1261 2668 1379 2713 illud
1414 2668 1590 2713 minari
1608 2681 1623 2712 ε

618 2752 732 2785 nam
752 2738 915 2797 populi
938 2736 1017 2781 isti
1034 2735 1217 2794 prolixa
1232 2737 1370 2777 erant
1382 2745 1522 2776 coma
1534 2732 1626 2778 cria

619 2803 724 2849 niti.
749 2816 793 2846 v.
816 2801 1078 2859 Spanhem.
1098 2799 1159 2842 de
1182 2797 1281 2841 Usu
1300 2802 1350 2839 et
1374 2794 1455 2843 Pr.
1471 2795 1629 2843 Num.

595 2889 602 2896 ·
621 2867 753 2912 Diss.
775 2864 841 2910 V.
862 2877 909 2923 p.
933 2863 1044 2909 427.
1065 2860 1175 2906 459.
1195 2866 1243 2905 et
1261 2859 1474 2905 Tristan.
1495 2873 1628 2905 com-

622 2936 775 2976 ment.
796 2927 858 2973 T.
882 2928 948 2975 11.
973 2940 1019 2985 p.
1042 2925 1123 2971 83.

688 2994 800 3039 408.
833 2992 1029 3036 Famam
1063 2987 1397 3039 Quintilianus
1423 2986 1460 3032 I.
1484 2987 1544 3034 O.
1563 2987 1629 3035 V.

623 3058 675 3114 8,
695 3058 808 3102 dicit
829 3067 930 3101 esse
947 3066 1233 3100 consensum
1252 3052 1477 3107 civitatis,
1497 3052 1630 3097 velut

625 3121 872 3181 publicum
892 3118 1254 3170 testimonium3
1276 3128 1509 3162 rumorem
1520 3129 1631 3162 vero

625 3196 896 3231 sermonem
927 3182 1031 3228 sine
1053 3183 1153 3226 ullo
1174 3186 1368 3226 auctore
1384 3187 1516 3224 certo
1534 3181 1628 3224 dis-

623 3261 839 3310 persum,
879 3246 955 3292 cui
991 3246 1265 3305 malignitas
1296 3249 1457 3288 ortum
1492 3244 1633 3289 dede·

625 3315 708 3365 rit.
731 3314 1084 3359 incrementum
1113 3308 1387 3355 credulitas.
1429 3320 1634 3353 rumores

625 3378 798 3441 excipit
827 3375 889 3422 ad
903 3378 1064 3435 portas
1085 3374 1237 3430 urbis,
1263 3371 1513 3416 sciscitans
1532 3373 1630 3417 sin-

627 3444 767 3508 gulos
789 3453 985 3502 peregre
1005 3441 1279 3492 redeuntes,
1313 3436 1485 3494 ecquid
1521 3436 1632 3482 novi

628 3508 888 3554 audierint.
919 3505 1148 3564 Excipere
1169 3503 1364 3548 auribus
1384 3513 1633 3557 rumorem,

628 3578 690 3616 ut
703 3583 951 3616 sermonem
964 3575 1012 3614 et
1029 3582 1153 3614 voces
1172 3580 1251 3626 ap.
1265 3565 1437 3611 Liv.II.
1457 3564 1506 3609 4.
1522 3565 1633 3611 XL.

632 3634 680 3679 7.
716 3636 844 3693 quod
880 3648 965 3679 nos
998 3634 1205 3678 dicimus
1229 3632 1497 3690 auffemgen,
1529 3628 1634 3691 auf-

631 3697 1148 3757 sehnappen,locutione
1161 3698 1221 3742 de
1232 3702 1393 3740 sumta
1406 3700 1637 3740 avenato-

633 3762 947 3820 ribus,quiex
965 3762 1150 3806 insidiis
1167 3761 1240 3805 vel
1261 3760 1370 3804 dolo
1392 3773 1446 3804 ae
1468 3759 1638 3805 fraude

633 3828 762 3870 feras
784 3825 988 3883 «κοίρανε
1008 3838 1047 3869 s.
1065 3838 1250 3883 capere,
1267 3820 1470 3884 δίχεσθαι
1493 3830 1542 3869 et
1564 3822 1635 3867 in-

631 3887 853 3953 Rixsehu.
867 3889 1035 3933 solent.
1071 3888 1133 3933 N
1130 3888 1303 3947 §phales
1315 3901 1455 3933 mons
1468 3887 1640 3933 Arme-

634 3957 732 4001 niae
754 3948 949 4014 majoris
966 3959 1014 3997 et
1030 3965 1139 4011 pars
1161 3951 1311 3996 Ταυτὶ
1329 3952 1456 3996 unde
1478 3950 1638 4009 Tigris

635 4019 819 4070 oritura
842 4017 924 4064 sed
949 4016 995 4063 h.
1013 4016 1048 4061 l.
1071 4016 1261 4068 fluvius,
1283 4016 1405 4060 forte
1421 4011 1638 4075 ejusdem

635 4082 902 4132 Armeniae.
927 4082 1003 4125 vel
1025 4081 1126 4137 ipse
1143 4078 1322 4137 TigriS,
1353 4078 1434 4141 (ut
1448 4091 1526 4138 ap.
1543 4077 1642 4124 Lu-

638 4162 746 4196 can.
772 4147 866 4192 Ill.
883 4143 963 4190 45.
988 4143 1071 4189 Sil.
1093 4142 1240 4188 XIII.
1265 4143 1376 4189 768.
1400 4144 1534 4202 Virg.
1555 4142 1642 4190 Ge.

640 4214 739 4261 111.
756 4212 835 4258 30.
857 4216 907 4255 et
930 4208 1140 4253 Martial.
1164 4207 1286 4251 XII.
1310 4204 1414 4268 21.)
1436 4202 1643 4267 etsiejus
1672 4197 1680 4210 ⁸

637 4277 935 4328 mmtioncm
966 4269 1072 4317 non'
1100 4273 1283 4317 faciunt
1318 4279 1498 4317 veteres
1529 4285 1644 4330 geo-

638 4341 823 4404 graphi.
846 4353 893 4384 v.
929 4336 1194 4385 Mitscherl.
1218 4337 1278 4383 :ul
1305 4337 1425 4387 Hor.
1453 4338 1543 4383 Od.
1570 4335 1639 4382 ΙΙ.

1683 1708 1729 1753 9.
1744 1705 1823 1752 20.
1834 1704 1978 1767 facit,
1998 1705 2133 1762 dicit,
2153 1705 2312 1765 fingit,
2333 1704 2588 1766 Niphaten
2599 1706 2717 1759 isse,

1684 1786 1723 1816 s.
1738 1771 1898 1824 ivisse,
1909 1770 1956 1813 h.
1968 1783 2012 1814 e.
2028 1769 2247 1824 inruisse,
2260 1772 2306 1814 in
2329 1769 2539 1829 quosdam
2548 1784 2717 1829 pepu-

1684 1836 1770 1893 los,
1790 1836 1866 1880 vel
1890 1847 1970 1879 eos
1994 1834 2268 1880 inundasse.
2324 1833 2432 1880 411.
2452 1832 2594 1880 urbes
2616 1849 2715 1880 nu-

1686 1904 1803 1955 tare,
1818 1898 2010 1944 concuti
2022 1904 2160 1943 terrae
2177 1905 2334 1946 motu.
2363 1897 2599 1943 subsidere
2613 1903 2721 1944 ter-

1687 1977 1785 2017 ras,
1815 1964 1865 2009 in
1890 1963 2046 2007 imum
2068 1963 2302 2019 desidere,
2326 1964 2374 2007 in
2399 1960 2718 2021 profundum

1689 2041 1847 2084 ruere,
1864 2031 1916 2071 ut
1936 2026 2113 2086 passim
2130 2026 2278 2073 sidere
2290 2029 2369 2080 (ad
2384 2026 2502 2082 ima)
2518 2032 2574 2070 et
2593 2027 2724 2072 desi-¹

1690 2090 1810 2137 dere.
1844 2092 1921 2138 cf.
1943 2091 2004 2135 ad
2027 2089 2142 2135 Tac.
2168 2092 2299 2137 Ann.
2322 2089 2391 2137 ΙΙ.
2415 2089 2497 2136 47.
2517 2089 2573 2135 3.

1753 2153 2023 2203 413-418.
2068 2154 2277 2201 Gravius
2316 2162 2389 2201 est
2431 2154 2726 2217 iracundiae'

1688 2221 1985 2279 soevitiaeque
2021 2218 2216 2276 vitium,
2238 2222 2319 2267 cui
2340 2219 2447 2265 aliae
2470 2219 2719 2266 mulieres

1687 2285 1909 2331 obnoxiae
1952 2287 2081 2328 sunt·
2115 2283 2166 2328 id
2197 2285 2365 2331 vicium
2406 2282 2720 2329 curiositatis

1689 2347 2097 2407 credulitatisque.
2124 2361 2261 2406 quam
2276 2349 2447 2395 vitium
2467 2343 2578 2407 ejus
2597 2358 2723 2394 mus

1689 2409 1835 2469 lieris,
1854 2411 2140 2473 quer—«volet.
2194 2410 2305 2458 414.
2339 2413 2521 2459 Vicinos
2540 2411 2718 2458 hamt}

1688 2478 1768 2531 les,
1794 2491 2024 2536 pauperes
2047 2477 2361 2538 miserosque,
2380 2478 2486 2536 rapi
2506 2479 2570 2522 ad
2591 2491 2721 2537 supa

1690 2543 1906 2600 plicium,
1930 2543 2005 2588 vel
2036 2542 2243 2600 conripi,
2268 2542 2643 2600 comprehendi,
2667 2553 2722 2588 et

1692 2606 1801 2653 loris
1827 2607 1946 2652 caedi
1962 2603 2125 2665 jubet,
2148 2607 2187 2649 si
2205 2607 2331 2652 forte
2352 2619 2552 2652 somnus
2570 2607 2727 2653 ei·in-·

1693 2676 1938 2731 terruptus
1959 2671 2108 2717 fuerit
2131 2671 2311 2718 latratu
2331 2683 2527 2716 canum.
2585 2671 2722 2731 Tale

1692 2736 1808 2793 quid
1839 2741 1947 2780 tum
1983 2734 2213 2794 temporis
2244 2736 2460 2781 evenisse
2493 2736 2722 2794 videtur,

1692 2801 1821 2856 quod
1840 2804 1979 2858 poeta
2000 2799 2222 2858 respexit.
2267 2800 2406 2845 Idem
2430 2800 2556 2845 valet
2577 2801 2647 2846 de
2672 2803 2722 2848 ν.

1693 2861 1804 2911 418.
1822 2877 1951 2922 seqq.
1968 2864 2197 2918 Exorata,
2209 2863 2434 2923 quamvis
2448 2864 2590 2909 valde
2604 2878 2720 2911 ora-

1696 2933 1763 2983 ta,
1786 2935 1952 2987 rogata
1974 2941 2003 2973 a
2025 2928 2214 2973 miseris
2237 2928 2427 2982 vicinis,
2443 2929 2527 2987 q‘ui
2549 2928 2721 2975 inme-

1694 2992 1836 3037 ritam
1855 2993 2174 3051 deprecantur
2188 3005 2378 3052 poenam
2394 3008 2408 3037 z
2436 2992 2528 3037 nisi
2544 2995 2719 3047 malis,

1696 3058 1915 3115 precibus
1947 3057 2188 3115 mitigata,
2225 3057 2403 3115 quippe
2433 3071 2545 3115 quoe
2591 3058 2724 3103 alias

1695 3134 1777 3166 eos
1789 3121 1851 3165 ad
1872 3128 2078 3166 mortem
2092 3120 2214 3167 caedi
2220 3117 2431 3182 juberet.
2462 3120 2726 3172 Exornata

1696 3181 1822 3246 conj.
1841 3184 2043 3230 Scriver.

1761 3247 1872 3295 417.
1905 3248 2162 3305 dominum,
2184 3251 2355 3295 herum
2379 3249 2526 3295 canis.

1762 3311 2033 3359 418-433.
2070 3313 2255 3358 Eadem
2287 3313 2464 3358 mulier
2495 3326 2638 3360 sarva
2673 3327 2726 3361 es

1696 3378 1970 3437 imperiosa.
1994 3378 2054 3422 de
2074 3391 2172 3436 qua
2193 3391 2243 3424 v.
2272 3375 2382 3423 413.
2423 3391 2522 3436 seq.
2546 3391 2725 3425 sermo

1696 3449 1786 3495 est,
1805 3455 1915 3500 quae
1935 3449 2170 3488 nocturno
2186 3444 2383 3487 demum
2403 3446 2632 3499 tempore
2650 3445 2726 3489 Ia-

1698 3513 1799 3561 vat,
1818 3511 1868 3551 et
1889 3513 2146 3566 postquam
2161 3504 2245 3551 diu
2262 3506 2510 3561 convivas,
2528 3506 2726 3554 frustra

1698 3582 1806 3616 eam
1819 3570 2301 3627 exspectantes,fame
2310 3570 2590 3623 maceravit,
2608 3579 2727 3618 tans

1700 3635 1909 3692 demque
1920 3634 2121 3679 domum
2140 3634 2281 3680 rediit
2295 3647 2354 3679 ex
2374 3635 2560 3686 balneo,
2577 3636 2723 3683 sitim

1700 3697 1767 3743 ibi
1783 3704 2077 3744 contractam
2089 3699 2223 3757 largo
2241 3698 2342 3742 vini
2359 3699 2535 3744 haustu
2549 3702 2728 3758 explet

1700 3769 1813 3807 ante
1835 3775 2041 3808 coenam.
2093 3763 2301 3807 Romani
2321 3775 2416 3808 non
2435 3763 2583 3808 modo
2606 3769 2727 3822 'post

1701 3839 1905 3881 coenam,
1927 3825 2010 3888 (cf.
2032 3826 2075 3872 1.
2107 3825 2236 3882 143.)
2270 3827 2355 3871 sed
2377 3832 2427 3871 et
2448 3833 2561 3871 ante
2584 3829 2728 3887 eam,

1702 3896 1752 3935 et
1792 3897 1898 3936 tum
1937 3891 2133 3949 quidem
2172 3892 2234 3936 ab
2267 3891 2386 3936 hora
2427 3891 2743 3952 plerumque·

1704 3960 1873 4016 octava
1887 3958 1950 4001 ad
1968 3968 2144 4000 nonam
2161 3955 2403 4000 lavabant.
2459 3956 2591 3999 Ante
2618 3957 2727 4004 Im-

1703 4025 1978 4077 peratorum
2002 4026 2221 4078 tempora
2242 4031 2369 4064 nona
2392 4018 2510 4064 bora
2539 4020 2730 4080 balnei,

1705 4089 1754 4127 et
1776 4083 1963 4128 decima
1984 4097 2134 4129 coenae
2153 4089 2284 4140 erat3
2321 4085 2406 4129 sed
2438 4089 2607 4142 postea
2633 4086 2727 4146 hy-

1706 4159 1815 4200 eme
1838 4160 1982 4200 nona,
2005 4155 2173 4193 aestate
2203 4155 2374 4193 octava
2405 4148 2525 4192 hora
2558 4147 2727 4197 balnei

1707 4211 1872 4257 haberi
1903 4218 2076 4269 coepta.
2109 4211 2185 4258 cf.
2217 4212 2307 4259 inf.
2339 4212 2435 4257 XI.
2470 4210 2578 4257 204.
2617 4226 2727 4275 seq.

1707 4273 1940 4321 Mulieres
1961 4283 2125 4321 autem
2158 4276 2326 4322 viuum
2363 4278 2543 4332 bibere,
2578 4279 2726 4325 nefas

1705 4338 1849 4385 olimm
1877 4340 2162 4399 habebatur,
2207 4354 2298 4389 nec
2341 4342 2524 4397 minus,
2566 4355 2729 4400 quam
