2978 4920
610 277 740 339 112

1317 266 1979 335 JUVENALIS

693 430 1016 524 Postibus,
1042 455 1103 507 et
1136 441 1359 511 densos
1387 464 1502 528 per
1531 440 1749 505 limina
1777 441 1965 507 tende
1994 441 2345 526 corymbos.

690 549 877 611 Unus
911 547 1185 611 Iberinae
1208 544 1306 609 vir
1334 545 1588 609 subficit
1612 548 1638 607 ?
1682 545 1885 608 Ocius
1913 544 2078 609 illud

690 647 1147 734 ExtorquebiS‚
1171 658 1247 711 ut
1275 646 1412 711 haec
1439 645 1626 711 oculo
1654 658 1950 711 contenta
1978 646 2061 711 sit
2077 668 2237 709 uno.

693 753 939 837 Magna
967 764 1177 816 tamen
1203 750 1374 815 fama
1401 763 1496 815 est
1527 749 1857 837 cujusdam
1887 771 2033 815 rure
2062 761 2326 835 paterno

1088 853 1276 916 Vivat
1308 851 1556 928 Gabiis,
1587 862 1662 914 ut
1685 851 1857 915 vixit
1874 850 1941 915 in
1970 874 2125 937 agro
2143 877 2167 925 ;

694 851 997 917 Viventis,

2605 749 2688 810 55

694 953 884 1019 Vivat
915 953 1210 1018 Fidenis!
1258 955 1350 1017 Et
1378 952 1585 1039 agello
1612 953 1767 1019 cedo
1789 966 2089 1039 paterno:
2170 1018 2175 1021 .

695 1055 857 1132 Quis
887 1068 1096 1121 tamen
1124 1054 1441 1132 adfirmat,
1473 1053 1564 1119 nil
1592 1066 1808 1119 actum
1834 1053 1902 1116 in
1930 1055 2277 1133 montibus,
2306 1067 2423 1118 aut
2454 1053 2525 1117 in
2592 1110 2599 1115 .

701 1153 1073 1240 Speluncis?
1118 1155 1278 1221 adeo
1305 1167 1651 1219 senuerunt
1681 1153 1943 1239 Jupiter
1969 1166 2034 1218 et
2066 1156 2291 1221 Mars?

787 1256 1226 1322 Porticibusne
1254 1257 1374 1321 tibi
1397 1250 1787 1321 monstratur
1813 1257 2049 1321 femina
2076 1270 2228 1321 voto

2609 1252 2690 1318 60

702 1363 919 1447 Digna
949 1374 1062 1426 tuo
1081 1366 1117 1447 3
1153 1361 1366 1425 cuneis
1395 1384 1474 1426 an
1505 1361 1741 1435 habent
1772 1361 2128 1447 spectacula
2157 1360 2306 1425 totis

617 1530 729 1579 talis
750 1531 812 1576 sit
833 1531 926 1576 aevi
950 1530 1101 1577 nostri
1122 1530 1347 1575 conditio.
1395 1532 1486 1576 Per
1502 1530 1625 1577 ludi*

619 1596 778 1642 brium
819 1595 925 1640 haec
964 1594 1110 1640 dicta.
1192 1593 1251 1638 ln
1291 1596 1473 1651 nuptiis
1512 1607 1626 1639 vero

619 1661 820 1718 aliisque
843 1659 1137 1710 solennibus,
1162 1663 1211 1702 et
1241 1658 1293 1702 in
1330 1659 1503 1706 laetitia
1522 1664 1623 1705 tam

620 1725 813 1783 publica
824 1735 971 1782 quam
984 1722 1186 1780 privata,
1202 1721 1326 1767 fores
1341 1724 1627 1781 templorum

621 1796 670 1834 et
683 1789 863 1833 aedium
881 1787 1040 1831 ornari
1058 1787 1273 1830 solebant
1290 1787 1465 1832 coronis
1479 1800 1518 1830 s.
1533 1799 1631 1831 ser-

623 1854 707 1909 tis,
732 1853 927 1898 floribus
948 1851 1292 1908 frondibusque
1313 1851 1629 1909 corymborum

623 1919 672 1963 h.
696 1931 738 1963 e.
761 1917 969 1968 hederae,
990 1915 1132 1968 lauri,
1154 1914 1292 1969 oleae,
1315 1916 1481 1973 myrti,
1501 1927 1628 1960 rosa.

625 1994 753 2033 rum.
779 1981 853 2024 Cf.
877 1978 968 2025 inf.
990 1993 1034 2023 v.
1060 1978 1137 2024 79.
1161 1977 1270 2024 227.
1296 1977 1406 2025 228.
1430 1979 1525 2025 lx.
1548 1979 1627 2025 85.

625 2046 693 2091 X.
727 2042 805 2089 65.
840 2042 958 2088 XII.
994 2041 1073 2089 84.
1110 2041 1187 2089 91.
1231 2046 1372 2094 necte,
1408 2044 1628 2099 adnecte,

627 2109 814 2167 adplica
826 2107 1049 2166 postibus,
1071 2108 1147 2152 vel
1180 2111 1303 2153 necte
1334 2120 1544 2153 coronam
1568 2108 1626 2155 jin

627 2177 852 2221 ornatum
866 2172 1085 2229 postium.

692 2236 774 2283 53.
796 2249 898 2294 seq.
919 2234 1054 2280 Num
1070 2236 1275 2289 Iberina,
1293 2250 1438 2295 quam
1459 2239 1635 2287 ductu,-

627 2315 712 2350 rus
734 2314 787 2346 es
806 2313 1024 2352 uxorem,
1040 2302 1135 2351 (vel
1155 2314 1344 2359 verum,
1365 2303 1439 2347 vel
1463 2303 1632 2347 fictum

630 2378 821 2426 sponsae
868 2361 1066 2424 nomen)
1110 2377 1206 2409 uno
1243 2366 1347 2409 viro
1388 2372 1632 2418 contenta,

627 2433 679 2478 h.
702 2445 745 2476 e.
773 2434 905 2476 casta
940 2429 1049 2486 erit,
1082 2436 1137 2475 ut
1170 2436 1311 2487 putas
1343 2444 1399 2476 ac
1431 2430 1630 2489 speras?>

633 2497 795 2544 Immo
819 2508 930 2539 vero
951 2495 1075 2540 ocius
1095 2493 1211 2539 illud
1242 2496 1537 2555 extorquebis,
1558 2495 1632 2540 fa·

630 2562 770 2608 cilius
784 2560 916 2604 illam
930 2558 980 2603 in
998 2560 1122 2605 hanc
1135 2559 1334 2617 inpelles
1346 2566 1583 2615 mentem,
1592 2573 1631 2604 s.

628 2638 740 2672 eam
761 2624 1012 2683 pei-pelles,
1036 2630 1092 2671 ut
1114 2636 1206 2674 uno
1232 2623 1373 2678 oculo,
1395 2638 1544 2683 quam
1578 2630 1634 2672 ut

633 2703 732 2736 uno
754 2690 875 2744 viro,
897 2691 1104 2733 contenta
1124 2688 1200 2732 sit.
1266 2687 1505 2733 Nonnulli
1528 2695 1636 2746 post

632 2753 807 2814 subjicit
837 2759 1071 2810 punctum
1097 2752 1171 2797 vel
1205 2752 1399 2810 signum
1430 2752 1637 2799 exclam-

632 2825 842 2877 ponunt,
865 2821 921 2861 ut
943 2815 1164 2871 Postumi
1187 2817 1282 2859 sint
1299 2818 1470 2862 verba=
1505 2816 1637 2864 Unus

630 2883 834 2930 Iber-ina·
871 2881 947 2924 vir
982 2880 1177 2938 sulficit,
1214 2879 1262 2923 h.
1296 2893 1338 2922 e.
1373 2893 1481 2928 mea
1514 2891 1639 2930 uxor

631 2953 767 2991 casta
786 2951 858 2990 est
880 2944 957 2988 vel
978 2944 1089 2998 erit,
1111 2951 1159 2988 et
1181 2955 1327 2997 erras,
1344 2943 1429 3002 qui
1450 2944 1635 2993 nnllam

636 3009 840 3055 inveniri
863 3016 1005 3065 putas
1026 3007 1266 3065 pudicam.

702 3070 909 3117 55-59.
942 3074 1008 3116 At
1057 3071 1185 3116 dicat
1236 3073 1396 3118 forsan
1444 3074 1637 3132 aliquis,

635 3137 871 3195 virginem
890 3136 964 3181 vel
983 3142 1251 3182 matronam
1276 3137 1637 3188 ruri.vivente1n

635 3201 814 3264 (qualis
827 3201 948 3244 forte
960 3213 1135 3259 sponsa
1145 3200 1237 3245 fuit
1252 3198 1488 3261 Postumi)
1503 3203 1642 3247 casti-

636 3271 786 3312 tatem
811 3277 1019 3321 servare,
1045 3270 1092 3308 et
1125 3265 1174 3308 in
1209 3266 1355 3325 agris,
1381 3266 1462 3309 ubi
1483 3279 1643 3312 mores

635 3330 820 3387 minus,
838 3342 984 3389 quam
1002 3330 1054 3374 in
1074 3329 1262 3387 oppidis
1283 3331 1506 3387 conrupti
1523 3330 1640 3385 sint,

635 3394 863 3440 mulieres
893 3394 1039 3439 etiam
1075 3407 1205 3439 nunc
1237 3395 1480 3452 pudicitiae
1503 3394 1644 3442 laude

635 3460 915 3518 conspicuas
931 3458 1145 3518 reperiri.
1207 3458 1396 3506 Audict
1432 3460 1517 3505 sed
1533 3472 1643 3517 quae

631 3526 687 3578 in
718 3537 835 3582 agro
866 3529 997 3569 caste
1029 3523 1169 3579 vixit,
1203 3523 1272 3570 ita
1302 3524 1451 3569 etiam
1474 3522 1645 3570 Gabiis

635 3593 686 3632 et
717 3587 930 3644 Fidenis,
971 3588 1020 3632 h.
1055 3601 1099 3634 e.
1130 3588 1180 3633 in
1225 3589 1433 3647 oppidis,
1473 3588 1637 3634 vivat!

636 3651 750 3703 (nisi
770 3652 912 3696 malis
927 3668 942 3697 ε
976 3658 1027 3697 at
1049 3652 1218 3697 eadem
1240 3653 1434 3706 mulier,
1454 3666 1567 3711 quae
1587 3653 1638 3696 in

636 3727 752 3773 agro
774 3722 902 3760 caste
926 3715 1066 3773 vixit,
1078 3712 1185 3775 jam
1211 3718 1339 3762 vivat
1360 3717 1411 3762 in
1429 3716 1641 3775 oppidis,

638 3791 933 3836 quamquam
951 3781 1111 3838 parvis
1126 3793 1182 3826 ac
1197 3782 1414 3835 desertis,
1429 3782 1506 3826 vel
1524 3781 1644 3825 adeo

636 3843 843 3895 Romae3
876 3845 1119 3900 quomodo
1151 3851 1257 3888 tum
1281 3845 1410 3889 vivet
1424 3846 1470 3901 ἲ)
1503 3844 1571 3889 Et
1592 3846 1643 3889 in

637 3906 783 3965 agello
794 3907 990 3964 quidem
996 3911 1191 3965 paterno
1203 3921 1310 3952 eam
1324 3916 1455 3953 caste
1468 3908 1645 3953 vixisse

637 3970 761 4027 cedo,
791 3969 1028 4015 concedoz
1079 3969 1196 4024 Quis
1226 3976 1379 4017 tamen
1408 3972 1640 4033 adfirmet,

638 4035 915 4088 contendat,
950 4034 998 4077 in
1030 4035 1255 4080 montibus
1284 4039 1365 4080 aut
1396 4036 1639 4095 speluncis,

638 4112 755 4158 agro
776 4105 976 4157 paterno
993 4099 1181 4153 vicinis,
1200 4106 1267 4155 et,
1284 4099 1325 4143 si
1347 4113 1442 4145 non
1461 4100 1641 4158 palam,

637 4169 766 4208 certe
788 4163 935 4219 clam,
957 4161 1081 4206 nihil
1106 4163 1322 4222 inpudici
1353 4177 1466 4209 cum
1496 4172 1550 4208 et
1580 4167 1641 4211 ab

637 4241 692 4273 ea
705 4231 877 4282 actum,
895 4239 984 4272 nec
1001 4231 1223 4287 stuprum
1239 4228 1282 4273 ei
1301 4227 1505 4276 inlatum
1520 4230 1645 4274 esse'!

639 4291 835 4338 Mutata
861 4291 1167 4348 distinctione
1200 4292 1268 4338 ita
1299 4293 1644 4351 expeditiorem

1688 1529 1784 1574 h.1.
1798 1530 2087 1574 sententiam
2104 1530 2274 1575 fecisse
2284 1529 2407 1574 mihi
2421 1529 2600 1574 videor.
2630 1528 2697 1572 At

1689 1593 1811 1638 forte
1833 1593 1925 1652 leg.
1954 1594 2087 1639 Vivet
2105 1594 2519 1649 Gabii1,(vlvetne
2537 1593 2589 1638 in
2611 1604 2696 1650 op·

1690 1658 1838 1716 pidis,
1869 1671 2165 1717 quamquam
2200 1658 2358 1716 parvis
2391 1671 2451 1702 ac
2479 1658 2699 1707 desertis,

1694 1723 1873 1767 nedum
1888 1721 2080 1778 Romoe)
2094 1726 2147 1767 ut
2163 1723 2285 1766 visit
2296 1723 2482 1780 magro
2495 1720 2522 1766 9
2567 1721 2699 1766 Vivet

1692 1786 1761 1830 ita
1776 1785 2011 1847 Fidenis?
2051 1787 2118 1831 Et
2142 1785 2288 1846 agello
2307 1793 2400 1832 cet.
2422 1787 2567 1833 Gabii
2587 1798 2702 1844 opp.

1694 1848 1839 1903 Latii,
1860 1860 1907 1895 et
1923 1850 2114 1896 Fidenoe
2131 1852 2438 1896 Sabinorum.
2489 1850 2702 1908 Utraque

1693 1915 1806 1960 urbs
1824 1917 1995 1961 Romae
2013 1916 2299 1975 propinqua,
2314 1925 2363 1959 et
2386 1916 2502 1959 olim
2522 1927 2701 1973 magna

1692 1978 1786 2025 fuit
1803 1993 1858 2024 ac
1874 1979 2118 2036 frequens,
2134 1981 2215 2025 sed
2234 1988 2397 2036 postea
2413 1979 2644 2038 ignobilis
2654 1983 2704 2023 et

1693 2044 1894 2091 deserta.
1950 2043 2028 2089 Cf.
2065 2043 2152 2088 inf.
2186 2042 2255 2088 X.
2293 2043 2401 2090 100.
2441 2052 2491 2087 et
2529 2043 2707 2089 Horat.

1692 2107 1847 2165 Epist.
1868 2109 1908 2153 Ι.
1936 2107 2011 2154 11.
2038 2108 2085 2154 7.
2100 2107 2149 2152 8.

1761 2171 1840 2218 59.
1872 2172 2064 2230 Jupiter
2093 2177 2137 2216 et
2159 2172 2315 2225 Mars,
2340 2176 2424 2231 qui
2449 2173 2503 2217 in
2525 2171 2702 2216 monti·

1696 2238 1809 2294 bus,
1839 2236 2080 2294 speluncis
2110 2238 2353 2296 sylvisque
2387 2245 2461 2281 tot
2495 2236 2704 2294 virgines

1696 2301 1973 2359 conrupisse
1995 2300 2241 2357 dicuntur,
2255 2302 2420 2347 adeone
2439 2303 2705 2355 senuerunt,

1697 2366 1878 2412 adeone
1894 2364 2081 2409 ‘viribus
2103 2378 2203 2423 prae
2217 2371 2466 2411 senectute
2481 2364 2703 2410 exhausti

1697 2437 1831 2487 sunt,
1853 2435 1906 2476 ut
1932 2442 2025 2473 non
2049 2429 2258 2488 amplius
2280 2430 2434 2476 amori
2455 2430 2705 2488 indulgere

1697 2494 1918 2553 possint?
1952 2494 2002 2539 h.
2026 2507 2069 2539 e.
2088 2501 2309 2552 putasne,
2325 2495 2426 2539 ruri
2450 2502 2500 2542 et
2516 2495 2569 2539 in
2590 2494 2703 2539 locis

1698 2560 1963 2617 agrestibus
1981 2572 2076 2604 non
2095 2561 2322 2618 amplius,
2332 2565 2392 2604 ut
2403 2559 2521 2604 olim
2541 2554 2705 2618 etjam

1699 2623 2048 2682 antiquissimis
2070 2625 2388 2682 temporibus,
2412 2623 2501 2686 (cf.
2525 2621 2705 2668 Tibull.

1701 2686 1773 2734 11.
1807 2686 1847 2731 1.
1882 2686 1963 2732 67.
1994 2685 2121 2747 seq.)
2163 2696 2330 2746 stupra
2373 2701 2430 2733 ac
2469 2686 2706 2734 adulteria

1701 2751 1961 2807 committi,
1978 2765 2240 2810 omnesque
2255 2753 2323 2797 ibi
2339 2753 2554 2797 moechos
2569 2761 2705 2796 senes

1699 2827 1825 2872 esse,
1861 2828 2075 2875 quorum
2120 2821 2313 2875 pectora
2352 2830 2450 2862 non
2496 2816 2705 2874 amplius

1701 2881 1879 2926 amoris
1913 2881 2106 2939 ignibus
2136 2880 2466 2927 incalescant?
2535 2879 2709 2926 Facete

1701 2945 1830 2990 enim
1846 2951 2005 3003 poeta,
2020 2958 2131 3003 quae
2151 2947 2216 2990 ad
2236 2946 2450 2990 moechos
2469 2949 2705 3003 spectant.

1701 3005 1814 3054 Jovi
1847 3008 2091 3067 Martique
2122 3010 2310 3066 tribuit,
2344 3016 2395 3056 et
2432 3010 2707 3058 hominum.

1701 3086 1798 3118 non
1821 3074 2022 3118 deorum
2044 3087 2230 3119 amores
2260 3080 2510 3133 poetarum
2533 3071 2706 3118 fabulis

1702 3137 1931 3194 declarari
1953 3138 2128 3184 innuit.
2180 3138 2410 3184 Similiter
2430 3136 2614 3183 Seneca
2630 3149 2707 3193 ap·

1703 3199 1928 3250 Lactant.
1944 3201 1982 3246 1.
2002 3202 2072 3247 16.
2088 3201 2214 3255 Quid
2223 3216 2331 3262 ergo
2341 3207 2427 3259 est,
2435 3199 2711 3261 qum-capud

1699 3270 1860 3323 poetae
1873 3266 2179 3311 salacissimus
2197 3268 2389 3326 Jupiter
2403 3267 2591 3312 desierit
2603 3264 2707 3310 libe-

1702 3341 1782 3380 ,ros
1805 3329 1956 3376 tolsere
1968 3328 1996 3374 2
2030 3333 2190 3376 utrum
2209 3330 2710 3391 sea-ogsnarimfactm

1708 3396 1794 3450 est,
1818 3401 1864 3439 et
1887 3393 1961 3438 illi
1981 3394 2053 3438 lex
2075 3394 2225 3454 Papia
2233 3396 2431 3456 fibulam
2446 3392 2695 3454 inposuit?

1773 3458 1857 3505 60.
1873 3467 2007 3517 seqq.
2043 3456 2191 3504 Poeta
2214 3456 2321 3519 jam
2354 3460 2585 3505 describit
2605 3459 2710 3505 libi·

1707 3522 1844 3567 dines
1856 3523 2116 3568 mulierum
2128 3525 2271 3569 Rom.
2288 3538 2346 3570 ae
2360 3525 2577 3583 primum
2593 3524 2712 3579 loca,

1704 3600 1824 3645 quas
1867 3588 2192 3645 frequentent,
2234 3595 2285 3632 et
2336 3589 2421 3634 ubi
2463 3595 2599 3635 casta
2638 3601 2710 3634 re·

1705 3652 1916 3709 periatur
1933 3653 2081 3697 nulla.
2106 3651 2182 3697 De
2198 3653 2294 3710 his,
2309 3654 2411 3699 scil.
2431 3653 2711 3711 porticibus,

1678 3716 1929 3772 ·theatriS,
1964 3716 2120 3770 circis,
2160 3717 2294 3771 foris,
2331 3719 2397 3764 cf.
2428 3717 2576 3762 simil.
2619 3717 2711 3764 loc.

1708 3779 1849 3828 Ovid.
1872 3782 1977 3825 Art.
2002 3782 2117 3826 Am.
2149 3782 2194 3827 Ι.
2223 3781 2303 3827 49.
2336 3795 2436 3841 seq.
2469 3779 2713 3829 67-264,

1696 3844 1792 3888 nbi
1836 3847 2024 3903 copiose
2064 3847 2225 3901 docet,
2250 3846 2481 3906 frequens
2520 3860 2613 3906 quo
2646 3848 2711 3892 sit

1698 3906 1855 3967 puella
1874 3909 1991 3966 loco,
2004 3915 2052 3954 et
2067 3907 2187 3955 unde
2203 3910 2329 3970 legas
2342 3910 2461 3969 quod
2474 3924 2622 3968 ames,
2634 3911 2712 3957 ubi

1705 3973 1829 4017 retia
1840 3987 1997 4033 ponas.
2030 3973 2249 4020 Porticus
2261 3975 2619 4034 ambulationes
2633 3989 2710 4021 co·

1703 4036 1803 4081 lum
1810 4038 1884 4082 nis
1899 4050 2144 4097 suspensae
2159 4040 2443 4097 exedrisque
2461 4040 2712 4087 instructa

1705 4100 1831 4146 circa
1860 4109 1909 4147 et
1942 4110 2055 4148 ante
2086 4100 2269 4161 templa
2289 4104 2589 4163 aedificiaque
2610 4112 2710 4151 tam

1705 4167 1897 4224 publica
1926 4179 2075 4226 quam
2107 4168 2311 4225 privata,
2336 4168 2485 4212 vel-in
2507 4169 2632 4215 atrio
2661 4173 2709 4217 et

1709 4230 1945 4288 inpluvio,
1964 4245 2076 4289 quae
2095 4232 2210 4276 solis
2228 4234 2450 4278 ardorem
2471 4232 2710 4291 pluviam·

1708 4307 1803 4356 que
1823 4296 2065 4343 arcebant.
2133 4294 2211 4342 61.
2232 4296 2505 4357 spectacula,
2526 4298 2710 4347 theatra
