2978 4920
1009 315 1453 381 SATIRA
1532 318 1642 379 VI.

2256 317 2379 385 131

377 501 665 579 BalteuS,
697 514 763 567 et
781 501 1075 579 manicae,
1106 512 1170 564 et
1200 500 1430 576 cristis,
1463 499 1793 586 crurisque
1824 499 2063 565 sinistri

376 604 734 669 Dimidium
763 603 1075 690 tegimen:
1124 601 1227 666 vel
1259 601 1310 665 si
1341 601 1591 666 diversa
1620 601 1904 667 movebit

378 707 635 783 Proelia,
666 718 740 770 tu
768 705 946 782 felix,
980 726 1192 768 ocreas
1223 701 1534 767 vendente
1561 703 1792 790 puella.

376 807 503 870 Hae
533 819 703 882 sunt,
735 828 882 892 quae
911 805 1091 869 tenui
1121 803 1352 868 sudant
1373 804 1450 867 'in
1480 805 1762 890 cyclade,
1793 828 2068 892 quarum

379 907 655 970 Delicias
684 919 747 971 et
779 905 1156 993 panniculus
1184 904 1604 989 bombycinus
1628 907 1775 970 urit.

379 1006 684 1092 Adspice,
715 1029 846 1092 quo
874 1005 1134 1070 fremitu
1165 1015 1545 1068 monstratos
1573 1007 1851 1092 perferat
1882 1007 2069 1086 ictuS‚

376 1109 467 1173 Et
500 1120 741 1194 quanto
768 1108 967 1194 galeae
998 1118 1301 1171 curvetur
1331 1106 1631 1191 pondere,
1664 1122 1909 1194 quanta

380 1210 742 1303 Poplitibus
771 1209 1007 1286 sedeat,
1039 1231 1232 1295 quam
1263 1206 1457 1270 denso
1486 1208 1682 1272 fascia
1710 1209 1896 1288 libro,

290 1396 489 1429 morum
524 1396 563 1430 s.
596 1383 1023 1430 instrumentorum
1058 1393 1305 1440 opumque

286 1443 403 1508 ejus
435 1448 586 1492 auctio
600 1447 717 1504 fiat,
755 1447 907 1498 fieret,
943 1448 1018 1491 vel
1052 1447 1093 1490 si
1126 1441 1305 1504 conjux

289 1525 444 1569 opum
460 1524 655 1557 suarum
672 1511 946 1555 auctionem
966 1511 1143 1555 faceret
1160 1509 1182 1555 ἓ
1201 1509 1305 1555 Sed

289 1575 402 1620 haec
426 1576 570 1621 verba
603 1576 672 1621 sic
705 1587 897 1633 quoque
929 1574 1162 1632 distingui
1194 1586 1303 1631 pos-

290 1646 443 1684 sunt:
482 1637 628 1690 Quale
650 1638 801 1689 decus,
824 1651 981 1683 rerum
1004 1640 1045 1683 si
1066 1644 1158 1683 cet.

362 1701 472 1748 256.
498 1703 620 1749 Haec
643 1710 757 1746 sunt
781 1715 914 1747 arma
936 1702 1237 1758 gladiatoria,
1255 1707 1304 1746 et

287 1768 492 1825 quidem
539 1767 705 1812 omnia
742 1765 1055 1819 Samnitium,
1094 1779 1299 1823 quorum

290 1838 615 1885 armaturam,
652 1836 706 1876 ut
740 1830 1044 1886 nobiliorem,
1070 1831 1194 1875 forte
1215 1831 1295 1875 ad·

288 1895 539 1941 sectabant
564 1896 761 1940 feminae
796 1894 993 1939 nobiles.
1029 1893 1173 1940 Conf.
1194 1908 1297 1939 om·

291 1959 415 2004 nino
447 1959 538 2004 loc.
574 1961 711 2004 class.
746 1959 806 2003 de
836 1959 982 2002 armis
1006 1958 1298 2004 Samnitium

291 2023 409 2068 Liv.
446 2021 544 2071 IX.
583 2021 663 2069 40.
698 2023 779 2068 ubi
811 2023 1001 2079 eadem,
1037 2037 1148 2081 quae
1182 2023 1228 2066 h.
1265 2023 1298 2068 1.

288 2100 435 2132 arma
456 2095 803 2138 memorantur,
827 2100 919 2130 non
945 2100 1057 2131 vero
1090 2087 1299 2140 municoe,

288 2152 383 2196 sed
413 2154 613 2196 ἱππέοιν-ἐ
648 2159 698 2197 et
733 2152 799 2195 ita
830 2151 883 2194 h.
916 2150 950 2195 1.
983 2157 1111 2196 recte
1144 2150 1304 2213 forsan

289 2216 416 2274 legit
441 2225 538 2261 vet.
566 2216 723 2261 Schol.
748 2215 840 2259 nisi
867 2215 1063 2258 manicae
1086 2214 1133 2258 h.
1152 2214 1183 2261 1.
1209 2228 1306 2260 non

288 2285 415 2325 sunt
445 2280 733 2325 chirothecae
765 2293 801 2323 s.
834 2274 1040 2342 χειςίῖις,
1068 2290 1306 2323 manuum

289 2346 536 2403 tegmina,
563 2342 700 2404 (quae
732 2344 926 2389 feminis
958 2344 1175 2401 quidem,
1210 2355 1303 2386 non

289 2421 415 2454 vero
438 2407 817 2465 gladIatoribus'
804 2420 852 2450 in
877 2420 968 2452 usu
1000 2407 1148 2451 fuisse
1172 2407 1306 2449 novi-

286 2469 437 2533 mus)
456 2472 538 2516 sed
562 2472 738 2516 tunicae
762 2470 1017 2516 manicatae
1034 2484 1073 2516 s.
1092 2471 1307 2516 manule-

287 2544 416 2589 atae,
458 2530 887 2600 xu413m0>‚quod
933 2548 1085 2593 genus
1130 2534 1309 2579 tunicae

287 2601 499 2646 mollius
522 2609 624 2645 erat
647 2600 937 2657 feminisque
969 2600 1128 2656 aptius
1162 2612 1309 2657 quam

285 2665 433 2711 viris,
471 2678 519 2711 v.
558 2665 680 2709 Geli.
719 2663 840 2709 v11.
883 2663 957 2709 12.
1000 2664 1201 2707 Casaub.
1247 2664 1308 2707 ad

290 2730 499 2775 Sueton.
521 2728 646 2776 Caes.
669 2728 748 2774 45.
774 2736 822 2773 et
844 2728 1008 2787 Intpp.
1030 2726 1172 2785 Virg.
1194 2726 1303 2771 AEn.

290 2793 393 2839 IX.
408 2793 517 2840 616.
542 2792 729 2839 Tunica
741 2806 854 2838 vero
871 2792 1133 2851 eaquessola
1146 2791 1306 2836 induti

291 2864 441 2903 erant
463 2858 658 2911 retiarii,
682 2861 750 2909 (v.
772 2858 831 2902 ad
857 2857 923 2901 11.
952 2855 1058 2901 143.
1082 2862 1129 2900 et
1154 2854 1301 2899 VIII.

292 2920 647 2977 200-208.)et
659 2922 820 2983 forsan
830 2921 909 2965 alii
923 2934 1117 2980 quoque
1122 2919 1304 2979 gladia-

294 2994 447 3030 tores.
475 2985 645 3032 Craris
656 2985 834 3031 sinistri
848 2984 1092 3030 dimidium
1109 2984 1307 3042 tegimen

292 3065 339 3095 s.
359 3056 559 3109 tegmen,
571 3062 724 3103 ocrea,
739 3061 834 3107 qua
851 3047 1095 3098 dimidium
1111 3060 1221 3093 crus
1237 3053 1308 3092 te—

293 3116 528 3175 gebatur,
547 3118 596 3158 et
613 3114 808 3172 quidem
831 3113 1095 3169 sinistrum,
1111 3112 1239 3170 quod
1256 3111 1305 3155 in

294 3192 470 3237 pugna
488 3177 563 3221 vel
586 3177 848 3222 certamine
869 3176 1098 3234 singulari
1117 3181 1309 3232 proten·

297 3244 451 3288 ditur.
476 3242 577 3294 (cf.
598 3241 708 3287 Liv.
722 3243 756 3285 l.
774 3243 808 3285 l.
825 3241 906 3287 Sil.
926 3240 1021 3285 111.
1038 3239 1148 3286 279.
1168 3238 1308 3284 vm.

296 3306 417 3354 419.
455 3306 629 3366 Heyne
660 3306 721 3350 ad
745 3304 886 3365 Virg.
919 3304 1032 3348 AEn.
1054 3303 1174 3349 VII.
1197 3303 1311 3350 689.

298 3378 352 3416 et
374 3372 425 3416 in
451 3370 573 3416 Exc.
598 3367 771 3426 VIII.)
806 3367 997 3427 Reliqui
1021 3368 1310 3426 gladiatores

293 3441 565 3493 utrumque
598 3446 707 3479 crus
740 3434 889 3478 ocreis
913 3433 1156 3491 tegebant,
1180 3432 1311 3478 unde

294 3513 419 3545 mox
442 3504 583 3557 poeta
611 3510 765 3543 ocreas
785 3498 836 3542 in
861 3498 987 3556 plur.
1011 3509 1148 3543 num.
1169 3496 1309 3550 dixit,

297 3564 351 3608 εἰ
381 3577 505 3609 uxor
536 3562 716 3608 diversa
748 3575 777 3607 a
799 3561 1092 3607 Samnitium
1125 3573 1308 3619 pugna,

295 3625 381 3673 vel
404 3628 546 3672 varia
565 3615 766 3672 aliorum
800 3626 1116 3686 gladiatorum
1144 3623 1321 3686 proelia'

297 3696 467 3746 movet.
493 3689 708 3755 ιῖςυηκὸς
733 3699 914 3743 autem,
939 3694 995 3734 ut
1013 3690 1217 3748 reliqua,
1241 3692 1309 3739 tu,

296 3756 478 3801 marite
482 3757 629 3817 ,fili-t·
648 3755 979 3814 praedicandus
996 3767 1064 3805 οε.
1081 3754 1309 3812 quoniam

299 3826 412 3865 tum
438 3834 559 3865 uxor
581 3833 678 3866 non
695 3832 864 3873 unam,
883 3819 966 3863 sed
982 3818 1162 3878 plures
1160 3829 1313 3862 ocreae

297 3885 355 3929 in
378 3886 600 3930 auctione
624 3884 803 3929 vendit.
828 3881 1003 3941 puella,
1026 3894 1175 3927 uxore
1196 3881 1312 3929 ado-

299 3949 585 3999 lescentula·
610 3962 654 3998 v.
679 3949 739 3993 ad
762 3947 834 3993 11.
853 3945 961 3994 59.

368 4011 479 4059 258.
500 4012 547 4058 9.
570 4009 767 4058 Eaedem
791 3989 1038 4068 mulieres,
1054 4023 1164 4069 quae
1181 4010 1308 4055 viro-

297 4087 414 4123 rum
437 4078 584 4122 robur
604 4084 653 4123 et
670 4076 1051 4130 exercitationes,
1068 4070 1225 4120 etiam
1236 4075 1311 4118 in·

297 4142 547 4196 honestas,
585 4146 847 4194 sectantur,
886 4147 935 4186 et
978 4146 1078 4188 tam
1124 4139 1312 4184 fort-iter

300 4218 442 4249 arma
462 4211 689 4257 tractant,
714 4217 802 4250 nec
836 4204 1063 4250 ullumin
1088 4204 1215 4260 turpi
1238 4202 1311 4247 fa·

298 4268 467 4314 cinore
489 4271 705 4315 sentiunt
727 4266 961 4321 laborem,
976 4268 1024 4312 in
1047 4268 1152 4330 aliis
1169 4267 1311 4314 rebus

296 4334 696 4396 temporibusque
705 4332 969 4398 femineam
975 4333 1185 4390 produnt
1194 4332 1307 4395 mol

1369 1381 1542 1434 litiem,
1566 1388 1614 1427 et
1638 1389 1740 1427 tam
1764 1384 1983 1430 delicatoe
2005 1392 2137 1441 sunt,
2162 1393 2217 1431 ut
2239 1392 2378 1432 tenu·

1369 1445 1548 1490 issimis
1570 1447 1784 1492 vestibus
1805 1449 1990 1494 indutae
2010 1451 2203 1498 sudent.
2233 1450 2307 1496 cf.
2332 1446 2375 1496 1.

1368 1509 1576 1555 27-29.
1601 1516 1650 1556 et
1673 1512 1732 1556 ad
1761 1511 1826 1558 11.
1850 1511 1929 1558 65.
1947 1525 2048 1573 seq.
2090 1513 2275 1573 Cyclas,
2296 1531 2379 1561 u·

1369 1573 1509 1631 κλὰς,
1523 1575 1685 1620 tunica
1703 1577 1952 1621 muliebris
1955 1573 2123 1639 ,cujus
2135 1591 2269 1624 oram
2292 1592 2376 1625 ex·

1372 1645 1575 1683 tremam
1594 1639 1837 1685 ambiebat
1855 1643 2126 1700 paragauda
2141 1655 2178 1686 s.
2195 1642 2379 1688 limbus

1369 1715 1486 1748 auro
1498 1703 1731 1760 intextus,
1743 1705 1882 1763 eique
1896 1705 1945 1749 in
1961 1707 2184 1759 circuitu,
2198 1702 2362 1767 κόκλᾳ

1367 1767 1585 1813 adsutus.
1611 1781 1655 1811 v.
1681 1768 1849 1813 Burm.
1873 1770 1932 1813 ad
1956 1772 2091 1829 Prop-
2117 1769 2214 1817 IV.
2232 1770 2276 1816 7.
2293 1769 2377 1817 40.

1366 1843 1415 1889 p.
1440 1830 1551 1877 836.
1585 1830 1791 1889 delicias,
1813 1833 2098 1890 delicatum,
2123 1835 2287 1888 molle,
2305 1841 2380 1881 te-

1365 1907 1634 1953 nerumque
1657 1909 1841 1955 corpus».
1884 1899 2166 1955 panniculus
2197 1898 2378 1957 bomby-

1365 1960 1515 2011 cinus,
1541 1960 1685 2005 vestis
1707 1974 1748 2007 s.
1770 1962 2017 2008 indusium
2053 1968 2198 2008 tenue
2219 1976 2247 2007 e
2268 1962 2378 2008 telis

1368 2024 1657 2082 bombycum
1704 2038 1989 2071 araneorum
2033 2027 2180 2071 modo
2213 2026 2373 2071 textis.

1366 2085 1443 2130 De
1462 2088 1634 2145 triplici
1652 2102 1826 2147 genere
1845 2092 2153 2149 bombycum,
2172 2091 2254 2150 qui
2269 2103 2377 2134 om-

1372 2163 1457 2195 nes
1492 2158 1594 2196 toto
1625 2166 1817 2210 genere,
1839 2161 1965 2207 ortu,
1990 2154 2164 2210 forma,
2189 2156 2303 2200 nido
2325 2160 2376 2200 et

1370 2227 1514 2272 opere
1536 2216 1765 2260 differunt
1789 2231 1819 2262 a
1840 2217 2116 2262 vermiculis
2139 2218 2315 2264 nostris
2337 2232 2378 2265 s.

1370 2279 1537 2331 moris,
1572 2292 1598 2324 e
1631 2281 1806 2337 quibus
1839 2282 2042 2326 sericum
2079 2283 2358 2339 ducitur,v
2328 2297 2375 2328 v.

1371 2342 1700 2388 Aristot.hist.
1717 2345 1865 2388 anim.
1882 2344 2034 2391 V.18.
2053 2344 2127 2390 19.
2144 2345 2378 2394 Pumxl.

1373 2404 1449 2450 22.
1474 2413 1522 2450 et
1543 2407 1622 2453 23.
1643 2407 1803 2467 ibique
1824 2408 2060 2453 Harduin.
2085 2411 2201 2463 mit,
2216 2424 2378 2471 propr.

1372 2470 1475 2514 ferx
1478 2472 1649 2525 efacit·
1697 2474 1771 2517 vel
1804 2474 1950 2518 etiam
1988 2481 2148 2531 vexat,
2183 2477 2377 2534 premit,

1373 2535 1570 2579 cruciat.

1440 2597 1552 2644 261.
1588 2612 1717 2657 seqq.
1764 2601 2004 2658 Graphica
2051 2602 2306 2660 descriptio
2337 2616 2376 2648 s.

1372 2661 1536 2719 imago
1570 2676 1744 2722 pugnae
1773 2664 2068 2723 gladiatoriae
2096 2666 2379 2720 mulierum,

1372 2731 1427 2769 ut
1452 2726 1664 2771 virorum
1689 2729 1777 2773 inf.
1800 2727 1947 2772 VIII.
1974 2728 2085 2776 200.
2111 2742 2245 2788 seqq.
2276 2728 2378 2775 Ad-

1369 2790 1507 2847 spice,
1531 2805 1616 2850 quo
1632 2790 1855 2849 fremitu,
1890 2792 2120 2849 clamore,
2140 2793 2380 2852 anhelitu,

1367 2854 1550 2912 gemitu
1565 2863 1610 2899 et
1626 2856 2097 2911 vociferationefictuae
2107 2861 2382 2904 monstratos

1369 2930 1398 2961 a
1422 2919 1595 2964 lanista
1617 2920 1961 2978 gladiatoribus
1984 2924 2060 2973 (ut
2088 2921 2327 2967 militibus
2347 2935 2383 2968 a

1370 2983 1745 3044 campidoctore)
1769 2983 1988 3045 perferat,
2013 2985 2283 3031 adversario
2302 2987 2383 3031 in-

1331 3078 1336 3084 .
1370 3045 1509 3092 ferat.
1555 3045 1634 3092 Ita
1650 3054 1699 3093 et
1719 3062 1835 3106 mox
1853 3063 1902 3095 v.
1918 3048 2027 3095 267.
2047 3048 2108 3093 ad
2119 3049 2283 3108 palum
2294 3064 2380 3109 ge·

1372 3111 1460 3154 mit
1492 3124 1642 3157 uxor.-
1687 3124 1823 3169 nam,
1853 3118 1909 3158 ut
1948 3119 2057 3159 utar
2087 3114 2245 3159 verbis
2278 3114 2377 3161 Cic.

1374 3171 1519 3219 Tusc.
1539 3174 1630 3227 Qu.
1652 3175 1717 3221 11.
1736 3174 1815 3221 23.
1834 3182 1963 3224 extr.
1979 3177 2303 3236 ingemiscunt,
2323 3188 2379 3226 ut

1373 3250 1420 3282 se
1440 3238 1678 3286 intendam
1708 3239 1769 3284 ad
1784 3241 2079 3301 firmitatem,
2101 3254 2305 3287 cursores
2325 3244 2379 3290 in

1373 3302 1521 3348 stadio
1540 3303 1860 3361 exclamantes,
1881 3318 2018 3365 quam
2042 3305 2245 3350 maxime
2268 3319 2375 3364 pos-

1374 3370 1500 3420 mnt,
1523 3366 1722 3425 athletoe,
1743 3382 1882 3427 quum
1902 3372 2179 3421 exercentur,
2193 3369 2380 3426 pugiles

1375 3443 1481 3474 vero
1502 3431 1661 3488 eiiam,
1681 3445 1822 3490 quum
1832 3430 2021 3492 feriunt
2041 3430 2378 3488 adversarium,

1375 3493 1667 3553 ivn-iactandis
1683 3494 1916 3549 coestibm3
1940 3508 2050 3548 non,
2065 3495 2188 3553 quod
2200 3492 2380 3543 doleant

1376 3559 1584 3602 animove
1615 3557 1927 3614 subcumbam,
1949 3557 2025 3603 sed
2045 3558 2153 3617 quia
2177 3557 2377 3619 prqfun-

1373 3620 1519 3666 denda
1541 3634 1644 3666 voce
1661 3634 1791 3666 omne
1811 3635 1974 3681 corpur
2003 3621 2281 3681 intenditur,
2301 3640 2377 3672 ve-

1372 3685 1529 3744 nitque
1543 3685 1684 3744 plaga
1705 3684 2020 3732 vehementior.
2045 3686 2122 3732 ef.
2139 3686 2252 3732 ibid.
2271 3702 2378 3750 cap

1374 3749 1455 3795 24.
1521 3748 1628 3797 262.
1654 3747 1800 3796 Galea
1816 3763 1984 3796 omnes
2002 3752 2260 3796 utebantur
2274 3755 2378 3813 gla-

1374 3807 1583 3859 diatores
1621 3820 1795 3873 praeter
1836 3815 2100 3861 retiarium.
2141 3823 2379 3877 θυννείων,

1375 3891 1507 3954 non,
1520 3887 1573 3923 ut
1604 3880 1731 3924 ictus
1762 3880 1986 3933 declinet,
2010 3880 2094 3927 sed
2125 3880 2240 3941 quia
2272 3890 2376 3929 tam

1372 3944 1534 4001 gravis
1547 3951 1619 3988 est
1637 3944 1786 4005 galea.
1818 3948 2006 4003 quanta,
2021 3958 2166 4003 quam
2183 3948 2380 4003 grandis

1373 4020 1429 4053 ac
1444 4008 1582 4059 firma
1595 4023 1635 4055 s,
1655 4007 1824 4053 valida.
1882 4008 1991 4056 263.
2007 4008 2284 4068 Poplitilms,
2296 4024 2381 4068 ge-

1375 4073 1518 4117 nibus
1539 4074 1706 4131 positis
1733 4086 1770 4116 s.
1799 4072 1951 4127 flexis,
1974 4073 2141 4129 sedeat,
2163 4074 2378 4127 subsidat

1374 4138 1423 4181 in
1448 4149 1487 4182 s.
1510 4140 1600 4183 sub
1633 4138 1785 4195 clipeo
1818 4137 2016 4195 aliisque
2048 4135 2213 4189 armis,
2244 4150 2378 4183 more

1374 4201 1700 4256 mirmilloniS,
1736 4201 1994 4257 pugnantis
2026 4211 2140 4244 cum
2173 4200 2378 4264 Threce,

1374 4266 1455 4322 qui
1482 4271 1650 4310 contra
1682 4258 1902 4318 ἱτιέαἰνιι,
1926 4262 2132 4320 insurgit
2164 4264 2212 4307 in
2246 4276 2379 4312 eum.

1376 4329 1449 4373 Cf.
1469 4328 1602 4385 Lips.
1622 4328 1815 4378 Saturn.
1834 4328 1985 4372 Serm.
2007 4325 2073 4372 11.
2092 4325 2169 4372 10.
2190 4333 2237 4375 et
2254 4327 2313 4374 de
2330 4331 2379 4378 vi

1495 4392 1596 4450 82
