2978 4920
566 333 650 391 xii
1148 329 1259 389 DE
1299 325 1700 386 SATlluols
1744 326 2031 386 POETIS

566 498 685 557 ista
707 512 895 573 neque
932 496 1134 554 divisio
1171 498 1247 552 ab
1284 497 1407 573 ipso
1432 504 1603 572 poeta
1625 494 1848 553 videtur
1872 492 2145 571 prosecta,
2169 506 2232 554 et
2255 495 2384 553 haee
2407 486 2635 570 quoque

567 612 769 670 parum
795 597 932 671 apta
954 603 1063 661 est,
1088 594 1250 667 (nam
1272 594 1525 669 plerique
1549 611 1665 649 non
1689 593 1801 651 nisi
1834 603 1949 650 tres
1988 593 2284 651 continent
2318 594 2550 662 satiras,
2573 609 2627 651 et

571 689 854 748 secundus
906 708 1079 753 unam
1108 690 1384 764 tantum)
1429 707 1466 745 a
1510 689 1672 746 nobis
1712 698 1908 747 tamen
1952 700 2200 757 servata,
2241 688 2394 769 quod
2427 690 2556 763 jam
2598 706 2640 745 a

572 788 865 845 Prisciano
908 797 969 846 et
1007 797 1120 844 vet.
1170 785 1363 844 Schol.
1386 786 1486 844 'ad
1530 785 1656 844 Sat.
1701 783 1810 841 III.
1846 786 1981 843 240.
2035 787 2097 843 1ιί
2139 786 2269 843 libri
2309 786 2640 844 laudantur.

574 877 724 939 Illud
746 887 972 957 quoque'
1007 880 1215 939 Satira
1239 886 1444 939 nomen
1469 900 1509 938 a
1535 879 1943 939 Grammaticis
1981 881 2214 939 demum
2246 881 2490 958 singulis
2514 878 2640 937 Ho-

572 977 725 1045 ratii,
755 974 938 1034 Persii
963 985 1023 1033 et
1047 974 1347 1034 Juvenalis
1386 977 1738 1035 carminibus
1777 975 2022 1034 inditum
2061 986 2151 1053 est
2168 994 2187 1033 ε
2230 994 2364 1032 nam
2403 976 2539 1033 olim
2578 984 2642 1031 et

572 1070 815 1147 primum
854 1070 1103 1145 integros
1142 1070 1445 1127 satirarum
1483 1069 1675 1138 libros,
1701 1087 1815 1125 non
1854 1069 2057 1127 horum
2082 1068 2290 1127 diversi
2313 1066 2643 1144 argumenti

444 1188 465 1198 ⁸
573 1165 872 1233 sectiones,
920 1161 1272 1239 significasse
1334 1162 1577 1220 videtur.
1659 1159 1849 1220 Gellio
1912 1172 2065 1221 certe
2130 1164 2312 1221 satira
2366 1160 2644 1218 Varronis

575 1259 776 1319 eadem
817 1258 868 1318 I.
907 1259 1004 1315 22.
1044 1260 1230 1318 satira
1266 1268 1327 1317 et
1372 1257 1542 1315 XIII.
1597 1257 1689 1315 II.
1730 1257 1873 1323 liber
1911 1260 2155 1329 dicitur;
2207 1278 2390 1335 neque
2426 1259 2643 1327 obstat,

573 1356 724 1431 quod
750 1354 965 1414 Lucilio
990 1342 1163 1411 XXX
1195 1357 1499 1413 satirarum
1537 1353 1665 1411 libri
1706 1355 2050 1426 tribuuntur,
2076 1357 2349 1431 quoniam
2386 1354 2547 1423 liber,
2574 1365 2643 1411 ut

518 1452 521 1455 ’
576 1450 741 1509 modo
765 1450 980 1517 monui,
1005 1468 1430 1526 nonnumquam
1469 1467 1647 1506 unam
1689 1458 1921 1508 tantum
1950 1460 2133 1509 tresve
2158 1451 2366 1509 satiras
2390 1467 2643 1526 compre·

578 1545 900 1603 hendebat:
944 1545 1053 1600 nisi
1092 1545 1298 1602 exinde
1335 1546 1525 1620 potius
1564 1544 1848 1620 conligere
1886 1545 2041 1614 licet,
2065 1546 2309 1603 satiram
2347 1557 2407 1604 et
2433 1543 2648 1602 librum

580 1638 987 1699 Grammaticis
1009 1657 1354 1713 synonyma·
1378 1637 1554 1696 fuisse
1577 1657 1761 1697 voces.
1816 1638 1910 1696 Cf.
1941 1638 2143 1700 Horat.
2171 1640 2355 1719 Epist.
2384 1639 2432 1697 I.
2467 1639 2558 1719 13.
2581 1643 2643 1696 4.

963 1859 1009 1925 ς.
1056 1852 1163 1910 111.
1218 1854 1311 1912 De
1338 1852 1607 1912 Satiricis
1632 1853 2017 1912 Romanorum
2035 1857 2236 1933 poetis.

658 1984 795 2054 Jam
839 1996 1083 2053 breviter
1122 1995 1534 2054 recensebimus
1573 2005 1790 2070 poetas,
1837 1996 1935 2069 qui
1981 1996 2129 2053 inter
2173 1997 2432 2076 satiricos
2474 1997 2647 2072 vulgo

579 2089 912 2159 referuntur,
964 2099 1029 2146 ut
1067 2091 1309 2164 juvenes
1358 2091 1732 2166 potissimum,
1785 2091 1949 2147 lectis
2000 2092 2088 2148 vel
2148 2090 2359 2148 auditis
2422 2092 2647 2151 illorum

579 2187 917 2254 nominibus,
944 2204 1134 2244 veram
1157 2176 1350 2242 *eorum
1376 2185 1641 2253 indolem,
1667 2194 1726 2242 et
1767 2184 2019 2243 diversas
2059 2187 2252 2255 simul,
2276 2205 2424 2262 quas
2450 2185 2648 2244 Satira

578 2280 824 2339 induerit
859 2282 1076 2356 sensim
1118 2281 1356 2356 specieS,
1397 2289 1721 2356 perspectas
1767 2281 2035 2337 habeant.
2122 2279 2291 2346 Quod
2341 2281 2644 2339 consilium

579 2377 781 2451 vellem
831 2376 1162 2434 adcuratius
1211 2375 1402 2452 perfici
1452 2385 1661 2452 posset.
1760 2373 1875 2432 Sed
1938 2376 2181 2452 primum
2233 2378 2393 2434 varia
2438 2365 2646 2434 Satires

580 2491 809 2550 genera,
849 2475 1131 2549 praecipue
1174 2470 1551 2540 Lucilianum,
1594 2490 1897 2530 exercuere
1938 2473 2094 2529 haud
2133 2473 2302 2556 dubie
2343 2473 2647 2530 multorum

580 2569 829 2646 ingenia,
855 2586 1093 2644 quorum
1117 2570 1299 2626 omnis
1338 2569 1625 2627 intercidit
1664 2570 1969 2637 memoria;
2011 2568 2212 2627 deinde
2235 2570 2648 2646 plerorumque,

580 2682 722 2741 quos
760 2665 1217 2734 memorabimus,
1257 2674 1551 2741 poetarum
1590 2664 1823 2727 nomina
1862 2673 2090 2722 tantum
2132 2666 2294 2721 nobis
2334 2666 2652 2734 innotuere,

456 2761 483 2788 '
581 2778 697 2817 non
737 2761 994 2818 carmina
1032 2779 1255 2834 quoque
1295 2759 1497 2818 relicta
1536 2769 1706 2840 sunt3
1750 2759 1993 2834 denique
2020 2761 2276 2818 novimus
2300 2762 2552 2837 quidem,
2577 2764 2653 2820 ab

582 2856 675 2912 his
693 2854 783 2911 vel
809 2855 923 2911 illis
949 2851 1171 2910 Satiras
1196 2872 1321 2911 esse
1346 2855 1610 2930 scriptas,
1627 2854 1727 2911 sed
1751 2873 1901 2932 saepe
1927 2856 2251 2931 ignoramus
2273 2857 2435 2925 aden,
2457 2868 2652 2916 utrum

583 2949 933 3016 dramaticae,
960 2966 1037 3005 an
1065 2945 1368 3015 Ennianae,
1395 2968 1471 3006 an
1497 2946 1816 3018 Varrianae,
1842 2969 1919 3007 an
1946 2949 2256 3009 Lucilianae
2283 2952 2511 3011 fuerint.

664 3043 857 3101 Satira
883 3044 1198 3100 dramatico,
1237 3042 1364 3112 fuit,
1390 3062 1520 3118 quae
1561 3044 1661 3101 C'n.
1689 3043 1906 3114 Naevi0,
1933 3047 2331 3121 antiquissimo
2359 3047 2651 3106 Romano-

583 3157 711 3206 rum
749 3147 948 3214 poetae,
992 3156 1028 3194 a
1071 3135 1260 3206 Festo,
1302 3149 1361 3195 et
1402 3138 1544 3196 forte
1584 3157 1655 3195 ea
1693 3157 1936 3215 quoque,
1978 3159 2107 3217 quae
2144 3142 2209 3198 L.
2236 3142 2549 3218 Pomponio
2583 3125 2653 3200 'in

586 3233 866 3293 Prisciani
889 3234 988 3291 lib.
1017 3231 1122 3289 VI.
1162 3234 1442 3292 tribuitur.
1528 3233 1632 3293 Ille
1662 3237 1787 3309 jam
1816 3238 1889 3295 ab
1916 3256 1970 3294 a.
2002 3235 2075 3293 U.
2106 3236 2176 3295 C.
2208 3236 2435 3296 DXIX.
2478 3240 2651 3299 adeo-

585 3351 696 3408 que
735 3327 1103 3407 quadriennio
1142 3342 1270 3407 post
1311 3342 1512 3389 natum
1559 3331 1830 3405 Ennium,
1872 3333 2099 3392 fabulas
2142 3334 2319 3403 dedit,
2365 3337 2449 3411 (v.
2494 3335 2649 3398 Gell.

567 3426 779 3485 ·xv11.
806 3426 933 3502 21.)
956 3437 1017 3484 et
1040 3427 1248 3485 bellum
1277 3426 1558 3486 Punicum
1588 3426 1632 3486 I.
1674 3447 1785 3503 quo
1824 3430 2110 3507 stipendia
2143 3430 2372 3500 fecerat,
2399 3434 2654 3492 versibus
2714 3495 2720 3500 ,

588 3525 883 3601 descripsit
910 3522 1230 3596 Saturniis:
1276 3524 1369 3581 hic
1410 3523 1521 3581 fuit
1548 3522 1921 3582 Bononiensis
1961 3537 2021 3583 et
2059 3527 2406 3602 clarissimus
2432 3526 2656 3590 Atella·

591 3640 794 3680 narum
835 3620 1089 3696 scriptor,
1116 3620 1186 3678 de
1213 3639 1325 3694 quo
1350 3640 1403 3676 v.
1433 3617 1638 3677 Vellei.
1669 3617 1746 3676 ΙΙ.
1775 3619 1833 3678 9.
1876 3632 1935 3679 et
1962 3619 2113 3679 Gell.
2144 3622 2219 3679 X.
2248 3623 2343 3679 24.
2388 3621 2525 3680 XII.
2559 3624 2657 3680 10.
2701 3649 2702 3654 ’

590 3717 667 3774 al.
710 3714 802 3773 Ad
827 3714 975 3772 idem
1003 3713 1320 3771 Satirarum
1347 3732 1530 3790 genus
1560 3712 1866 3774 referendae
1891 3716 2173 3792 videntur,
2198 3738 2344 3793 quas
2376 3718 2439 3775 T.
2474 3718 2655 3784 Quin·

592 3811 737 3871 otius
762 3809 908 3866 Atta
936 3807 1226 3866 Ciceronis
1265 3819 1460 3879 aetate,
1500 3819 1706 3886 praeter
1745 3808 1970 3869 fabulas
2010 3809 2242 3889 togatas
2271 3823 2339 3880 ¹et
2374 3814 2658 3890 epigram-

582 3915 772 3973 mata,
798 3906 1088 3980 scripsisse
1113 3904 1452 3979 perhibetur.
1478 3923 1535 3960 v.
1564 3902 1824 3963 Diomed.
1851 3915 1912 3963 et
1937 3904 2194 3965 Macrob.

674 4001 967 4059 Ennianas
1003 4001 1226 4059 Satiras
1253 3999 1338 4057 M.
1367 4000 1681 4068 Pacuvius,
1707 4011 1875 4078 poeta
1915 4005 2170 4079 tragicus
2208 4014 2268 4062 et
2304 4005 2504 4080 pictor,
2534 4001 2655 4060 En·-

577 4099 785 4172 ·niique
824 4115 996 4173 nepos
1035 4116 1105 4154 ex
1147 4095 1265 4154 filia
1300 4097 1388 4154 vel
1429 4115 1632 4166 sorore,
1659 4099 1882 4175 scripffit
1923 4107 2069 4157 teste
2110 4098 2387 4158 Diomede
2410 4100 2510 4157 lib.
2541 4097 2654 4162 III.

590 4214 647 4273 p.
676 4194 811 4251 483.
836 4192 1013 4266 (unde
1040 4202 1231 4251 tamen
1271 4212 1384 4251 non
1424 4204 1672 4263 constat,
1700 4204 1888 4256 utrum
1914 4196 2161 4270 pressius
2189 4195 2360 4254 Ennii
2385 4196 2649 4272 vestigia,

594 4310 672 4351 an
714 4290 991 4368 proprium
1036 4289 1332 4348 consilium
1377 4299 1652 4363 sequutus
1695 4290 1797 4364 sit)
1841 4298 1901 4347 et
1950 4287 2091 4348 sorte
2137 4287 2353 4349 Soevius
2395 4290 2655 4348 Nicanor
