2978 4920
613 326 750 390 108

1324 320 1996 391 JUvENALls

710 498 835 560 Per
862 509 1054 582 caput
1077 496 1365 575 alterius,
1397 518 1600 583 quum
1628 499 1836 562 furem
1868 521 2051 562 nemo
2080 500 2327 565 timeret

712 597 1043 675 Gadibus,
1073 609 1189 663 aut
1216 598 1438 684 pomis,
1470 611 1536 663 et
1565 613 1787 686 operto
1814 602 2055 665 viveret
2083 602 2289 666 horto.

716 696 1030 759 Paulatim
1060 692 1284 759 deinde
1313 696 1396 759 ad
1425 716 1689 782 superos
1717 702 1970 763 Astraea
1997 702 2249 764 recessit

712 800 857 862 Hac
885 799 1132 875 comite,
1162 812 1356 885 atque
1384 799 1533 863 duae
1560 802 1805 886 pariter
1798 774 2048 887 fugere
2077 826 2334 867 sorores.

2617 804 2710 866 w

619 912 628 941 f
677 918 680 931 ¹
713 902 1082 987 Antiquum
1109 915 1172 964 et
1201 914 1389 965 vetus
1416 915 1512 964 est
1543 902 1839 979 alienum,
1867 905 2189 981 Postume,
2222 905 2455 968 lectum

717 1008 1091 1081 Concutere‚
1123 1018 1320 1090 atque
1348 1006 1507 1070 sacri
1537 1007 1795 1091 genium
1824 1021 2223 1070 contemnere
2250 1007 2457 1071 fulcri.

717 1107 1025 1170 Viderunt
1047 1102 1282 1192 primos
1311 1120 1611 1193 argentea
1640 1109 1871 1171 saecula
1890 1110 2184 1171 m'oechoS.

716 1214 915 1275 Omne
946 1210 1116 1273 aliud
1137 1212 1373 1273 crimen
1401 1233 1551 1273 mox
1581 1211 1780 1274 ferrea
1811 1210 2079 1298 protulit
2114 1224 2281 1275 zetas.

803 1314 1197 1375 Conventum
1229 1325 1459 1388 tamen,
1493 1322 1557 1374 et
1587 1322 1867 1399 pactum,
1892 1323 1959 1374 et·
1986 1312 2299 1397 sponsalia
2327 1325 2544 1377 nostra
2616 1316 2705 1377 25

630 1524 841 1570 viverent
874 1537 929 1568 ac
952 1523 1054 1567 sine
1086 1522 1274 1576 fraude,
1295 1534 1449 1584 neque
1471 1518 1632 1581 perju-

627 1590 697 1633 ria
718 1595 766 1634 et
787 1588 918 1633 furta
941 1588 986 1631 h.
1010 1600 1054 1632 e.
1086 1586 1262 1630 scelera
1286 1588 1358 1629 vel
1393 1593 1553 1629 essent
1576 1598 1631 1629 ac

628 1654 865 1712 vigerent,
892 1654 964 1696 vel
991 1652 1291 1695 timerentur.
1353 1649 1429 1695 18.
1453 1649 1634 1695 Grecis

625 1708 1211 1776 nondumjtmireparatis,
1238 1723 1291 1757 ut
1316 1726 1459 1758 nunc.
1498 1713 1627 1758 Nam

625 1780 740 1826 oiim
768 1779 940 1826 Graeect
952 1787 999 1823 et
1022 1779 1183 1822 Attica
1202 1779 1316 1822 fides
1339 1778 1411 1823 vel
1439 1791 1628 1835 prover-

624 1845 690 1890 bii
709 1847 812 1890 loco
836 1845 1037 1903 optima,
1061 1842 1242 1886 Punica
1258 1856 1369 1888 vero
1393 1843 1521 1886 mala
1537 1842 1630 1886 dici

625 1910 806 1954 solebat
827 1924 837 1952 ε
873 1910 954 1955 sed
971 1922 999 1951 a
1011 1908 1222 1957 levitate,
1244 1907 1438 1964 perfidia
1454 1917 1510 1950 ac
1526 1918 1630 1961 per-

618 1969 762 2032 juriis
787 1986 879 2017 non
905 1972 1221 2019 abhorrebant
1253 1983 1409 2014 mores
1433 1977 1479 2014 et
1501 1971 1629 2027 inge-

627 2038 707 2081 nia
750 2038 1052 2089 Graecorum,
1097 2034 1255 2093 qualia
1273 2044 1279 2051 ·
1297 2036 1633 2079 describuntur

625 2114 731 2159 sup.
757 2099 856 2145 111.
882 2098 1123 2145 58-125.
1154 2104 1204 2143 et
1240 2112 1268 2143 a
1304 2099 1407 2144 Cic.
1434 2100 1484 2144 in
1509 2104 1632 2144 orat.

626 2174 713 2222 pro
744 2165 934 2211 Flacco.
979 2163 1142 2208 Verba
1173 2168 1339 2221 parata
1361 2166 1552 2224 jurare,
1585 2171 1632 2207 et

613 2230 785 2290 jurare
797 2242 880 2288 per
894 2232 1031 2287 caput
1043 2227 1233 2273 alterius
1247 2235 1470 2304 spectant·
1482 2230 1542 2272 ad
1567 2229 1633 2272 le

629 2294 826 2338 vitatem
846 2294 900 2337 in
925 2288 1037 2354 jura
1107 2306 1153 2339 o.
1215 2292 1362 2338 Recte
1395 2294 1525 2338 enim
1551 2292 1633 2336 Se-

624 2369 743 2403 neca
762 2360 820 2403 de
840 2354 1636 2417 Consol.1-1eiv.c.10.M‹1Jo-

625 2435 699 2468 res
723 2423 882 2474 nostri.
904 2423 1076 2481 inquit,
1105 2435 1191 2481 per
1208 2422 1380 2483 fictiles
1401 2423 1504 2468 deor
1527 2421 1635 2468 reli·

622 2487 1003 2554 giosejurabant,
1018 2492 1059 2531 ει
1077 2487 1154 2545 qai
1175 2487 1276 2532 illos
1292 2490 1632 2540 invocazerant‚

626 2549 864 2598 adlcostem
878 2553 1110 2604 morituri,
1117 2550 1409 2612 uefidlerent‚
1414 2552 1632 2597 redibant.

627 2616 719 2662 Sed
757 2618 930 2676 posteri
963 2630 1152 2672 eorum,
1186 2629 1317 2662 more
1351 2617 1632 2661 Graecorum

623 2679 770 2743 hujus
792 2683 885 2727 aevi
910 2678 1116 2744 perjuria
1137 2691 1262 2739 saepe
1283 2682 1540 2738 faciebant,
1563 2688 1630 2737 et,

628 2752 681 2790 ut
716 2759 904 2806 poenam
929 2757 1095 2791 eorum
1120 2747 1405 2801 effugerent,
1430 2757 1525 2789 non
1550 2758 1634 2803 per

625 2808 1006 2872 Deosjurabant‚
1021 2811 1106 2854 sed
1119 2819 1202 2867 per
1212 2810 1432 2853 homines
1444 2822 1633 2853 eorum·

626 2889 720 2934 que
742 2879 912 2934 capita,
938 2873 1119 2925 oculos,
1141 2885 1268 2924 ossa,
1293 2873 1523 2924 cinerem,
1551 2886 1635 2932 per

627 2940 844 2998 genium,
890 2935 1136 2998 fortunam
1187 2937 1436 2998 vitamque
1477 2936 1635 2980 homi

629 3011 774 3055 num.
802 3003 927 3059 inpr.
962 3001 1346 3057 Imperatorum,>
1371 3002 1523 3045 immo
1556 3013 1640 3058 per

630 3080 704 3111 res
724 3080 817 3110 non
836 3067 981 3111 modo
1001 3065 1133 3108 vivas
1151 3071 1198 3109 et
1220 3078 1371 3120 caras,
1386 3066 1466 3108 sed
1491 3065 1635 3112 etiam

631 3131 870 3174 inanimas
914 3136 961 3173 et
994 3128 1173 3172 numus
1204 3129 1306 3172 fere
1344 3129 1500 3187 pretii.
1562 3128 1634 3174 Cf.

629 3193 784 3238 xm.
803 3193 886 3240 90.
901 3207 997 3251 seq.
1024 3192 1335 3252 qunmfurcm
1362 3205 1489 3236 nemo
1505 3192 1636 3237 time-

632 3262 723 3312 ret,
745 3251 849 3302 tam
871 3259 931 3302 ob
966 3256 1203 3315 inopiam,
1228 3269 1372 3330 quam
1403 3258 1464 3300 ob
1489 3253 1637 3316 justi·

631 3323 752 3367 tiam
777 3319 1197 3386 integritatemque
1214 3319 1509 3377 animorum,
1528 3335 1634 3365 ccm-

632 3386 768 3445 tibus,
781 3387 1004 3442 oleribuS,
1023 3389 1106 3432 aut
1127 3385 1293 3443 pomis,
1314 3385 1421 3430 cibo
1441 3386 1636 3431 ill'orum

633 3452 908 3503 hominum.
926 3459 972 3495 et
990 3447 1132 3495 nemo
1144 3453 1312 3522 operm,
1327 3448 1495 3504 clauso,
1513 3452 1635 3495 vive-

629 3519 697 3563 ret
706 3509 852 3571 hort'0,
847 3513 933 3562 vel
934 3512 1161 3596 adposito
1172 3511 1212 3575 ej
1221 3523 1274 3559 us
1286 3513 1639 3574 custode,Priar

633 3593 712 3644 ρο.
725 3581 989 3644 QCfTibull.
994 3580 1048 3630 1.
1053 3579 1116 3628 ’.’3
1127 3576 1205 3625 43.
1218 3577 1295 3626 44.
1311 3587 1358 3630 et
1375 3580 1491 3624 plin.
1495 3578 1639 3634 XIX.

633 3645 680 3693 4⁴.
749 3647 810 3693 In
832 3635 1080 3701 omnibus,
1102 3639 1225 3704 q'uos
1244 3643 1358 3698 vidi,
1376 3640 1510 3689 libris
1533 3658 1639 3703 per-

635 3725 800 3778 peram
824 3711 998 3772 iegitur
1017 3714 1060 3754 et
1081 3713 1252 3769 aperto,
1269 3711 1341 3754 vel
1365 3715 1425 3753 ex
1443 3710 1635 3754 emend.

632 3773 821 3826 Barthii
844 3771 1100 3832 sedaperto.
1141 3772 1385 3818 Neutrum
1411 3786 1532 3817 conv
1535 3774 1638 3818 enit

629 3827 683 3896 ᾗ.
709 3842 743 3885 1.
768 3840 850 3884 ubi
881 3835 1151 3904 subjectum
1188 3845 1260 3882 est
1296 3851 1436 3883 nemo·
1508 3838 1638 3884 Hinc

630 3906 907 3952 levissima
917 3893 1184 3947 mutatione
1228 3901 1418 3959 reposui
1470 3905 1637 3959 operto.

636 3971 716 4019 19.
735 3970 815 4026 20.
853 3961 980 4011 Deos
1001 3968 1127 4011 inter
1160 3966 1379 4010 homines
1411 3966 1464 4009 in
1497 3977 1641 4010 aureo

631 4023 813 4082 ‘saecuio
836 4038 1045 4076 versatos
1060 4037 1184 4085 esse,
1194 4039 1456 4086 eorumque
1478 4030 1639 4085 inpro-

633 4100 783 4166 bitqte
797 4101 970 4162 proeter
985 4095 1187 4140 modurn
1206 4099 1445 4138 crescente
1462 4098 1639 4137 terram

633 4157 899 4228 reliquisse.
915 4161 989 4205 vel
1006 4157 1237 4204 tironibus
1249 4164 1360 4214 nota
1379 4156 1541 4201 fabula
1552 4164 1640 4202 est.

633 4228 842 4281 Astroeu,
881 4214 1103 4278 Justi'tia,
1138 4215 1316 4265 rece-rsit
1358 4220 1417 4265 ad
1443 4220 1642 4278 Superos

700 4293 876 4337 atatim
888 4295 937 4332 et
961 4294 1213 4346 postrenm.
1247 4284 1320 4331 Cf.
1344 4285 1489 4331 ovid.
1514 4286 1637 4332 Met.

635 4359 674 4404 l.
700 4356 809 4405 150.
843 4359 892 4399 et
923 4351 1052 4398 Fast.
1085 4351 1127 4397 1.
1162 4348 1273 4398 249.
1297 4349 1436 4409 Virg.
1455 4350 1557 4395 Ge.
1566 4350 1633 4396 11.

1696 1518 1806 1565 473.
1841 1524 1892 1563 et
1918 1519 2189 1565 Hei-manni
2222 1520 2429 1577 Mythol.
2444 1519 2502 1562 T.
2529 1517 2633 1565 III.
2654 1533 2705 1578 p.

1700 1584 1806 1629 136.
1826 1583 1932 1628 141.
1953 1587 2135 1629 recessit
2148 1585 2206 1629 H
2205 1602 2263 1630 ac
2274 1583 2509 1629 Pudicitia
2525 1585 2705 1638 comite,

1695 1651 1830 1707 atque
1863 1649 1931 1692 sic
1960 1648 2063 1693 duoe
2096 1651 2277 1706 pariter
2296 1646 2475 1707 sugere
2509 1660 2703 1702 sorore-r,

1695 1712 1882 1757 'Astraea
1924 1718 1975 1757 et
2006 1713 2261 1769 Pudicitia,
2298 1718 2350 1757 ut
2387 1725 2464 1770 ap.
2502 1711 2709 1759 Hesiod

1691 1776 1818 1840 ’.Εςγ
1853 1775 1959 1822 καὶ*
1964 1785 2054 1836 Hp.
2080 1777 2185 1822 199.
2206 1791 2351 1835 quem
2375 1777 2536 1820 locum
2564 1784 2702 1831 poeta

1695 1841 1743 1885 in
1760 1842 1920 1886 animo
1933 1842 2154 1889 habuisse
2169 1842 2372 1892 videtur,
2371 1836 2707 1899 'Aonides-mm-

1697 1903 1761 1950 τὰ
1795 1905 1903 1964 ‘puk'
1918 1905 2034 1963 ἴτην,
2056 1904 2323 1970 «τρολιτουτ
2337 1905 2433 1968 ἄνθη
2413 1902 2597 1956 οωτους,
2619 1905 2706 1951 Αἶ-

1693 1965 1771 2020 Βως
1813 1970 1891 2015 καὶ
1928 1970 2125 2031 Νἱμεσις.
2152 1971 2405 2052 (Astraea,
2435 1968 2632 2035 ’As’goei‘oe
2659 1977 2707 2016 et

1695 2033 1874 2094 Nilum
1899 2049 2081 2081 necnon
2109 2034 2241 2089 Δίκη,
2267 2041 2314 2080 11
2320 2032 2479 2098 medius
2514 2043 2563 2078 et
2598 2035 2704 2080 Eri·

1696 2114 1820 2159 gone
1842 2114 1870 2144 a
1892 2101 2063 2159 poetis
2067 2102 2446 2145 confunduntur.
2481 2098 2554 2143 Cf.
2583 2100 2707 2144 Her-

1698 2178 1827 2209 man.
1850 2165 1882 2209 1.
1906 2179 1948 2210 c.
1974 2178 2018 2222 p.
2040 2164 2154 2210 134.
2174 2164 2280 2209 140.
2305 2173 2352 2209 et
2376 2165 2437 2208 al.
2466 2161 2607 2208 Fides
2631 2178 2706 2208 so-

1698 2240 1777 2273 ror
1798 2229 2013 2274 Justitiae
2037 2236 2111 2287 ap:
2139 2230 2309 2274 Horat.
2333 2228 2421 2273 Od.
2451 2227 2492 2273 1.
2520 2226 2601 2273 24.
2635 2224 2713 2286 6.)

1695 2293 1892 2352 Proprie
1916 2294 2020 2339 haec
2041 2300 2275 2351 expressa·
2293 2294 2378 2338 inf.
2404 2292 2497 2337 xt.
2520 2289 2600 2336 54.
2625 2290 2704 2340 55.

1695 2364 1701 2417 j
1765 2356 1842 2403 21,
1868 2368 1964 2416 seq.
2000 2358 2258 2416 Antiquam
2285 2354 2393 2417 jam
2424 2360 2492 2402 est
2520 2357 2705 2402 adulte-

1700 2422 1860 2480 riu'm3
1898 2418 2087 2483 jam‘in
2127 2431 2351 2480 argentea
2385 2426 2548 2494 astate,
2583 2422 2630 2467 h.
2665 2435 2706 2466 e.

1698 2485 1866 2546 priscis
1890 2488 2202 2545 temporibus,
2228 2488 2462 2531 adulteria
2498 2488 2702 2546 viguere.

1701 2551 1773 2596 Cf
1798 2552 1972 2597 Horat.
1997 2550 2093 2595 Sat.
2121 2551 2159 2594 1.
2180 2551 2228 2597 3.
2244 2551 2351 2597 107.
2367 2565 2496 2610 seqq.
2534 2550 2708 2595 Postu-

1698 2630 1819 2669 mus,
1859 2617 2043 2660 amicus
2081 2613 2352 2674 Juvenalis,
2380 2629 2473 2659 non
2510 2609 2703 2660 aliunde

1700 2688 1858 2725 notus.
1882 2681 1954 2725 cf.
1980 2673 2039 2723 ad
2073 2693 2119 2724 v.
2144 2679 2222 2726 38.
2293 2679 2569 2730 Cone-utere,
2594 2694 2707 2724 vex-

1698 2757 1798 2801 are,
1814 2747 2027 2799 turbare,
2043 2743 2210 2788 lectum
2235 2740 2575 2802 alienum‚jura
2596 2758 2707 2789 con·

1691 2805 1895 2868 jugialia
1915 2809 2120 2853 aliorum
2137 2810 2408 2867 adulterii83
2434 2809 2527 2852 nisi
2549 2810 2709 2862 malis

1697 2873 1994 2924 libidinando
2007 2879 2203 2929 quatere
2216 2873 2412 2919 lectum
2438 2872 2513 2917 cf.
2535 2872 2717 2919 Catuli.

1700 2937 1886 2982 v1.10.
1914 2936 1987 2981 11.
2015 2935 2216 2980 Genium
2237 2933 2708 3011 sacrifulcriconju-

1701 3001 1824 3064 galis
1859 3002 1968 3054 tori,
1991 3004 2042 3045 h.
2073 3014 2113 3044 e.
2150 3000 2429 3060 religionem
2464 2995 2714 3061 connubii,

1703 3078 1849 3128 quam
1869 3065 2047 3110 violare
2070 3065 2203 3109 nefas
2225 3071 2313 3110 est.
2358 3065 2585 3110 Pulcrum
2604 3067 2711 3112 lecti

1700 3142 1789 3190 pro
1810 3130 1914 3187 ipso
1937 3131 2075 3173 lecto.
2120 3128 2391 3182 Geniorum,
2418 3130 2502 3188 qui
2525 3130 2710 3188 genitos

1704 3198 1920 3250 tuentur,
1946 3194 2098 3253 iisque
2115 3194 2290 3237 adsunt
2316 3195 2533 3251 perpetui
2552 3200 2711 3239 custo·

1702 3258 1785 3302 des
1807 3271 1865 3302 ac
1880 3259 2102 3314 comites,
2124 3259 2363 3316 praecipua
2385 3271 2579 3316 quoque
2601 3259 2708 3302 reli-

1701 3323 1781 3381 gio
1813 3334 1916 3368 esse
1954 3322 2119 3366 debuit
2150 3321 2203 3366 in
2245 3323 2457 3379 nuptiis:
2498 3323 2629 3367 unde
2661 3325 2710 3367 et

1700 3381 2045 3445 lectu-'genialis
2064 3385 2151 3430 inf.
2166 3385 2237 3434 X.
2254 3383 2360 3432 134.
2375 3393 2423 3429 et
2445 3387 2512 3430 al.
2536 3387 2712 3431 dicitur

1696 3450 1946 3508 nuptialis,
1970 3451 2082 3507 quia
2112 3450 2265 3495 Genio
2287 3456 2336 3495 et
2367 3450 2555 3496 Junoni
2579 3464 2711 3497 sacer

1703 3523 1821 3560 erat.
1879 3515 1958 3561 23.
1980 3513 2060 3560 24.
2096 3514 2173 3561 ef.
2205 3515 2344 3560 ovid.
2382 3515 2502 3560 Met.
2520 3513 2713 3561 1.127.

1703 3591 1803 3636 seq.
1835 3569 2093 3638 Perperam
2118 3580 2169 3623 hi
2201 3592 2366 3636 versus
2398 3580 2450 3624 in
2485 3580 2715 3625 omnibus

1704 3656 1825 3702 quos
1863 3644 1980 3700 vidi,
2012 3644 2166 3700 libris,
2206 3648 2382 3702 praeter
2425 3643 2538 3707 ΜΒ.
2580 3644 2710 3689 Ulm.

1703 3709 1980 3765 transpositi
2018 3713 2146 3752 sunt.
2233 3708 2379 3753 Error
2422 3700 2709 3753 manifestus

1703 3778 1806 3816 est:
1844 3774 1971 3817 unde
1993 3785 2106 3816 eum
2129 3772 2440 3819 correximus.

1767 3835 1845 3881 25.
1870 3849 2001 3895 seqq.
2023 3837 2127 3881 Etsi
2151 3838 2261 3882 inde
2276 3851 2303 3881 a
2324 3839 2461 3883 Jovis
2485 3837 2711 3895 tempori-

1702 3901 1794 3944 δας
1813 3901 1888 3945 vel
1904 3902 2081 3945 saeculo
2104 3910 2330 3958 argenteo
2349 3909 2421 3947 tot
2446 3898 2557 3961 jam
2581 3914 2710 3947 com-

1706 3964 1854 4010 missa
1865 3974 1978 4009 sunt
1992 3965 2221 4009 adulteria
2228 3970 2398 4021 ,iumen
2415 3965 2611 4023 nuptias
2627 3973 2707 4024 pa·

1705 4041 1802 4086 ras,
1818 4025 1865 4074 et'
1878 4030 2070 4089 quidem
2090 4033 2246 4073 nostra
2269 4029 2553 4088 tempestate,
2569 4036 2711 4075 aetate

1702 4093 1933 4152 pessima,
1951 4101 2046 4153 qua
2067 4093 2275 4153 vir‘gines
2295 4100 2344 4139 et
2365 4101 2606 4139 matronae
2611 4090 2710 4153 ,ju-

1707 4170 1850 4203 venes
1883 4165 1932 4203 et
1962 4158 2124 4203 mariti
2158 4158 2257 4202 fere
2289 4165 2458 4202 omnes
2487 4158 2709 4214 inpudice

1704 4219 1932 4267 vivunt?
1961 4222 2079 4275 Quae
2115 4223 2216 4267 hae‘c
2237 4229 2309 4266 est
2342 4221 2571 4267 insania⁹
2632 4219 2707 4268 25.

1699 4285 1861 4331 Verba
1894 4287 2038 4344 prisci
2071 4284 2198 4346 juris
2229 4286 2343 4331 huic
2382 4286 2450 4330 rei
2485 4286 2709 4344 propria:

1698 4363 1849 4409 quum
1868 4352 2000 4396 enim
2016 4352 2147 4398 solus
2163 4356 2287 4397 esset
2296 4354 2568 4406 convenam,
2580 4357 2629 4397 et
2647 4350 2712 4395 de
