2978 4920
1040 320 1489 388 SATIRA
1552 325 1675 389 VI.

2276 326 2485 398 1⁰9·

411 497 818 584 Tempestate
847 517 1052 583 parea,
1076 498 1338 582 jamque
1367 519 1407 559 a
1435 508 1684 561 tonsore
1713 497 2017 583 magistro

409 599 709 676 PecteriS,
741 610 804 662 et
825 596 1037 683 digito
1058 598 1294 683 pignus
1321 598 1587 661 fortasse
1614 596 1867 663 dedisti.

412 702 601 764 Certe
633 723 821 763 sanus
849 703 1011 763 eras!
1062 720 1347 775 uxorem,
1381 700 1707 775 Postume,
1736 699 1957 764 ducis?

366 787 370 791 ¹
411 800 557 879 Dic,
584 826 713 888 qua
744 801 1115 891 Tisiphone,
1146 801 1385 887 quibus
1405 802 1727 886 exagitere
1758 802 2070 868 colubris?

410 905 604 968 Ferre
632 917 813 991 potes
842 906 1158 968 dominam
1192 904 1380 973 salvis
1407 915 1504 967 tot
1534 904 1805 968 restibus
1830 905 2066 969 ullam?

411 1005 634 1079 Quum
664 1018 922 1093 pateant
950 1005 1097 1070 altae
1125 1005 1595 1093 caligantesque
1616 1006 1946 1071 fenestrae?

412 1108 626 1183 Quum
657 1107 774 1171 tibi
800 1107 1071 1169 vicinum
1104 1129 1168 1168 se
1196 1106 1477 1192 praebeat
1510 1104 1813 1170 IEmilius
1834 1113 2027 1193 pons?

409 1210 552 1272 Aut
583 1210 633 1272 si
664 1209 744 1273 de
773 1203 990 1272 multis
1021 1208 1233 1271 nullus
1265 1207 1468 1291 placet
1500 1210 1732 1286 exituS,
1763 1209 1926 1273 illud

410 1312 636 1375 Nonne
665 1325 854 1400 putas
883 1312 1128 1388 melius,
1154 1310 1329 1397 quod
1359 1325 1567 1374 tecum
1598 1312 1787 1397 pusio
1810 1311 2082 1378 dormit?

312 1405 320 1415 ’
412 1413 628 1491 Fusio,
659 1412 772 1498 qui
803 1424 994 1476 noctu
1023 1434 1145 1475 non
1178 1410 1410 1496 litigat,
1442 1411 1640 1497 exigit
1671 1434 1710 1474 a
1739 1423 1800 1475 te

2316 1418 2401 1482 35

411 1512 608 1579 Nulla
628 1517 843 1603 jacens
871 1515 1000 1578 illic
1029 1513 1424 1592 munuscula,
1456 1537 1571 1577 nec
1600 1514 1913 1601 queritur,
1937 1516 2112 1603 quod

313 1701 674 1748 conditionibus
705 1711 945 1763 ageretur,
955 1700 1149 1762 puellae
1172 1715 1325 1761 epera-

321 1771 416 1821 toe,·
448 1778 599 1826 quum
620 1774 823 1826 pactum,
839 1783 935 1827 quo
953 1781 1154 1827 sponsus
1176 1767 1325 1824 stipu-

317 1832 512 1877 labatur
532 1838 579 1877 et
602 1840 738 1891 pater
759 1848 809 1878 se
845 1834 988 1877 filiam
1023 1834 1065 1876 ei
1093 1834 1319 1878 daturum

317 1896 603 1954 spondebat,
651 1902 829 1956 pacife-
811 1930 825 1950 ,
882 1910 1034 1954 quum
1078 1895 1323 1953 sponsalia,

313 1968 523 2005 mutuus
544 1969 836 2018 contractus,
861 1964 944 2020 qui
964 1962 1037 2005 vel
1063 1962 1162 2005 solo
1185 1960 1322 2018 perfi-

311 2026 536 2070 ciebatur
570 2040 803 2072 consensu
843 2029 917 2072 vel
954 2027 1005 2070 in
1044 2025 1248 2077 tabulae,
1293 2037 1322 2068 a

313 2089 639 2148 signatoribus
657 2092 990 2150 obsignandas.
1005 2104 1181 2148 sponsoe
1195 2088 1320 2134 dice·

310 2154 511 2198 bantur.
555 2155 631 2200 26.
654 2156 767 2200 «Iam
793 2156 973 2200 nitidus
994 2169 1096 2198 esse
1116 2154 1254 2212 cupis
1275 2159 1324 2196 et

309 2219 505 2275 placere
519 2220 702 2276 puellae.
725 2220 942 2264 Tonsores
954 2232 1049 2263 non
1065 2220 1206 2262 modo
1214 2214 1323 2260 bar·

310 2283 449 2335 bam,
483 2284 680 2340 capillos
725 2297 1003 2342 unguesque
1039 2283 1319 2331 tondebant,

318 2347 404 2390 sed
428 2347 584 2390 crines
602 2361 790 2407 quoque
821 2347 1052 2406 pectebant
1073 2354 1121 2390 et
1144 2345 1191 2390 in
1212 2358 1319 2403 gra-

305 2411 410 2454 ·dus
427 2410 721 2468 formabant,
739 2413 810 2455 vel
833 2413 1106 2455 calamistro
1124 2422 1321 2454 conver-

307 2477 507 2519 ¹tebant.
564 2473 776 2521 Romani
808 2489 934 2519 anno
966 2477 1164 2519 demum
1201 2474 1258 2519 U.
1281 2479 1320 2517 c.

312 2533 618 2585 CCCCLIV.
622 2541 804 2585 tonderi
819 2540 1037 2597 comique
1047 2545 1321 2595 eoeperunt3

307 2601 463 2666 (plin.
485 2604 605 2651 VH.
628 2603 727 2666 59.)
746 2611 887 2649 antea
900 2604 1085 2647 barbati
1105 2609 1238 2647 erant
1254 2609 1323 2646 at-

309 2680 411 2726 que
429 2669 626 2722 intonsi.
644 2672 926 2726 cultumque
943 2669 1152 2725 corporis
1174 2666 1322 2725 negli-

310 2734 509 2790 gebant.
562 2733 767 2779 Delicati
800 2738 964 2777 autem
997 2738 1047 2777 et
1080 2730 1323 2776 formosuli

312 2797 537 2843 homines
560 2812 749 2844 comam
774 2811 870 2841 non
893 2799 1036 2841 modo
1066 2797 1211 2847 alere,
1236 2796 1319 2839 sed

303 2867 364 2903 ¹et
381 2862 554 2913 colere.
577 2870 625 2907 et
648 2872 808 2907 comto
825 2873 1029 2920 pes-oque
1050 2861 1222 2918 capillo
1246 2859 1317 2902 ni.-

313 2926 408 2969 tidi
426 2939 544 2969 ·esse
582 2928 812 2973 solebant.
863 2926 939 2970 Cf.
974 2924 1155 2970 Tibull.
1197 2925 1235 2969 1.
1270 2922 1316 2967 3.

318 2988 495 3035 9—16.
513 2990 854 3050 Voc.magistro
864 2986 1094 3049 adjective
1110 2989 1321 3047 positum

310 3058 364 3098 et
394 3055 646 3113 exquisite.
671 3056 943 3113 significans
975 3054 1155 3098 crinem
1190 3066 1323 3108 sum—

315 3129 403 3162 ma
425 3124 528 3178 arte
545 3126 784 3171 comtum,
795 3120 871 3166 vel
895 3131 925 3161 a
943 3117 1070 3161 docta
1089 3131 1228 3161 manu
1246 3127 1327 3160 ar-

307 3182 495 3243 officiis,
519 3191 575 3229 ut
597 3197 671 3242 ap.
696 3182 872 3228 Tibull.
894 3183 980 3228 hl.
1035 3181 1115 3227 27.
1125 3181 1320 3240 pignus,

314 3250 553 3294 annulum
588 3248 880 3305 pronubum,
906 3248 987 3305 qui
1020 3245 1321 3303 sponsalibus

311 3313 405 3357 rite
417 3313 557 3357 factis
573 3314 740 3371 obsign
747 3313 927 3369 atraque
946 3310 1126 3355 tabulis
1130 3323 1320 3386 sponsae

303 3377 525 3436 pignoris
548 3378 622 3422 vel
642 3377 920 3421 arrhabonis
937 3375 1059 3427 loco,
1083 3382 1184 3419 aut
1188 3376 1238 3419 in
1259 3375 1318 3419 fl

302 3443 430 3487 ”dem
465 3442 626 3487 mutui
652 3433 848 3496 amoris,
871 3453 899 3483 a
921 3451 1095 3498 sponso
1116 3440 1320 3484 dabatur

313 3506 398 3549 vel
430 3506 729 3558 mittebatur,
758 3511 828 3549 et·
852 3504 1147 3563 temporibus
1181 3504 1322 3547 Plinii

311 3568 387 3631 (v.
425 3569 682 3616 XXXIII.
720 3566 797 3628 1.)
817 3569 1018 3632 ferreus,
1042 3569 1125 3613 sed
1159 3575 1323 3625 postea

301 3644 494 3694 aureus
517 3635 624 3679 fuit.
658 3634 823 3693 digito,
843 3634 928 3691 qui
950 3634 998 3678 in
1024 3645 1180 3677 manu
1205 3633 1320 3676 sini-

316 3703 420 3741 stra
442 3696 645 3758 minimo
668 3698 915 3756 proximus
937 3704 1067 3747 erate
1092 3698 1151 3741 de
1166 3709 1321 3755 quov.

313 3759 541 3824 Gell.'X.
568 3761 644 3809 10.
658 3770 715 3807 et
740 3757 952 3806 Macrob.
976 3759 1093 3806 VII.
1117 3760 1202 3808 13.
1292 3765 1304 3788 ·‘

387 3826 470 3873 28.
508 3825 643 3873 Certe
662 3822 800 3871 sanas
826 3830 925 3870 erat
956 3827 1142 3871 adhuc·
1179 3835 1326 3884 quare

305 3890 494 3946 nni-or,
520 3897 568 3935 te
595 3894 658 3943 de
688 3903 838 3935 uxore
870 3890 1088 3935 ducenda
1116 3890 1326 3948 cogitare

313 3955 556 4018 potuisse,
590 3955 718 4028 quod
752 3961 825 3999 est
868 3954 1185 4007 insanientis,
1234 3953 1326 4002 nisi

300 4019 467 4064 ·malis
480 4022 598 4064 certe
612 4023 760 4064 aarum
771 4017 917 4063 erasi&
946 4031 1098 4076 quum
1108 4018 1200 4064 hoc
1213 4031 1325 4062 con·

313 4081 512 4128 silium
528 4083 755 4141 caperes?
823 4082 900 4129 29.
952 4082 1197 4157 Tisiphone
1238 4095 1325 4157 pro

313 4160 629 4208 quacumque
683 4147 846 4200 Furia,
889 4154 939 4192 et
981 4160 1066 4205 pro
1107 4147 1321 4192 insania·

301 4224 437 4257 nam
460 4213 683 4258 homines
704 4225 733 4256 a
768 4210 927 4256 Furiis
947 4211 997 4255 in
1015 4212 1227 4256 furorem
1249 4210 1326 4254 in-

313 4277 602 4335 saniamque
643 4275 810 4335 inpelli
842 4276 1170 4320 credebantur.
1203 4274 1325 4319 cola-

307 4341 434 4395 br-r‘e,
458 4342 572 4400 quia
594 4340 757 4388 Furiae
777 4336 1116 4400 ὅφικλὸκιμοι,
1146 4339 1324 4398 ἀόηυο

1392 1716 1434 1746 ν.
1456 1703 1694 1749 Herman.
1710 1702 1921 1762 Mythol.
1935 1704 1990 1751 T.
2012 1703 2081 1749 11.
2100 1703 2277 1762 2488.
2312 1706 2393 1752 In-

1389 1767 1733 1825 terrogationes
1755 1777 1933 1826 augent
1957 1770 2054 1813 vim
2074 1770 2177 1817 h.1.

1449 1831 1659 1878 30-32.
1692 1830 1908 1879 Nonne
1894 1835 2111 1888 insanis„
2118 1835 2204 1893 qui
2226 1819 2391 1893 perpe·

1385 1902 1521 1941 tuam
1537 1897 1819 1943 servitutem
1833 1910 1887 1941 ac
1905 1898 2096 1956 longam
2116 1899 2254 1956 quasi
2266 1912 2393 1944 mor·
2416 1900 2431 1921 '

1386 1966 1487 2005 tem
1511 1960 1666 2019 eligis,
1682 1974 1828 2018 quum
1855 1968 1925 2005 tot
1943 1969 2140 2019 tamque
2157 1962 2321 2007 faciles
2343 1972 2393 2009 et

1387 2027 1553 2070 breves
1576 2026 1638 2069 ad
1671 2032 1878 2070 mortem
1912 2033 2106 2084 pateant
2128 2026 2258 2074 viae?
2293 2029 2390 2084 vel,

1386 2091 1470 2148 qui
1505 2099 1603 2133 tam
1640 2089 1864 2137 miseram
1900 2091 2100 2134 tolerare
2133 2092 2284 2148 possis
2321 2092 2388 2136 vi·

1388 2158 1682 2212 tam,'quum
1715 2166 1822 2198 eam
1842 2155 2044 2207 finiendi
2070 2161 2142 2199 tot
2162 2156 2265 2215 sint
2286 2169 2392 2211 mo-

1388 2219 1472 2263 di?
1510 2218 1563 2262 M
1571 2219 1733 2263 ultone
1775 2219 1925 2266 satius
1963 2225 2052 2271 est,
2094 2232 2258 2273 necem
2299 2221 2391 2267 sibi

1383 2282 1691 2334 consciscere,
1748 2293 1891 2340 quam
1932 2284 2105 2337 ducere
2151 2297 2351 2329 uxorem
2365 2286 2390 2331 ἒ

1385 2347 1566 2390 Similis
1586 2347 1812 2391 orationis
1844 2348 1974 2393 color
2005 2361 2082 2405 ap.
2119 2346 2281 2392 Val'er.
2314 2347 2390 2394 Fi.

1387 2409 1505 2453 VII.
1525 2408 1634 2453 331.
1650 2424 1748 2469 seq.
1788 2411 2056 2465 Dominam,
2071 2424 2164 2455 non
2186 2411 2388 2470 Homer.

1386 2475 1560 2535 ἄλοχον
1574 2470 1810 2528 Bia-mm,
1823 2477 1903 2521 sed
1919 2489 2140 2533 uxorem,
2155 2490 2266 2533 quae
2284 2490 2393 2537 pro-

1387 2547 1494 2596 pter
1518 2542 1727 2597 amplam
1751 2542 1913 2588 dotem
1939 2538 2105 2599 (quam
2128 2541 2258 2585 avari
2281 2548 2388 2594 tum

1385 2603 1598 2648 Romani
1628 2604 1680 2648 in
1708 2603 2030 2652 matrimoniis
2052 2605 2390 2650 contrahendis

1384 2669 1713 2724 sectabantur)
1736 2667 1910 2711 marito
1941 2667 2163 2723 imperat.
2199 2669 2276 2714 cf.
2299 2669 2387 2718 inf.

1386 2748 1432 2778 v.
1471 2731 1580 2777 136.
1606 2745 1705 2790 seq.
1739 2730 1848 2776 457.
1885 2743 1982 2790 seq.
2014 2731 2168 2775 Plaut-
2203 2732 2251 2775 in
2288 2734 2393 2777 Me.

1384 2798 1587 2843 naechm.
1613 2796 1674 2841 V.
1693 2795 1737 2841 2.
1770 2794 1843 2840 15.
1859 2808 1955 2852 seq.
1971 2795 2021 2839 in
2035 2795 2229 2844 Asin.1.
2252 2796 2295 2843 1.
2311 2797 2389 2846 74.

1379 2870 1431 2907 et
1454 2863 1503 2905 in
1529 2862 1697 2906 Aulul.
1723 2859 1817 2907 111.
1839 2858 1883 2902 5.
1908 2859 1987 2905 60.
2055 2860 2235 2912 Contra
2259 2863 2390 2920 apud

1381 2926 1588 2985 Scythas
1610 2925 1850 2982 Getasque
1872 2937 1960 2969 uon
1984 2926 2107 2983 regit
2133 2924 2288 2971 virum
2308 2925 2387 2971 do-

1385 2995 1483 3035 tata
1516 2990 1700 3050 covy‘ux,
1734 2989 1904 3036 Horat.
1938 2987 2027 3032 Od.
2064 2986 2173 3033 ΙΙΙ..
2198 2988 2275 3038 24.
2311 2989 2387 3036 19.

1379 3055 1528 3099 salvis
1545 3057 1610 3098 tot
1627 3055 1836 3106 restibus,
1861 3066 2007 3111 quum
2031 3058 2100 3097 tot
2118 3054 2166 3097 in
2191 3062 2388 3112 promtu

1385 3120 1486 3163 ,sint
1509 3118 1685 3175 laquei,
1707 3118 1881 3176 quibus
1901 3118 2063 3162 fauces
2086 3118 2170 3162 tibi
2195 3120 2388 3176 elidere,

1384 3183 1458 3227 vel
1478 3188 1526 3227 et
1548 3184 1836 3239 suspendere
1859 3194 2005 3240 queas
2024 3182 2073 3226 Ρ.
2101 3182 2179 3227 31.
2200 3184 2388 3245 altoefe-

1379 3251 1563 3299 πεπτω,
1581 3259 1609 3290 e
1622 3247 1815 3303 quibus,
1833 3253 1882 3291 et
1894 3258 2025 3304 pons,
2042 3258 2069 3291 a
2086 3259 2182 3304 quo
2200 3255 2246 3293 te
2264 3261 2388 3307 prae—

1380 3312 1579 3370 cipiteni
1604 3311 1716 3356 dare
1737 3310 1902 3369 possis.
1926 3308 2155 3370 fenestra.-
2183 3312 2389 3371 caligan-

1381 3380 1472 3428 tes,
1497 3388 1606 3433 quae
1629 3381 1729 3420 tam
1757 3376 1869 3420 altae
1902 3382 2034 3429 sunt,
2058 3380 2115 3421 ut
2148 3376 2285 3433 quasi
2306 3388 2391 3419 ex-

1380 3444 1651 3493 caecent‚·et
1681 3439 1858 3497 despici
1893 3440 1972 3483 vix
2007 3438 2111 3483 sine
2139 3438 2389 3496 oculorum

1384 3503 1633 3560 animique
1648 3503 1881 3560 vertigine
1898 3503 2046 3559 possit
2061 3517 2076 3556 ς
2101 3509 2156 3548 ut
2172 3502 2270 3548 fere
2281 3502 2394 3546 cali·-

1379 3570 1468 3626 gat
1494 3568 1544 3610 in
1568 3566 1678 3610 altis
1709 3566 1888 3612 obtutus
1914 3568 2042 3610 sanis
2073 3580 2149 3624 ap,
2186 3566 2270 3612 Sil.
2294 3565 2390 3615 III.

1382 3628 1497 3677 492.
1516 3627 1759 3684 jAEmilius
1775 3642 1890 3686 pom
1920 3642 2004 3687 pro
2023 3631 2192 3688 quovis
2210 3639 2355 3691 ponte
2369 3647 2386 3679 ε

1383 3708 1547 3753 propr.
1564 3696 1624 3745 is,
1648 3693 1732 3750 qui
1755 3693 1968 3738 Tiberim
1986 3691 2173 3754 junxit,
2199 3704 2249 3741 et
2281 3703 2389 3743 tum

1384 3760 1610 3804 AEmilius
1630 3770 1660 3801 a
1683 3757 1752 3802 Μ.
1763 3758 1958 3808 AEmilio
1978 3759 2155 3805 Scauro
2175 3772 2389 3815 censore,

1379 3826 1459 3876 (v
1471 3823 1648 3878 Aurel-
1671 3821 1843 3868 Victor
1859 3824 1918 3868 de
1945 3823 2030 3870 vir.
2048 3824 2120 3872 ill.
2142 3839 2186 3871 c.
2202 3825 2282 3872 72.
2314 3819 2385 3886 8.)

1379 3896 1498 3933 tum
1524 3886 1735 3933 Milvius
1768 3899 1854 3933 seu
1868 3889 2059 3939 rectius
2083 3877 2301 3936 Mulvius
2317 3891 2387 3941 (v.

1383 3952 1535 3998 Corte
1549 3954 1611 3998 ad
1633 3950 1746 4000 Sall.
1768 3953 1878 4001 Cat.
1901 3950 2004 4014 45.)
2026 3954 2184 4000 dictus
2199 3960 2288 3999 est.

1452 4016 1663 4064 33-37,
1685 4016 1779 4063 Sed
1796 4018 1838 4062 si
1855 4019 2006 4064 atita:
2019 4018 2133 4070 vitae
2153 4018 2206 4063 dc
2216 4016 2394 4073 multis,

1380 4094 1508 4140 quos
1528 4082 1664 4139 dixi,
1698 4083 1746 4128 h.
1783 4096 1827 4129 e.
1854 4088 2059 4130 mortem
2087 4082 2176 4128 tibi
2210 4080 2394 4126 consci-

1388 4158 1518 4192 scere
1535 4147 1634 4192 ullo
1651 4150 1813 4201 modo,
1827 4160 1927 4198 non
1934 4147 2113 4205 placet,
2104 4163 2117 4176 ·
2141 4157 2287 4190 nonne
2299 4156 2390 4189 me·

1385 4209 1646 4271 Ιίιιερπίαε,
1657 4224 1771 4256 cum
1785 4224 1933 4270 puero
1946 4211 2159 4269 pathice,
2185 4217 2239 4254 ut
2249 4207 2394 4261 soles,

1387 4288 1534 4333 quam
1563 4288 1677 4320 cum
1712 4272 1918 4337 conjuge
1949 4274 2194 4319 dormire?
2235 4283 2395 4315 nonne

1387 4340 1538 4385 satius
1558 4345 1651 4394 est,
1671 4351 1781 4384 cum
1804 4339 1991 4391 scortis,
2009 4339 2158 4382 etiam
2178 4333 2398 4392 exoletis,
