2978 4920
1034 286 1516 349 SATIRA-
1555 286 1690 348 111.

397 461 588 524 More
616 460 861 523 animae.
951 457 1207 522 Domus
1235 458 1477 521 interea
1508 479 1727 521 secura
1752 455 2069 542 patellas

396 563 445 624 J
448 584 550 624 am
579 560 774 641 lavat,
805 571 868 624 et
885 560 1100 624 bucca
1128 558 1414 622 foculum
1445 558 1704 634 excitat,
1735 571 1799 622 et
1831 570 2010 621 sonat
2042 559 2250 669 unctis

400 662 793 749 striglibus,
786 673 865 726 et
894 660 1084 747 pleno
1112 659 1435 747 componit
1467 658 1662 724 lintea
1692 670 1902 745 gutto.

399 764 567 828 Haec
594 763 763 828 inter
792 785 1025 849 pueros
1054 763 1228 826 varie
1258 773 1735 848 properantur:
1750 771 1836 823 at
1867 759 1972 824 ille

398 869 446 929 J
448 891 551 931 am
581 866 757 931 sedet
787 866 856 930 in
876 867 1037 954 ripa,
1070 877 1440 950 tetrumque
1471 862 1757 927 novicius
1785 842 2001 927 horret

2218 918 2223 923 .
2280 861 2404 927 265

335 1024 338 1027 .
400 969 768 1047 Porthmea,
797 991 912 1032 nec
942 980 1153 1055 sperat
1184 966 1421 1030 coenosi
1450 964 1732 1051 gurgitis
1757 964 1978 1028 alnum

402 1067 662 1146 Infelix,
692 1091 807 1132 nec
827 1068 1045 1142 habet,
1078 1090 1272 1154 quem
1302 1065 1618 1153 porrigat,
1650 1089 1759 1129 ore
1782 1064 2095 1131 trientem.

490 1171 764 1257 Respice
792 1192 962 1234 nunc
992 1169 1118 1234 alia
1146 1191 1221 1233 ac
1251 1169 1505 1232 diversa
1526 1167 1813 1254 pericula
1838 1168 2074 1233 noctis:

402 1272 593 1351 Quod
622 1273 897 1358 spatium
929 1272 1113 1338 tectis
1143 1271 1548 1348 sublimibus,
1581 1270 1751 1334 unde
1781 1271 2107 1335 cerebrum

405 1377 608 1441 Testa
633 1377 808 1455 ferit,
839 1377 1104 1463 quoties*
1121 1376 1355 1440 rimosa
1382 1387 1447 1439 et
1477 1387 1664 1440 curta
1690 1374 1981 1439 fenestris
2038 1442 2053 1447 fi
2114 1424 2121 1431 .

2209 1377 2406 1443 1270

400 1480 569 1543 Vasa
596 1479 833 1544 cadunt
858 1504 877 1553 ς
926 1491 1167 1564 quanto
1195 1499 1569 1565 percussum
1599 1476 1881 1563 pondere
1912 1477 2161 1562 signent

400 1584 494 1646 Et
521 1580 757 1646 laedant
788 1581 1042 1646 silicem.
1133 1580 1343 1645 Possis
1373 1581 1643 1669 ignavus
1671 1580 1915 1657 haberi,

401 1686 493 1748 Et
524 1683 720 1749 subiti
748 1706 928 1749 casus
955 1683 1351 1770 inprovidus,
1378 1682 1460 1746 ad
1483 1704 1726 1761 coenam
1758 1683 1809 1745 si

403 1789 754 1853 Intestatus
782 1810 904 1852 eas.
995 1786 1182 1851 Adeo
1211 1799 1308 1887 tot
1338 1786 1495 1864 fata,
1525 1796 1686 1889 quot
1712 1784 1822 1889 illa

309 1959 506 2005 concisa
526 1958 812 2018 obteruntur,
834 1966 890 2006 ut
923 1974 1019 2006 non
1054 1961 1207 2020 magis
1228 1961 1330 2006 fere

313 2023 694 2082 conspiciantur,
713 2038 860 2084 quam
878 2027 1055 2083 anima,
1070 2032 1117 2070 et
1135 2039 1329 2084 prorsus

311 2094 605 2134 evanescant
647 2091 725 2134 vel
769 2090 1019 2135 oculorum
1055 2091 1208 2135 aciem
1249 2090 1328 2135 fu-

314 2155 467 2209 giant.
538 2153 699 2199 Lectio
731 2153 869 2198 MSS.
899 2154 1043 2198 Basil.
1067 2158 1118 2200 et
1152 2155 1329 2199 Canta·

316 2216 440 2276 brig.
506 2217 664 2263 Illorte
694 2231 780 2275 pro
812 2217 956 2263 More
987 2218 1128 2278 longe
1161 2219 1330 2275 exqui-

314 2281 457 2325 sitior
477 2283 668 2327 videtur
687 2281 883 2327 Wakef.
918 2283 979 2327 ad
1013 2282 1208 2328 Lucret.
1233 2282 1329 2328 111.

315 2345 492 2391 1102·
530 2346 623 2390 Sed
653 2346 825 2390 vellem
859 2359 967 2389 eam
1002 2347 1144 2391 simul
1180 2347 1331 2405 expli-

311 2410 516 2454 cuisset.
563 2408 677 2455 261.
700 2422 831 2467 seqq.
856 2408 1039 2468 Lepido
1054 2418 1332 2455 commento

308 2487 420 2520 rem
445 2475 805 2533 imaginemque
838 2481 1038 2519 exornat
1068 2481 1223 2532 poeta,
1245 2476 1334 2519 fin-

309 2550 455 2597 gens,
492 2550 706 2591 servum,
728 2538 813 2597 qui
834 2537 1099 2595 sportulam
1123 2539 1333 2598 petierit,

310 2602 387 2665 (v.
407 2614 518 2661 sup.
536 2616 580 2646 v.
602 2602 711 2649 250.
736 2615 868 2679 seqq.
874 2599 996 2661 >tali
1019 2603 1233 2661 plaustro
1259 2605 1332 2648 vel

314 2680 436 2713 saxo
470 2666 689 2711 obtritum
717 2668 928 2726 periisse,
970 2673 1019 2711 et
1059 2680 1331 2740 conservos,

316 2728 466 2793 hujus
488 2730 777 2776 calamitatis
799 2732 993 2790 ignaros
1013 2728 1215 2792 ejusque
1246 2723 1332 2777 ad-

315 2801 521 2841 ventum
556 2803 907 2854 exspectantes,
941 2809 1127 2842 coenam
1169 2798 1333 2842 balne

316 2872 503 2919 umque
556 2872 748 2918 parasse
800 2862 1020 2919 domino,
1064 2863 1331 2920 sportulam

314 2938 433 2969 cum
458 2937 596 2969 servo
617 2925 822 2983 petenti.
858 2938 1035 2980 secura,
1070 2940 1166 2970 non
1202 2925 1333 2971 solli·

316 2989 416 3035 cita
459 2990 519 3033 de
562 2996 721 3034 morte
759 2990 907 3046 servi,
946 2990 1173 3048 ignorans
1217 3002 1331 3036 eum

316 3053 520 3112 plaustri
539 3066 653 3097 casu
678 3055 891 3111 periisse.
926 3053 1105 3111 domus,
1121 3060 1175 3099 ut
1177 3052 1332 3115 fami-

313 3118 400 3176 lia,
426 3118 565 3163 seni.
616 3116 730 3165 262.
754 3118 905 3172 lucca,
927 3120 1188 3164 buccarum
1211 3117 1333 3163 hali-

314 3190 389 3239 tu,
392 3179 611 3242 sbculum
630 3183 820 3239 excitat,
841 3183 1005 3243 ignem
1021 3183 1259 3227 adcendit.

380 3245 496 3293 268.
536 3245 772 3292 Balneum
810 3254 1025 3305 paratur,
1072 3260 1168 3307 quo
1211 3250 1326 3292 ante

314 3323 506 3357 coenam
527 3311 793 3356 utebantur
826 3320 1024 3357 veteres.
1096 3311 1326 3372 Str-igitir,

307 3373 467 3441 εὕρω,
481 3372 644 3451 {vs-gis,
656 3374 1035 3421 instrumentum
1050 3377 1273 3421 balneare
1286 3387 1336 3422 et

314 3441 619 3495 tinctorium,
643 3453 740 3498 quo
769 3453 943 3499 corpus
965 3440 1069 3485 radi
1092 3440 1168 3485 vel
1192 3440 1335 3485 defri-

316 3507 435 3559 cari,
449 3505 690 3563 sudorque
707 3503 935 3564 destringi
949 3517 1033 3550 seu
1056 3505 1240 3564 detergi
1258 3519 1333 3550 so-

314 3570 450 3614 lebat
472 3572 579 3625 post
601 3568 877 3614 unctionem
903 3576 952 3614 et
984 3568 1143 3614 balnei
1166 3583 1328 3615 usum.

316 3631 578 3691 striglibus
619 3644 706 3691 pro
744 3632 1037 3692 strigilibus,
1081 3638 1137 3677 ut
1174 3639 1331 3679 metro

317 3696 635 3751 consulatum
661 3709 773 3741 nam
788 3699 945 3756 prima
962 3698 1071 3757 syll.
1094 3711 1200 3743 voc.
1220 3698 1331 3743 etri·

313 3762 437 3822 gitis
448 3761 608 3805 brevis
619 3767 692 3805 est
704 3773 720 3815 ς
740 3762 833 3807 etsi
850 3762 997 3820 vulgo
1008 3766 1201 3821 putant,
1215 3775 1333 3819 qua·

318 3834 434 3873 tuor
469 3825 581 3883 syll.
610 3826 779 3870 breves
809 3829 1099 3884 respondere
1142 3827 1332 3872 duabus

316 3889 496 3949 longis.
540 3890 713 3947 unctis,
736 3897 987 3950 unguento
1010 3891 1256 3948 delibutis,
1279 3897 1334 3936 ut

315 3955 480 4001 minus
498 3952 729 3999 laederent
745 3967 1040 4014 suavemque
1056 3962 1336 4014 spargerent

315 4020 536 4064 odorem.
595 4017 738 4064 lintea
780 4019 906 4073 vela,
948 4020 1124 4082 quibus
1162 4032 1335 4079 corpus

317 4083 576 4129 madidum
600 4081 883 4137 siccabatur.
930 4077 1122 4136 Gustus,
1145 4097 1229 4128 vas
1246 4098 1335 4129 un-

316 4143 924 4207 guentarium‚am1›blla,
967 4144 1335 4213 adsumptae·-

318 4208 478 4262 dnmon.
502 4205 705 4275 Ξλαιοφος
707 4229 764 4265 os,
776 4213 1008 4270 guttatim
1028 4214 1189 4258 oleum
1221 4215 1335 4259 fun·

319 4277 440 4321 dens
460 4276 754 4322 odoriferum
778 4277 856 4321 vel
874 4284 1140 4335 unguenta,
1162 4277 1337 4336 quibus

319 4353 521 4399 corpora
536 4342 635 4386 lota
654 4331 941 4400 linteisque
920 4354 1025 4400 Jam
1040 4340 1217 4387 siccata
1227 4353 1337 4399 per·

1393 1958 1756 2005 fundebantur
1742 1972 1795 2004 in
1811 1959 2030 2004 unetario
2052 1972 2092 2005 s.
2108 1959 2402 2045 elaeothesio.

1392 2021 1686 2088 ἆλυττηςῖῳ.

1459 2089 1571 2135 264.
1618 2102 1806 2150 μα’,οε
1845 2101 2022 2135 servos.
2082 2090 2178 2147 ille,
2216 2102 2403 2142 servus,

1393 2153 1609 2212 plaustro
1621 2166 1795 2198 εεικοιε
1819 2154 2044 2202 obtritus.
2080 2155 2197 2203 265.
2214 2153 2335 2213 sedet
2351 2156 2403 2199 in

1395 2221 1504 2277 ripa
1517 2217 1701 2278 StygiS,
1724 2219 1921 2277 cupiens
1943 2221 2209 2265 transmitti
2229 2234 2257 2265 a
2279 2217 2407 2265 Cha-

1394 2290 1555 2340 ronte,
1571 2289 1620 2327 et
1635 2283 1858 2341 cymbam
1881 2279 1984 2343 ejus
1998 2291 2308 2343 exspectans,
2322 2284 2406 2333 (cf.

1397 2346 1537 2405 Virg.
1561 2347 1670 2392 AEn.
1693 2345 1782 2392 v1.
1803 2345 1915 2393 313.
1949 2361 2047 2407 seq.
2081 2355 2131 2393 et
2165 2347 2309 2407 Prop.
2336 2346 2407 2393 11.

1396 2409 1571 2456 27.13.
1588 2406 1712 2472 seq.)
1731 2411 1805 2456 vel
1824 2413 1992 2467 tristis,
2011 2414 2120 2472 quia
2141 2427 2237 2458 non
2252 2420 2409 2457 trans-

1397 2476 1635 2520 mittitur.
1660 2490 1772 2521 nam
1797 2444 2081 2522 inhumatus
2102 2487 2194 2535 est,
2228 2480 2288 2524 de
2309 2491 2408 2536 quo

1398 2553 1446 2586 v.
1468 2538 1602 2597 Virg.
1621 2539 1652 2583 l.
1676 2539 1777 2585 l.v.
1796 2539 1910 2584 325.
1935 2554 2034 2600 seq.
2083 2542 2224 2587 Hanc
2241 2549 2404 2586 tamen

1397 2615 1612 2656 causam,
1634 2603 1727 2647 etsi
1749 2604 1993 2661 praecipua
2015 2609 2086 2647 est
2092 2605 2405 2663 ,praetermit·

1398 2668 1458 2713 tit
1480 2674 1622 2727 poeta
1639 2668 1880 2723 satiricus,
1897 2667 2025 2731 (nisi
2035 2668 2181 2714 latet
2167 2683 2217 2714 in
2232 2670 2405 2721 verbis,

1396 2731 1552 2777 horret
1563 2731 1821 2791 porthmea,
1843 2746 1925 2775 nec
1945 2736 2101 2791 eperat
2122 2739 2235 2789 cet.)
2257 2742 2407 2794 utque

1396 2796 1586 2841 fabulas
1621 2801 1870 2856 poetarum
1895 2794 1950 2848 ὣς
1974 2796 2015 2842 lv
2035 2791 2209 2862 παρίδῃ
2236 2798 2404 2851 rideat,

1397 2861 1554 2905 adfert
1576 2861 1719 2906 aliam
1744 2866 1792 2905 et
1813 2861 2010 2919 quidem
2045 2862 2274 2921 lepidam,
2294 2861 2409 2920 quia

1395 2938 1473 2969 ore
1495 2937 1583 2968 non
1606 2924 1736 2969 habet
1759 2926 1990 2980 trientem,
2014 2939 2147 2987 quem
2169 2940 2276 2986 porr
2287 2926 2411 2987 figat,

1396 2990 1479 3048 det
1507 2989 1760 3047 charonti,
1797 2995 2046 3048 tamquam
2083 2992 2307 3049 naulum,
2347 2992 2409 3037 de

1398 3066 1496 3112 quo
1519 3067 1566 3097 v.
1589 3052 1677 3099 inf.
1700 3056 1762 3100 ad
1778 3052 1919 3101 vm.
1938 3054 2021 3102 97.
2055 3055 2123 3100 os
2136 3056 2268 3101 enirn
2285 3056 2412 3102 infe-

1397 3119 1505 3163 licis
1545 3118 1669 3163 servi
1698 3119 1764 3163 ita
1798 3120 2033 3166 obtritum
2069 3126 2173 3165 erat
2205 3121 2410 3178 plaustri

1388 3183 1549 3259 ruina,
1571 3188 1627 3228 ut
1649 3183 1798 3228 triens
1820 3183 1898 3228 vei
1931 3186 2170 3244 quadrans
2203 3184 2279 3229 vel
2295 3186 2410 3231 obo-

1391 3247 1469 3291 lus
1491 3248 1535 3292 ei
1553 3260 1649 3292 non
1666 3260 1775 3305 poss
1779 3255 1828 3293 et
1845 3248 2013 3306 inseri,
2027 3255 2076 3293 et
2088 3248 2202 3293 hinc
2216 3249 2407 3295 Charon

1393 3311 1594 3383 fingitur
1614 3324 1851 3365 recusare,
1867 3326 1964 3372 quo
1988 3315 2153 3358 minus
2173 3326 2286 3357 eum
2310 3319 2409 3358 tra-

1392 3370 1548 3435 jiciat.
1592 3376 2409 3435 novzcius‚inperitus,rud1smfer

1399 3440 1449 3484 ni
1472 3440 1640 3492 moris,
1666 3441 1762 3498 vel,
1780 3441 1865 3515 qui
1890 3453 2021 3485 nunc
2047 3441 2245 3485 demum
2281 3441 2411 3487 Cha·

1398 3510 1588 3549 rontem
1611 3503 1730 3548 vidit
1754 3510 1801 3547 et
1829 3505 1879 3548 in
1906 3503 2103 3549 inferos·
2094 3498 2240 3548 ssvenit
2263 3506 2408 3552 locos.

1393 3567 1669 3624 Porthmea,
1680 3565 1890 3631 πορθμέα,
1899 3566 2412 3627 portitorem,Cha1-on·

1395 3639 1517 3688 tem,
1538 3633 1623 3690 qu'i
1639 3634 1836 3677 umbras
1855 3638 1959 3677 rate
1977 3629 2170 3694 trajicit.
2212 3635 2408 3695 tetrum,

1396 3697 1568 3755 qualis·
1574 3697 1828 3742 exhibetur
1849 3696 2039 3755 a'Virg.
2055 3697 2164 3743 AEn.
2185 3697 2272 3745 vl.
2284 3699 2410 3747 298.

1398 3773 1498 3819 seq.
1523 3760 1636 3808 Sen.
1661 3762 1807 3807 Herc.
1824 3761 1939 3808 Fur.
1966 3760 2073 3808 764.
2092 3775 2194 3821 seq.
2216 3769 2267 3809 et
2288 3764 2409 3809 allis.

1397 3827 1563 3871 coenoei
1577 3826 1806 3885 gurgitis,
1823 3826 1886 3872 cf.
1909 3825 2043 3885 Virg.
2061 3826 2171 3872 AEn.
2192 3828 2278 3874 v1.
2298 3828 2411 3875 296.

1399 3895 1448 3935 et
1468 3880 1581 3944 416.
1603 3892 1688 3936 ubi
1711 3905 1756 3937 v.
1783 3892 1958 3950 Heyne
1982 3890 2185 3938 Excurs.
2209 3893 2304 3939 lx.
2337 3892 2408 3938 al-

1399 3968 1531 4008 mam,
1554 3954 1808 4001 charontis
1827 3956 2069 4016 cymbam,
2086 3969 2282 4018 navem.

1465 3988 1574 4066 269.
1599 4032 1697 4079 seq.
1713 4019 1921 4080 Reputa‚
1936 4032 2120 4079 quae80‚
2138 4034 2287 4079 quarn
2301 4015 2411 4068 alto

1400 4083 1498 4128 sint
1531 4085 1659 4129 aedes
1684 4084 1868 4130 Romae.
1933 4084 2058 4137 Quae
2091 4098 2188 4143 quo
2219 4086 2413 4132 altiores

1400 4154 1535 4203 sunt,
1559 4161 1615 4193 eo
1636 4148 1796 4223 majos
1817 4154 1890 4193 est
1912 4149 2179 4221 periculum
2205 4162 2234 4201 a
2256 4152 2410 4205 testis,

1401 4225 1524 4273 quae
1547 4225 1607 4257 ex
1641 4213 1700 4257 iis
1733 4213 1961 4258 decidunt
1993 4209 2069 4256 vei
2102 4209 2409 4271 dejiciuntur,

1402 4277 1710 4337 potissimum
1735 4282 1896 4320 noctu.
1939 4282 2094 4327 curm,
2119 4274 2286 4320 fracta.

1465 4338 1578 4385 272.
1615 4339 1832 4397 ignavus,
1851 4350 2026 4391 socors,
2044 4339 2123 4384 tui
2142 4325 2409 4401 negligens}

1613 4420 1654 4460 Κ
