2978 4920
975 317 1042 380 S
1062 314 1357 380 ATIR
1375 314 1443 376 A
1505 313 1618 376 IV.

2263 310 2345 378 77

363 489 703 552 Servabat:
751 499 961 552 tamen
975 484 1091 553 ,hic
1120 497 1443 571 properat,
1472 483 1647 573 velut
1679 492 1956 567 urgueat
1981 482 2251 573 Auster<

360 590 579 677 thue
607 589 780 653 lacus
808 588 1131 664 suberant,
1162 587 1297 664 ubi,
1327 606 1718 673 quamquam
1746 579 2350 661 dirumservavfflo

357 693 578 780 Ignem
611 692 989 778 Trojanum,
1019 701 1084 779 et
1107 689 1367 756 ‚Vestam
1396 688 1547 754 colit
1578 687 1754 753 Alba
1777 687 2127 773 minonem„
2184 700 2249 749 ω

361 793 641 876 ΟὶιειιίιίιΔ
655 791 921 861 intranti
935 792 1241 856 ,miratrix
1271 790 1463 856 turba
1488 811 1850 879 parumper.

360 897 457 959 Ut
486 894 692 972 cessit,
722 891 893 957 facili
921 904 1266 979 patuerunt
1298 891 1553 959 cardine
1582 889 1803 981 valvae.
1840 878 1845 881 ²

279 986 282 989 “
358 996 627 1061 Exclusi
657 1007 942 1083 spectant
971 994 1245 1060 admissa
1270 993 1533 1080 opsonia
1562 995 1801 1059 Patres

357 1098 507 1161 Itur
536 1095 620 1159 ad
649 1094 966 1161 Attidem.
1059 1095 1236 1157 Tum
1266 1092 1514 1171 Picens,
1544 1091 1820 1177 Adcipe,
1849 1089 2036 1168 dixit,

356 1193 634 1259 Privatis
662 1194 904 1279 majora
930 1192 1121 1257 focis:
1155 1192 1431 1279 genialis
1458 1205 1689 1285 agatur

2208 1050 2351 1157 (65

354 1297 491 1359 Iste
520 1293 675 1373 dies,
706 1315 978 1380 propera
1005 1293 1395 1358 stomachum
1427 1292 1642 1357 laxare
1669 1292 1923 1379 saginis,

271 1432 274 1435 ·
357 1398 451 1483 Et
480 1408 596 1461 tua
624 1406 942 1459 servatum
973 1416 1269 1458 consume
1294 1394 1362 1457 in
1392 1394 1621 1458 saecula
1649 1393 2003 1495 rhombum.

265 1584 318 1627 et
339 1579 562 1638 ingratus
572 1576 886 1636 adspectu,h.
908 1590 952 1621 e.
969 1576 1142 1630 tristis,
1161 1589 1284 1635 proe·

267 1644 410 1702 cipue
432 1648 629 1702 propter
660 1640 1037 1694 deformitatem,
1070 1641 1282 1688 tristem-

266 1720 366 1766 que
385 1707 566 1755 faciem
586 1711 790 1758 nature,
812 1711 869 1751 ιιι
890 1712 1059 1751 contra
1074 1718 1155 1751 ver
1168 1719 1285 1765 gra·

268 1775 386 1818 tm
399 1770 625 1830 proedom,
638 1774 833 1828 captum
847 1770 1048 1828 piscem,
1060 1773 1280 1815 recentem

266 1835 502 1890 servabat,
527 1846 568 1881 ,a
593 1834 910 1892 conruptione
941 1846 998 1880 ac
1027 1833 1282 1893 putredine

267 1900 577 1949 defendebat.
628 1897 709 1944 59.
739 1902 957 1958 properat
975 1897 1054 1943 hic
1075 1898 1284 1957 piscator

268 1960 330 2009 ad
354 1965 723 2023 Imperatorem.
784 1960 981 2020 Auster,
1006 1975 1103 2020 quo
1135 1962 1282 2007 flante

268 2028 591 2104 gravissimus
610 2026 762 2081 oritur
778 2032 941 2082 astus,
952 2025 1036 2086 qui
1050 2038 1217 2072 carnes
1234 2032 1282 2070 et

267 2092 473 2149 opsonia
506 2091 797 2150 conrumpit.
842 2091 922 2136 cf.
945 2091 1007 2137 ad
1042 2105 1088 2138 v.
1120 2090 1199 2136 56.
1234 2095 1284 2134 et

271 2154 418 2207 XIV·
446 2155 558 2203 130.

333 2221 416 2267 60.
452 2233 583 2279 seqq.
625 2220 790 2266 Intell.
826 2219 1061 2266 Albanum
1093 2232 1134 2265 s.
1171 2215 1282 2261 villa

269 2284 550 2331 Domitiani
571 2284 774 2340 Albana,
795 2286 886 2330 sub
917 2283 1122 2328 collibus
1145 2281 1283 2328 Albae

267 2348 384 2403 sita,
399 2361 500 2407 quo
515 2360 703 2393 secessu
724 2349 845 2392 adeo
864 2348 1210 2397 delectabatur,
1229 2349 1286 2389 ut

266 2425 381 2457 eam
392 2411 534 2470 quasi
551 2412 750 2456 domum
766 2417 816 2455 et
829 2412 1008 2469 regiam
1025 2411 1099 2455 vel
1113 2421 1284 2464 arcem,

267 2475 446 2539 (mse
480 2494 522 2520 *n
526 2474 576 2521 ,ἃ
598 2472 708 2538 ἄεξ’
688 2483 836 2521 stom
862 2475 1001 2519 Diou.
1004 2471 1061 2535 )
1049 2488 1202 2519 immo
1232 2477 1284 2516 et

265 2543 461 2589 curiam
483 2541 695 2593 haberet,
710 2555 808 2598 quo
819 2539 1083 2596 sepissime
1095 2538 1171 2582 vel
1185 2536 1283 2581 Pa-

270 2610 367 2651 tres
391 2605 469 2650 vel
495 2603 751 2649 Pontifices
784 2603 1013 2649 evocabat
1046 2602 1095 2647 in
1130 2599 1288 2646 consi-

271 2669 416 2724 lium.
437 2676 499 2714 ut
516 2682 647 2714 nunc
668 2681 813 2727 super
829 2667 1043 2722 rhombo.
1076 2664 1148 2711 cf.
1169 2677 1284 2709 mox

272 2748 320 2780 v.
341 2732 423 2786 64.
448 2745 547 2791 seq.
570 2738 619 2777 et
643 2731 751 2777 145.
777 2732 896 2778 Plin.
922 2730 1079 2790 Epist,
1094 2727 1189 2775 IV.
1207 2727 1283 2774 11.

274 2797 321 2848 6.
346 2797 482 2850 Suet.
508 2797 694 2842 Domit.
716 2795 767 2844 4.
798 2803 848 2842 et
882 2794 961 2842 19.
997 2796 1116 2841 Stat·
1153 2792 1281 2852 Sylv.

277 2860 374 2911 1V.
397 2862 445 2908 2.
467 2860 542 2907 18.
564 2873 662 2919 seq.
686 2861 767 2907 62.
788 2875 888 2920 seq.
913 2865 964 2905 et
985 2859 1101 2905 Tac.
1119 2855 1281 2916 Agric.

274 2939 316 2971 c·
339 2924 420 2971 45.
447 2927 530 2970 ubi
553 2939 603 2972 v.
625 2926 749 2983 Lips.

342 2989 420 3034 60.
449 2990 626 3049 thue
666 2988 792 3034 lacus
834 2989 1009 3034 Albani
1052 2986 1283 3042 suberant,

275 3065 442 3112 prope,
464 3067 557 3098 non
577 3054 718 3112 longe
732 3053 907 3099 remoti
923 3059 1074 3098 erant.
1128 3049 1285 3095 Lacus

274 3119 515 3170 Albanus,
536 3118 666 3176 (hod.
693 3116 824 3177 Lago
837 3116 887 3162 di
910 3115 1062 3162 Castcl
1082 3111 1282 3161 Gaudet

263 3179 343 3240 so)
359 3183 421 3228 ad
443 3184 615 3227 Albam
635 3180 849 3241 Longam
875 3187 924 3225 et
945 3180 1126 3226 radices
1142 3190 1283 3223 mon·

278 3246 356 3300 tis,
372 3248 434 3292 de
458 3259 616 3304 quov.
635 3245 739 3291 Liv.
764 3244 830 3289 V.
854 3243 930 3291 15.
947 3258 1048 3303 seq.
1069 3244 1133 3289 al.
1164 3240 1285 3285 Alba

276 3309 447 3370 Longa
471 3312 585 3355 urbs
606 3309 734 3355 Latii
757 3310 951 3354 condita
972 3310 1033 3354 ab
1055 3305 1282 3368 Ascanio,

277 3380 326 3418 et
345 3374 506 3419 diruta
522 3388 551 3419 a
567 3373 712 3419 Tullo
735 3373 957 3427 Hostilio,
976 3374 1104 3431 quod
1121 3370 1195 3415 vel
1218 3382 1280 3415 ex

280 3436 386 3493 Liv.
407 3436 454 3482 Ι.
485 3436 532 3483 3.
565 3436 646 3485 25.
677 3437 756 3482 29.
789 3449 924 3511 seqq.
957 3436 1283 3482 notissimum.

214 3534 219 3538 .
281 3488 356 3547 6'1.
387 3502 569 3547 Vestam
593 3515 707 3548 cum
738 3501 841 3560 igni
862 3493 1209 3559 aeternoTroja
1229 3497 1281 3542 in

282 3562 476 3612 ltaliam
508 3567 569 3610 ab
592 3568 763 3622 AEnea,
784 3565 955 3613 deinde
978 3564 1176 3612 Lavinio
1197 3561 1283 3607 Al·

281 3628 390 3674 bam
415 3630 633 3689 Longam
665 3631 729 3675 ab
745 3597 977 3686 ’Ascanio,
998 3637 1048 3676 et
1079 3626 1286 3685 denique

282 3692 405 3739 Alba
425 3693 634 3739 Romam
652 3707 683 3739 a
699 3693 842 3740 Tullo
863 3694 1070 3740 Hostilio
1087 3689 1288 3739 transla-

285 3761 399 3802 tam.
425 3758 501 3804 Cf.
523 3758 682 3818 Heyn·
705 3746 930 3815 Exc.1X-
948 3759 1009 3804 ad
1028 3758 1163 3819 Virg.
1175 3753 1286 3802 AEn

287 3818 356 3868 11.
376 3820 487 3867 293.
519 3821 640 3868 Alba
653 3820 810 3867 diruta
824 3823 1010 3867 servat·
992 3836 1148 3882 sguaem
1172 3817 1288 3864 Tro-

276 3883 440 3942 janum
453 3890 496 3932 et
520 3885 700 3933 Vestam
714 3886 844 3933 colit.-
868 3888 981 3931 urbs
993 3900 1158 3932 eversa
1171 3899 1238 3944 pr
1243 3901 1287 3927 ‹-

290 3953 361 3992 ter
381 3949 619 4008 templum
644 3950 830 4008 Vestae,
850 3958 970 3996 teste
993 3950 1145 3997 Strnb.
1165 3951 1225 3998 V.
1241 3963 1287 4008 p·

288 4010 401 4062 160.
463 4013 644 4059 Vestam
664 4017 887 4060 ’ninevem
910 4023 1051 4073 poeta
1071 4016 1193 4061 dixit
1214 4028 1288 4060 rc-

290 4085 451 4133 ·pectu
466 4072 662 4154 majoris
678 4080 864 4150 templi,
885 4082 1049 4126 Romae
1061 4080 1243 4126 conditi
1259 4092 1289 4124 a

292 4136 472 4194 Numa,
495 4142 579 4200 qui
612 4141 662 4187 in
698 4138 803 4214 ejus
834 4144 957 4188 atrio
988 4144 1288 4203 aliquamdiu

288 4201 549 4260 habitabat,
582 4213 633 4252 et
664 4202 860 4267 majoris
901 4208 1160 4267 religionis,
1195 4219 1290 4267 qua

293 4264 457 4314 Romae
499 4270 763 4328 colebatur,
796 4284 939 4330 quam
974 4272 1023 4316 in
1057 4273 1174 4318 urbe
1205 4274 1288 4319 de·

291 4336 430 4386 serta,
444 4334 525 4380 ubi
542 4335 827 4396 inhonorata
841 4337 978 4406 quasi
996 4337 1289 4408 remanebat.

1348 1577 1494 1636 Sacra
1516 1581 1679 1623 tamen
1712 1575 1882 1622 Veste
1915 1574 2197 1635 Symmachi
2230 1586 2351 1621 non

1345 1642 1465 1687 dum
1489 1654 1595 1687 aevo
1617 1640 1756 1687 Albe
1775 1641 1992 1697 desiisse,
2012 1644 2144 1699 patet
2165 1652 2226 1685 ex
2247 1634 2350 1699 ejus

1345 1706 1505 1765 Epist.
1527 1704 1624 1753 ῙΧ.
1648 1704 1755 1751 120.
1778 1712 1828 1749 et
1851 1703 1964 1752 121.
2066 1744 2071 1751 .

1407 1769 1487 1815 62.
1514 1767 1699 1815 obnuit
1719 1782 1968 1827 parumper
1983 1768 2351 1827 intr-ancipisca

1344 1834 1439 1880 tori
1473 1833 1608 1880 turbo
1637 1834 1863 1879 ”tirus-ix
1876 1849 1896 1880 .-
1936 1833 2025 1879 sed
2055 1835 2109 1876 ut
2141 1834 2272 1879 cessit
2303 1831 2353 1879 ei

1346 1900 1452 1945 haec
1474 1900 1634 1951 turba,
1657 1905 1850 1958 stupore
1871 1896 2088 1949 remisso.
2105 1897 2260 1942 facilis
2281 1897 2354 1942 im

1341 1963 1506 2022 patuit
1529 1963 1701 2008 aditus.
1763 1961 1848 2009 63.
1865 1960 2010 2023 ficili
2037 1960 2242 2011 cardine.
2265 1961 2352 2019 qui

1347 2027 1487 2075 facile
1519 2029 1822 2084 movebatur,
1842 2025 2030 2082 mobili,
2050 2025 2272 2082 volubili,
2290 2031 2355 2083 1ιιι

1345 2098 1515 2137 contra
1534 2090 1761 2150 difficilem
1780 2090 1941 2151 sorem
1963 2088 2047 2152 (ob
2058 2084 2347 2149 janitorem)

1346 2156 1470 2202 dixit
1509 2154 1648 2201 ovid.
1686 2154 1858 2201 Amor.
1901 2154 1947 2199 1.
1980 2154 2028 2200 6.
2064 2152 2111 2200 2.
2175 2153 2354 2199 Facilis

1344 2226 1509 2269 autem
1543 2220 1703 2265 aditus
1734 2226 1837 2266 erat
1868 2218 2077 2274 bomini,
2101 2224 2151 2264 et
2172 2229 2355 2264 munus

1344 2291 1395 2329 et
1446 2296 1552 2329 rem
1595 2284 1733 2329 valde
1784 2282 2057 2329 mirabilem
2097 2282 2355 2329 adferenti-

1345 2349 1489 2394 valvoe
1510 2348 1660 2404 viuae,
1683 2347 1861 2393 Albani
1877 2362 1892 2392 ι
1926 2359 2038 2404 quoe
2069 2346 2215 2391 mlvoe
2246 2346 2355 2398 (du-

1341 2410 1625 2473 plicesfores
1648 2411 1786 2457 ovid.
1809 2413 1927 2458 Am.
1951 2408 1993 2456 L
2016 2409 2066 2457 8.
2086 2408 2189 2471 22.)
2218 2408 2355 2460 Pala.

1347 2477 1429 2521 tiis
1454 2477 1534 2523 vel
1565 2477 1789 2523 domibus
1821 2476 2069 2523 nobilium.
2090 2489 2355 2536 earumque

1347 2542 1482 2585 atriis
1503 2542 1708 2598 propriae
1728 2546 1893 2591 erant,
1930 2541 2056 2584 unde
2063 2541 2217 2600 Jungc
2236 2541 2355 2587 ostia

1348 2604 1438 2656 inf.
1464 2604 1555 2651 IX.
1590 2603 1698 2649 105.
1740 2611 1797 2649 ιιι
1815 2604 2002 2664 juncte
2017 2607 2242 2663 ‚fenestre
2272 2617 2353 2700 ap.

1348 2668 1523 2715 Horat.
1544 2668 1634 2714 Od.
1660 2668 1701 2713 1.
1724 2664 1873 2713 25.1.

1412 2731 1496 2783 64.
1515 2731 1714 2778 Exn-hui
1732 2731 1858 2777 Urbe
1874 2736 1923 2776 et
1940 2731 2152 2791 arcessiti
2156 2732 2230 2778 ab
2249 2733 2355 2778 Ιιιι-

1346 2805 1583 2857 peratore,
1605 2797 1691 2855 qui
1723 2797 1772 2842 in
1804 2796 2019 2842 Albano
2027 2797 2358 2844 commoraba-

1349 2872 1444 2909 tur.
1510 2861 1742 2919 spectare.
1782 2865 1838 2906 ut
1879 2856 2077 2914 βλισιη,
2110 2860 2355 2918 adspicere

1346 2939 1460 2973 cum
1492 2924 1809 2972 admiratione
1826 2926 1904 2970 vel
1926 2922 2203 2982 voluptate.
2216 2938 2350 2983 epam

1346 2992 1446 3046 nia,
1464 2990 1665 3049 piscem,
1685 2990 1962 3035 rhombum.
2007 2987 2244 3040 Atridem.
2256 2989 2355 3035 Do-

1346 3056 1625 3110 mitianum,
1642 3054 1906 3114 principem
1932 3053 2281 3106 Romanorum.
2298 3061 2356 3105 ut

1346 3120 1682 3178 Agamemnon
1714 3118 1809 3163 fuit
1832 3117 2134 3173 Graecorum,
2158 3126 2209 3163 et
2240 3117 2354 3164 huic

1347 3197 1515 3241 parem
1536 3183 1821 3241 arrogantia.
1866 3179 2051 3234 Picens,
2064 3182 2276 3239 piscator
2292 3194 2354 3228 ex

1348 3246 1550 3304 Piceno,
1568 3259 1715 3305 prope
1737 3256 1870 3293 mare
1889 3246 2247 3301 Hadriaticum,
2258 3245 2354 3291 ori·

1349 3313 1523 3358 undus-
1590 3310 1667 3356 66.
1684 3310 1891 3369 privatis
1910 3309 2239 3370 majorafocis,
2255 3309 2354 3366 pis·

1342 3389 1449 3422 cem
1471 3370 1729 3435 majorem,
1743 3387 1891 3431 quam
1914 3380 1970 3418 ut
1990 3374 2052 3418 ab
2074 3372 2353 3422 hominibus

1336 3440 1546 3500 privatis
1567 3438 1633 3500 (γ.
1664 3441 1727 3484 ad
1750 3433 1998 3490 vx.114.)
2029 3435 2355 3496 tenuior-isque

1346 3503 1667 3549 conditionis
1654 3515 1706 3554 m
1736 3503 1846 3547 foco
1877 3499 2020 3558 coqui
2050 3504 2101 3548 et
2131 3500 2354 3550 consumi

1348 3568 1515 3626 possit
1531 3580 1588 3611 ac
1618 3567 1805 3614 debeat.
1871 3563 2126 3609 Rhombus
2163 3576 2354 3623 quoque
2442 3575 2447 3578 ·

1348 3636 1423 3677 est
1443 3631 1582 3677 cibus
1600 3628 1881 3688 exquisitior
1895 3628 2241 3688 ditiorumque,
2256 3641 2355 3680 non

1349 3707 1639 3754 pauperum,
1696 3691 1879 3739 mensis
1940 3692 2353 3742 adcommodatus..

1346 3757 1544 3819 genialis
1564 3757 1677 3814 dies,
1704 3758 1863 3812 laetus,
1878 3756 2048 3809 festus,
2067 3764 2122 3802 ut
2142 3759 2320 3816 Psswim
2336 3772 2350 3801 ι

1354 3836 1469 3869 nam
1502 3823 1587 3881 qui
1621 3822 1801 3868 laetitioe
1825 3821 2352 3880 voluptatiquenedat,

1356 3886 1504 3934 Genio
1517 3885 1756 3946 indulgere
1766 3891 1815 3932 et
1826 3885 2024 3945 obsequi,
2040 3888 2116 3936 vel
2128 3886 2261 3934 illum
2270 3898 2355 3932 σιοο.

1352 3965 1462 3997 rare
1478 3965 1535 3997 ac
1565 3950 1767 4011 phacare,
1786 3960 1836 3996 et
1859 3956 2027 4004 contra
2057 3948 2353 4010 defraudare,

1352 4015 1543 4061 dicitur.
1608 4014 1690 4062 67.
1720 4013 2019 4064 Stomachum
2043 4014 2216 4069 lasere,
2222 4026 2356 4063 ext>-

1352 4092 1536 4134 nei-are,
1559 4093 1808 4134 evacuare,
1834 4085 1891 4125 ut
1921 4081 2030 4138 plus
2062 4076 2157 4133 cibi
2187 4089 2357 4136 capere

1352 4145 1527 4201 possit·
1565 4145 1640 4190 vel
1665 4144 1823 4203 potius
1844 4143 1894 4187 h.
1918 4143 1953 4189 Ι.
1968 4141 2240 4193 extendere,
2253 4152 2358 4187 sm·

1353 4209 1521 4265 pliare.
1542 4210 1672 4267 quod
1696 4209 1749 4252 fit
1770 4202 2064 4266 τιλνφιισγίφ.
2107 4203 2286 4262 sagina
2306 4205 2355 4248 Ιι.

1354 4272 1388 4317 l.
1410 4273 1547 4317 cibus
1567 4272 1849 4331 exquisitior
1864 4280 1914 4314 et
1930 4270 2118 4326 copiose
2134 4272 2353 4321 sumtusz

1353 4336 1543 4395 proprie
1573 4336 1777 4390 sartura,
1797 4340 1863 4398 0¹}-
1878 4333 2050 4380 deinde
2081 4331 2236 4385 cibus,
2261 4343 2357 4390 quo
