2978 4920
605 324 730 395 150

688 497 1017 584 Torqueat
1047 494 1471 579 enthymema,
1505 515 1617 556 nec
1647 492 1937 556 historias
1968 491 2121 555 sciat
2152 510 2409 555 omnes:

1307 313 1978 385 JUVENALIS

2562 493 2683 558 460

688 600 815 664 Sed
838 597 1135 686 quaedam
1165 619 1242 659 ex
1275 595 1452 659 libris
1472 607 1538 659 et
1569 616 1694 657 non
1726 593 2060 679 intelligat.
2153 592 2280 656 Odi

687 704 876 766 Hanc
906 724 1046 786 ego,
1078 722 1224 785 quae
1254 698 1485 784 repetit
1515 698 1845 783 volvitque
1881 697 2258 761 Palaemonis
2288 709 2510 773 artem,

689 805 954 866 Servata
984 823 1228 886 semper
1255 798 1397 885 lege
1427 809 1491 861 et
1524 799 1768 862 ratione
1798 797 2123 883 loquendi,

691 909 1083 991 Ignotusque
1114 903 1270 967 mihi
1299 914 1471 966 tenet
1504 902 1865 988 antiquaria
1890 916 2131 976 versuS,

691 1010 825 1073 Nec
856 1008 1137 1072 curanda
1164 1007 1317 1070 viris
1347 1006 1549 1092 opicae
1578 1004 1847 1090 castigat
1877 1004 2095 1068 amicae

1011 1109 1445 1173 Soloecismum
1467 1108 1652 1172 liceat
1684 1108 1904 1171 fecisse
1932 1107 2178 1172 marito.

690 1112 915 1176 Verba.

2566 1000 2688 1068 455'

774 1213 887 1277 Nil
916 1234 1042 1276 non
1071 1210 1386 1297 permittit
1416 1208 1646 1272 mulier
1677 1209 1818 1285 sibi,
1852 1221 2041 1295 turpe
2070 1220 2260 1295 putat
2292 1204 2403 1285 nil,

690 1312 915 1389 Quum
944 1311 1177 1375 virides
1204 1333 1483 1396 gemmas
1512 1308 1674 1372 collo
1703 1308 2142 1385 circumdedit,
2173 1321 2234 1372 et
2263 1331 2463 1393 quum

690 1415 982 1479 Auribus
1011 1412 1283 1477 extentis
1311 1433 1575 1497 magnos
1605 1410 1917 1473 commisit
1948 1408 2257 1472 elenchos,

695 1516 1167 1584 Intolerabilius
1195 1515 1352 1578 nihil
1381 1527 1498 1591 est,
1531 1536 1723 1600 quam
1754 1512 1989 1575 femina
2016 1511 2210 1575 diveS.

2570 1502 2688 1579 460

780 1620 1036 1683 Interea
1056 1616 1231 1680 foeda
1258 1615 1564 1701 adspectu
1596 1612 1987 1697 ridendaque
2018 1612 2222 1675 multo

671 1802 785 1851 449.
817 1810 901 1849 aut
921 1806 1106 1849 curtum
1130 1809 1223 1849 cet.
1244 1802 1295 1847 h.
1317 1815 1363 1847 e.
1394 1808 1478 1847 aut
1501 1800 1619 1846 Dia·
1683 1799 1969 1845 eruditionis
1989 1800 2173 1845 famam
2208 1801 2474 1857 adfectant,
2501 1797 2580 1845 vel
2613 1800 2694 1844 de·

607 1870 792 1916 lecticae
818 1869 935 1914 artis
956 1868 1109 1927 perita
1141 1867 1220 1912 sit.
1288 1865 1621 1924 Enthymema‚

609 1931 850 1994 Μῦμημ,
887 1931 1077 1993 proprie
1110 1931 1341 1990 quaelibet
1372 1929 1623 1988 cogitatio,

608 2007 660 2044 et
681 1999 853 2044 deinde
873 1996 1116 2044 conclusio
1134 2008 1161 2039 e
1174 1993 1424 2039 sententiis
1434 2001 1625 2039 contra-

610 2062 714 2114 riis,
733 2061 811 2106 vel
833 2060 991 2105 forma
1014 2058 1305 2118 syllogismi,
1331 2058 1414 2116 qui
1437 2058 1626 2103 Aristo-

611 2126 698 2171 teli
725 2121 1072 2185 μονολῆμμαης
1095 2124 1287 2175 dicitur,
1325 2123 1373 2167 in
1409 2135 1507 2183 quo
1528 2136 1627 2168 una

609 2190 969 2249 praemissarum
1037 2188 1415 2246 propositionum
1469 2188 1625 2244 deest,

611 2267 760 2313 quam
816 2250 1100 2315 ὶυθυμίομαι,
1154 2252 1331 2311 cogito,
1376 2251 1426 2296 h.
1470 2264 1512 2296 e.
1569 2253 1619 2296 in

609 2324 777 2364 mente
798 2320 995 2364 retineo.
1045 2317 1246 2363 Cur-tum
1266 2320 1482 2372 vocatur,
1504 2330 1625 2374 quo..

610 2382 745 2428 niam
769 2389 841 2428 est
862 2384 1182 2429 decurtata·et
1204 2387 1374 2425 trunca
1396 2381 1622 2438 quaedam

612 2448 984 2507 argumentandi
1026 2445 1164 2493 ratio.
1230 2444 1306 2491 cf.
1346 2445 1520 2492 HeinS.
1561 2447 1622 2492 ad

611 2512 757 2559 ovid.
782 2510 1122 2559 Fast.11.4oe.
1155 2511 1314 2555 Verba
1333 2523 1537 2556 sermone
1547 2523 1623 2554 ro-

609 2579 710 2622 tato
730 2583 948 2636 spectant
970 2577 1030 2622 ad
1052 2576 1313 2621 rotundam
1336 2574 1622 2620 brevitatem

613 2641 995 2701 propositionum
1031 2641 1105 2685 vel
1140 2639 1487 2685 sententiarum
1521 2652 1628 2683 om-

614 2706 784 2764 nisque
805 2705 1143 2757 conclusionis,
1165 2717 1296 2763 quae,
1320 2716 1417 2762 quo
1439 2704 1628 2750 brevior

614 2782 671 2816 ac
693 2771 944 2815 rotundior
961 2777 1054 2827 est,
1071 2781 1128 2813 eo
1145 2768 1318 2813 fortius
1334 2767 1471 2825 ferit3
1497 2769 1626 2814 unde

615 2841 663 2879 et
675 2834 902 2893 praeclare
915 2834 1092 2879 dicitur
1106 2833 1331 2892 torqueat,
1343 2832 1628 2890 metaphora

617 2899 769 2957 petita
812 2911 842 2942 a
873 2894 1067 2958 jaculis,
1106 2909 1236 2955 quae,
1277 2908 1428 2952 quum
1459 2895 1627 2948 brevia

615 2968 752 3018 sunt,
772 2961 966 3005 rotando
977 2964 1262 3019 torquentur.
1295 2958 1428 3004 Hinc
1438 2958 1625 3017 J‘acuIa-

615 3028 691 3069 tor
710 3025 887 3071 dicitur
903 3026 1066 3070 rhetor
1088 3022 1178 3069 inf.
1198 3023 1320 3069 vn.
1345 3021 1453 3068 193.
1477 3028 1526 3067 et
1549 3037 1625 3083 ap.

605 3086 786 3136 senec.
807 3088 857 3133 in
887 3087 1043 3147 Epist.
1091 3086 1269 3133 Eadem
1289 3086 1371 3132 illa
1385 3089 1624 3143 sententia,

615 3150 739 3196 velut
761 3155 928 3198 lacerto
944 3165 1148 3207 excussa,
1159 3153 1412 3213 torquetur,
1430 3163 1506 3209 ap.
1524 3152 1625 3197 Cic.

523 3231 537 3246 ⁸
616 3215 701 3262 Or.
723 3216 803 3264 70.
865 3215 1184 3261 Demosthenis
1207 3217 1386 3260 vibrant
1394 3213 1626 3273 fulmina,

617 3294 697 3339 ap.
720 3279 919 3327 Petron.
945 3279 1054 3325 109.
1077 3286 1126 3324 et
1148 3279 1353 3332 Quintil.
1378 3278 1476 3325 XI.
1496 3277 1542 3323 8.
1579 3278 1624 3341 §.

620 3344 731 3392 120.
740 3345 951 3406 jaculari
972 3343 1099 3389 dicta
1120 3347 1164 3390 et
1182 3342 1443 3390 sententias.

681 3409 795 3457 452.
832 3413 980 3455 artem
1003 3408 1298 3461 Paloemonis,
1322 3407 1372 3452 h.
1393 3422 1433 3451 e.
1452 3409 1625 3453 Gram-

614 3477 863 3521 maticam.
923 3472 1055 3520 Nam
1082 3473 1153 3520 M.
1177 3473 1251 3519 vel
1285 3472 1345 3524 Q.
1369 3473 1627 3518 Remmius

616 3538 878 3594 Palemon,
928 3538 1161 3599 magister
1196 3536 1503 3591 Quintiliani,
1537 3539 1627 3582 sub

615 3601 809 3649 Tiberio
840 3610 889 3649 et
921 3604 1124 3650 Claudio
1163 3602 1427 3661 principem
1461 3601 1625 3647 locum

615 3666 743 3712 inter
759 3668 1112 3713 Grammaticos
1135 3667 1309 3720 tenuit,
1323 3672 1372 3711 et
1394 3667 1625 3725 adrogan-

618 3729 688 3774 tia
718 3730 813 3776 fuit
844 3737 1000 3787 tanta,
1025 3738 1081 3776 ut
1113 3743 1278 3776 secum
1312 3737 1361 3775 et
1399 3735 1556 3783 nataS,
1580 3735 1629 3775 et

616 3795 877 3839 morituras
921 3795 1100 3849 literas,
1138 3792 1362 3856 jactaret.
1407 3795 1485 3840 Cf.
1534 3794 1624 3839 inf.

617 3856 738 3904 VH.
753 3857 862 3903 215.
877 3871 978 3918 seq.
988 3864 1036 3902 et
1052 3858 1250 3905 Sueton.
1264 3858 1326 3902 de
1337 3859 1625 3904 ill.Gramm.

618 3920 699 3969 23.
721 3921 864 3967 volvit
884 3922 1042 3967 verbis
1075 3928 1122 3966 et
1144 3922 1327 3979 lingua,
1362 3923 1439 3967 vel
1461 3934 1627 3967 secum

617 3997 656 4031 s.
675 3986 857 4040 animo,
880 3985 1128 4045 expendit,
1144 3985 1410 4042 examinat,
1432 3984 1508 4029 vel
1530 3995 1624 4030 tra-

616 4055 748 4106 ctat3
772 4064 882 4112 quae
901 4048 1120 4094 notiones
1137 4049 1284 4095 etiam
1311 4053 1457 4095 verbo
1478 4050 1625 4094 simili

617 4127 801 4160 versare
811 4108 1042 4173 subJ‘ectae
1056 4121 1189 4158 sunt.
1223 4111 1337 4160 454.
1349 4111 1628 4173 Antiquam

616 4179 846 4226 dicuntur
889 4178 967 4223 vel
1006 4182 1223 4224 veterum
1245 4183 1532 4236 poetarum,
1556 4179 1630 4223 hi-

616 4245 874 4290 storiarum
897 4248 946 4287 et
968 4241 1272 4302 antiquitatis
1305 4243 1526 4297 studiosi,
1554 4244 1629 4288 vel

617 4309 702 4365 qui
727 4321 817 4353 usu
849 4313 900 4352 et
921 4307 1291 4366 investigatione
1322 4307 1627 4365 antiquarum

618 4373 1038 4431 obsoletammque
1055 4384 1229 4418 vocum
1252 4385 1309 4418 ac
1330 4371 1627 4418 locutionum

1686 1864 1833 1923 nique
1857 1865 1941 1923 qui
1963 1865 2144 1923 priscos
2178 1866 2324 1911 libros
2347 1866 2515 1924 legunt
2539 1873 2590 1910 et
2612 1871 2702 1908 tra·

1686 1934 1838 1974 etant.
1890 1927 2001 1974 455.
2024 1931 2189 1975 amica·
2209 1930 2363 1989 opicae,
2387 1943 2499 1988 quae
2533 1926 2698 1988 Opica,

1689 2004 1729 2038 s.
1750 1991 1890 2047 Osce,
1914 1992 2149 2039 Oscorum
2172 2009 2318 2049 more,
2341 1995 2393 2038 h.
2415 2007 2456 2039 e.
2481 1995 2698 2048 barbare,

1690 2055 1884 2102 indocte
1916 2070 1972 2103 ac
2006 2058 2135 2104 male
2172 2059 2404 2119 loquitur.
2427 2072 2473 2104 v.
2500 2071 2607 2117 sup.
2640 2059 2698 2102 ad

1693 2121 1784 2166 111.
1813 2120 1925 2167 207.
1959 2121 2096 2168 verba
2127 2137 2211 2169 nec
2240 2123 2447 2168 curanda
2480 2124 2618 2177 viris,
2641 2135 2699 2166 ne

1695 2186 1808 2231 viris
1841 2186 2038 2245 quidem
2073 2189 2214 2233 anxie
2254 2187 2698 2246 circumspicienda.

1687 2249 1767 2295 vel
1784 2251 1845 2294 ab
1868 2250 1945 2295 bis
1965 2251 2017 2295 in
2044 2252 2324 2298 mulieribus
2345 2246 2697 2310 reprehenden-

1686 2315 1749 2360 da
1770 2320 1819 2359 et
1839 2315 2132 2374 castiganda.

1751 2377 1861 2425 456.
1887 2377 2020 2424 Uxor
2041 2395 2136 2427 non
2161 2381 2226 2426 sit
2244 2387 2346 2426 tam
2370 2380 2531 2436 docta,
2549 2386 2604 2424 ut
2628 2379 2697 2424 in·

1686 2444 1893 2505 telligat,
1909 2445 2140 2492 maritum
2160 2447 2359 2492 barbare
2376 2450 2424 2489 et
2443 2444 2615 2490 vitiose
2631 2445 2698 2490 10⁴

1689 2509 1790 2567 qui,
1826 2521 1980 2567 neque
2012 2517 2149 2556 tanta
2186 2506 2292 2570 ejus
2322 2510 2385 2555 sit
2418 2510 2699 2554 eruditionis

1690 2572 1966 2628 adfectatio,
1981 2581 2036 2619 ut
2049 2575 2212 2620 mariti
2229 2574 2549 2619 barbarismos
2562 2573 2700 2620 castl-

1689 2643 1785 2693 get.
1826 2636 1902 2682 ef.
1920 2637 2133 2685 Martial.
2148 2637 2244 2685 xl.
2260 2638 2342 2685 20.
2369 2644 2417 2683 et
2441 2635 2617 2683 Jacobs
2637 2638 2697 2683 ad

1691 2701 1893 2747 Anthol.
1919 2702 2006 2750 Gr.
2028 2702 2144 2748 Vol.
2170 2704 2234 2749 11.
2257 2704 2310 2748 Ρ.
2333 2702 2404 2750 11.
2421 2714 2467 2761 p.
2494 2699 2606 2746 495.

1755 2763 1865 2812 457.
1889 2778 2021 2826 seqq.
2044 2768 2168 2814 Aliae
2189 2768 2436 2824 mulieres,
2456 2766 2507 2810 in
2531 2766 2698 2824 primis

1690 2830 1881 2884 divites,
1927 2832 2126 2878 nitorem
2185 2831 2575 2889 munditiemque
2615 2832 2699 2875 ad-

1691 2894 1892 2949 fectant,
1928 2901 1984 2940 nt
2008 2910 2105 2942 non
2139 2896 2347 2950 maritis,
2376 2896 2461 2940 sed
2494 2895 2697 2939 rnoecbis

1690 2957 1928 3017 placeant,
1943 2972 2203 3021 earumque
2225 2961 2350 3005 mira
2370 2967 2444 3005 est
2461 2958 2697 3017 inpuden—

1691 3023 1757 3067 tia
1789 3024 2118 3083 superbiaque.
2155 3025 2233 3071 Cf.
2256 3037 2362 3083 sup.
2386 3024 2449 3069 ad
2481 3036 2528 3067 v.
2549 3022 2629 3069 30.
2651 3029 2698 3067 et

1693 3085 1798 3132 136.
1824 3099 1924 3146 seq.
1959 3088 2131 3134 virides
2143 3102 2364 3148 gemmas.
2399 3088 2695 3146 smaragdos,

1690 3151 1765 3195 vel
1792 3153 2089 3211 zmaragdos.
2142 3151 2254 3199 459.
2278 3152 2526 3203 commisit,
2553 3152 2698 3195 tradi-

1691 3216 1781 3270 dit,
1802 3217 1852 3261 h.
1888 3229 1932 3263 e.
1963 3217 2207 3276 adpendit.
2257 3227 2450 3275 magnos
2479 3214 2697 3267 elenchos,

1690 3281 1892 3325 uniones
1914 3294 1951 3324 s.
1970 3282 2254 3341 margaritas
2274 3280 2523 3338 oblongas,
2537 3279 2585 3323 in
2610 3278 2699 3336 piri

1689 3345 1891 3389 modum
1914 3344 2196 3391 turbinatas.
2222 3359 2267 3390 v.
2291 3343 2414 3390 Plin.
2448 3342 2537 3387 IX.
2558 3342 2637 3388 35.
2659 3353 2696 3385 s.

1691 3405 1769 3452 56.
1813 3408 1975 3467 ibique
2007 3410 2246 3455 Harduin.
2294 3406 2484 3453 auribus
2503 3406 2700 3453 exuatis

1689 3473 1899 3532 pondere
1916 3474 2303 3533 margaritarum.

1754 3535 1864 3581 460.
1884 3535 1957 3582 Cf.
1973 3549 2081 3596 sup.
2102 3540 2160 3584 ad
2186 3537 2253 3584 V.
2273 3537 2355 3586 30.
2371 3542 2421 3582 et
2435 3535 2546 3583 186.
2566 3548 2666 3594 seq.

1755 3598 2022 3647 461-473.
2049 3601 2270 3659 Femina,
2296 3608 2351 3647 ut
2371 3600 2578 3647 moecbis
2599 3601 2697 3659 pla-

1691 3668 1814 3717 ceat,
1847 3677 1970 3723 pane
2010 3666 2244 3726 siligineo,
2279 3666 2329 3711 in
2356 3667 2431 3719 lac
2454 3664 2695 3710 asininum

1693 3728 1917 3782 intincto,
1939 3736 1988 3774 et
2013 3731 2273 3790 unguentis
2305 3730 2477 3775 oblinit
2509 3728 2696 3774 faciem.

1689 3792 1801 3838 462.
1841 3793 1973 3838 Pane
1992 3796 2135 3839 tumet
2155 3794 2328 3854 ficies,
2349 3807 2397 3841 v.
2419 3806 2526 3852 sup.
2546 3793 2608 3837 ad
2632 3790 2699 3835 11.

1694 3856 1804 3904 107.
1837 3858 1961 3903 Haec
1983 3859 2130 3903 verba
2145 3866 2192 3903 et
2209 3871 2320 3917 quae
2342 3863 2613 3918 sequuntur
2629 3867 2700 3900 re-

1692 3922 1889 3967 ferenda
1911 3922 1971 3966 ad
1992 3922 2388 3969 incrustationem
2421 3921 2562 3981 panis
2594 3931 2697 3965 ma·

1689 3986 1807 4039 didi,
1822 4000 1919 4044 quo
1933 3985 2118 4031 femina
2139 3986 2293 4044 domi,
2311 3993 2367 4031 ut
2387 3991 2553 4033 cutem
2575 3984 2698 4030 mol-

1690 4050 1821 4107 liret,
1840 4050 2018 4096 linebat
2040 4050 2232 4104 faciem,
2247 4052 2388 4109 eique
2410 4047 2543 4095 velut
2565 4050 2701 4093 tecto-

1691 4115 1818 4159 rium
1849 4114 2109 4173 quoddam,
2131 4114 2181 4159 h.
2204 4126 2249 4162 e.
2272 4121 2488 4160 crustam
2512 4114 2588 4158 vel
2613 4126 2698 4157 aa·

1694 4176 1960 4238 τάτλασμα
2012 4179 2063 4223 et
2102 4177 2374 4245 iaet‘xgeepoe,
2421 4178 2703 4232 inducebat,

1695 4246 1826 4302 quod
1846 4244 2018 4289 deinde
2039 4243 2167 4288 foras
2190 4246 2438 4303 proditura
2459 4243 2703 4299 absterge·

1694 4309 1778 4354 bat
1793 4308 2009 4353 lomento
2031 4308 2105 4352 vel
2121 4307 2368 4369 ψήγματι
2382 4320 2441 4352 ex
2457 4306 2585 4351 lacte
2603 4304 2698 4349 asi-

1698 4371 1832 4426 nino,
1853 4377 1909 4416 ut
1928 4372 2129 4418 moechis
2150 4375 2380 4432 placeret,
2397 4377 2446 4418 et
2467 4370 2597 4416 cutis
2613 4380 2699 4428 po-
