2978 4920
1069 313 1291 378 SAT
1317 309 1526 378 IfRA
1588 314 1649 378 Ι.

2322 315 2407 381 17

363 484 366 495 ’
401 483 808 563 Quadrantes
841 483 1062 560 lectica
1088 485 1273 571 petit,
1304 484 1725 571 sequiturque
1748 484 2054 549 maritum

308 591 317 637 ’-
408 584 750 671 Languida
779 585 883 652 vel
908 608 1267 672 praegnans,
1296 599 1361 651 et
1390 584 1891 651 circumducitur
1918 607 2097 651 uxor.

407 687 537 750 Hic
565 686 1024 774 petitffabsenti,
1054 698 1206 751 nota
1226 687 1361 773 jam
1391 686 1659 752 callidus
1686 698 1844 764 arte,

399 786 760 851 Ostendens
780 809 1056 868 vacuam
1086 800 1148 852 et
1180 787 1458 853 clausam
1487 810 1607 874 pro
1635 786 2166 874 conjugesellam.

401 886 598 950 Galla
623 910 763 950 mea
788 899 906 964 est,
938 889 1172 974 inquit.

406 987 633 1054 Profer
657 988 847 1054 Galla
874 1000 1088 1075 caput.

1264 889 1474 953 Citius
1503 887 1771 953 dimitte.

1178 988 1328 1053 Noli
1359 1011 1611 1066 vexare,
1642 989 1929 1075 quiescit.

1865 886 2141 953 Moraris
2154 892 2186 951 ?
2275 889 2400 953 125

492 1090 641 1173 Ipse
668 1089 803 1155 dies
824 1090 1055 1175 ,pulcro
1082 1089 1501 1174 distinguitur
1526 1089 1747 1155 ordine
1775 1112 1984 1155 rerum
2002 1115 2022 1153 ι

406 1189 731 1274 Sportula,
762 1190 991 1258 deinde
1018 1191 1231 1258 forum
1250 1191 1544 1279 jurisque
1573 1191 1817 1281 peritus
1846 1190 2105 1277 Apelle,

404 1292 629 1378 Atque
657 1292 1094 1384 triumphales,
1123 1294 1291 1356 inter
1319 1316 1480 1379 quas
1510 1317 1701 1357 ausus
1729 1294 1962 1357 habere

402 1393 631 1456 Nescio
660 1393 806 1479 quis
835 1394 1058 1458 titulos
1088 1384 1442 1480 AEgyptius
1471 1404 1667 1479 atque
1698 1394 2118 1472 Arabarches,

2269 1395 2394 1457 130

402 1493 609 1578 Cujus
635 1493 722 1557 ad
750 1492 1015 1579 effigiem
1047 1517 1172 1567 non
1205 1496 1454 1558 tantum
1484 1493 1711 1558 meiere
1739 1494 1836 1559 fas
1864 1507 1977 1560 est.

402 1595 748 1673 Vestibulis
774 1596 1013 1661 abeunt
1043 1609 1284 1660 veteres
1314 1595 1587 1682 lassique
1615 1596 1893 1675 clientes,‚

298 1742 305 1747 -
402 1698 694 1783 Votaque
722 1698 1072 1784 deponunt,
1101 1719 1489 1784 quamquam
1523 1696 1885 1783 longissima
1911 1722 2108 1764 coenae

299 1876 416 1945 'tiali
438 1880 580 1927 XIV.
607 1881 682 1929 lc..
704 1894 898 1940 acapna,
916 1888 965 1926 et
989 1881 1122 1926 lctis
1142 1881 1321 1926 recocta

303 1953 560 2000 vocantur,
595 1947 676 1990 sed
715 1946 901 2002 viridia,
935 1946 1110 2004 quibus
1143 1957 1321 2004 magna

300 2007 384 2057 'vis
406 2011 531 2061 fumi
553 2010 805 2056 excitatur.
842 2006 1112 2054 densissii'na
1134 2010 1317 2065 lectica,

294 2068 508 2149 plurimi
530 2074 709 2121 nobiles
726 2081 774 2120 et
794 2075 974 2118 summi
989 2076 1318 2133 magistratus,

299 2139 491 2187 lecticis
507 2141 644 2189 vecti
684 2147 865 2186 centum
879 2137 1170 2199 quadrantes
1184 2151 1321 2198 spot·-

298 2194 465 2251 tulam
499 2204 566 2256 (v.
601 2218 704 2264 sup.
738 2205 801 2249 ad
834 2217 878 2248 v.
915 2201 992 2247 95.
1029 2200 1152 2263 seq.)
1209 2203 1316 2249 122.

298 2266 579 2328 Languida,
591 2275 785 2328 aegrota.
812 2281 1088 2333 pregnans,
1103 2268 1318 2327 gravida.

301 2333 422 2381 123.
473 2330 650 2378 absenti
685 2332 840 2378 uxori·
885 2336 1004 2389 arte,
1042 2342 1167 2391 quoe
1186 2346 1316 2377 nunc

279 2400 401 2460 jam
437 2397 556 2442 satis
587 2400 696 2443 nota
728 2404 814 2440 est.
852 2384 957 2440 Ea
991 2395 1161 2439 festive
1195 2396 1242 2440 h.
1283 2396 1316 2441 l.

294 2464 643 2510 adumbratur.
698 2454 791 2506 Sed
813 2460 937 2505 forte
959 2459 1055 2517 leg.
1076 2466 1193 2505 notoe
1210 2462 1319 2520 jem

291 2519 502 2580 callidus
521 2523 655 2573 artis.
709 2524 817 2570 124.
841 2524 916 2568 De
937 2523 1109 2569 sellav.
1129 2538 1236 2583 sup.
1258 2520 1318 2574 ad

294 2607 345 2638 v.
378 2590 470 2644 65.
517 2603 729 2646 vacuam,
766 2595 821 2634 ut
853 2594 1020 2634 contra
1038 2588 1181 2647 plena
1211 2602 1319 2648 sup.

296 2671 349 2703 v.
368 2638 451 2707 33.
493 2652 648 2714 Galla,
669 2654 834 2700 fictum
860 2653 1023 2698 uxoris
1047 2665 1243 2708 nomen,
1261 2661 1317 2698 ut

294 2720 485 2782 passim
524 2731 600 2792 ap.
646 2715 858 2764 Martial.
916 2718 1069 2778 inquil
1113 2730 1208 2762 ma
1200 2718 1314 2764 itus

292 2799 459 2842 servo,
494 2783 580 2842 qui
611 2784 848 2842 sportulas
885 2767 1313 2830 distribuit.126.

295 2837 489 2916 Profisr
514 2862 550 2893 e
574 2848 692 2891 sella
722 2851 879 2909 caput,
904 2848 1049 2892 verba
1069 2847 1141 2892 di
1123 2860 1313 2905 ··pensa

296 2903 440 2964 toris,
476 2920 526 2957 at
561 2905 722 2957 mariti
755 2911 853 2956 noli
883 2924 1067 2968 verare,
1103 2911 1310 2970 quiescat,

288 2976 496 3028 dormit.
633 2982 638 2987 ’

300 3035 307 3093 ᾗ
362 3031 478 3100 127.
503 3037 778 3099 Devulgari
798 3040 1097 3099 negotiorum
1115 3038 1310 3087 diurno-

294 3117 414 3150 rum
439 3100 606 3150 ordine
626 3116 682 3149 ac
703 3105 823 3149 serie
849 3118 891 3147 v.
917 3104 1125 3149 Martial.
1152 3102 1242 3149 IV.
1261 3106 1309 3153 8.

287 3169 479 3229 pulcro,
495 3166 729 3232 ιῖρυπκῧς.
775 3169 1000 3227 Sportula
1018 3167 1197 3227 petitur
1216 3172 1312 3228 pri-

292 3246 385 3294 ma
406 3240 457 3279 et
470 3234 685 3294 secunda
702 3234 834 3284 hora,
854 3246 950 3292 qua
965 3233 1164 3278 clientes
1182 3231 1307 3281 salu-

296 3304 429 3346 tant
437 3289 679 3357 patronoS.
702 3310 745 3342 v.
771 3296 980 3343 Martial.
997 3293 1035 3343 l.
1052 3298 1084 3343 l.
1133 3297 1312 3346 Deinde

274 3360 458 3424 forum
473 3362 667 3419 petitur,
678 3375 925 3408 causarum
939 3362 1004 3406 ibi
1019 3364 1308 3421 agendarum

293 3433 712 3500 patronorumque
754 3427 884 3471 illuc
919 3425 1308 3473 deducendorum

291 3504 466 3567 causa,
479 3496 526 3535 et
544 3487 852 3552 potissimum
871 3482 1067 3555 quidem
1080 3491 1308 3549 Augusti,

293 3542 357 3601 in·
387 3569 485 3616 quo
516 3560 676 3612 statua
709 3556 919 3601 eburnea
942 3549 1229 3616 Apollinis,
1239 3554 1307 3617 (ν.

295 3619 431 3672 Plin.
455 3618 576 3665 Vn.
608 3613 699 3663 53.
722 3620 830 3665 coll.
866 3618 1039 3663 Horat.
1073 3618 1170 3663 Sat.
1196 3614 1235 3664 Ι.
1259 3621 1305 3666 9.

291 3682 401 3745 78.)
428 3691 478 3729 et
490 3683 790 3742 triumphales
810 3675 984 3729 statuae
1000 3678 1306 3730 summorum

289 3751 504 3808 ducum,
519 3762 639 3823 quas
651 3742 932 3806 Augustus
920 3760 968 3792 m
990 3754 1192 3805 utraque
1213 3749 1304 3794 fori

291 3812 378 3870 sui
423 3813 610 3871 porticu
652 3813 974 3872 dedicaverat,
1015 3807 1137 3857 teste
1173 3812 1303 3858 Suet.

248 3911 253 3917 .
291 3878 473 3928 OctaV.
476 3875 573 3922 3,1.
623 3877 798 3936 Apollo
818 3876 973 3921 facete
981 3889 1113 3936 jures
1132 3878 1306 3932 ptr-itm

286 3941 493 3993 dicitur,
510 3947 566 3986 ut
578 3940 805 4000 Marsyas
821 3938 1009 3985 canaida
1022 3955 1075 3985 us
1092 3940 1306 3986 Martiali

286 4005 365 4062 Π.
383 4001 467 4051 64.
482 4003 528 4051 8.
557 4008 686 4064 quod
711 4004 961 4062 utriusque
981 4011 1152 4049 statuae
1168 4014 1304 4050 erant

289 4073 344 4131 in
371 4069 496 4125 foro,
518 4077 568 4115 et
591 4069 804 4129 quotidie
826 4068 899 4116 illi
918 4068 1026 4114 lites
1049 4070 1187 4128 quasi
1217 4084 1304 4118 nu·

285 4136 514 4186 diebant.
564 4133 790 4181 Facetias
809 4133 929 4178 dixit
945 4133 1116 4181 Horat
1140 4134 1237 4180 Sat.
1263 4135 1304 4181 1.

226 4245 229 4248 ,
286 4200 346 4250 6.
379 4198 489 4246 119.
524 4212 624 4259 seq.
657 4210 746 4243 non
776 4196 1013 4253 sollicitus,
1038 4199 1158 4246 milti
1191 4193 1308 4260 quod

284 4278 403 4319 erar
444 4262 742 4324 Surgcudum
783 4265 848 4308 sit
888 4276 1039 4317 mane,
1081 4263 1309 4309 obeundus

218 4381 221 4382 ⁷
287 4328 526 4389 Marsya,
536 4330 619 4389 qai
634 4341 682 4388 re
702 4328 744 4374 V
743 4327 890 4373 tatum
898 4326 1036 4386 serre
1040 4333 1185 4392 negat
1200 4327 1306 4374 No

1384 1882 1564 1927 viorum
1571 1895 1704 1942 poue
1714 1883 1927 1927 minoris.
1961 1881 2072 1929 130.
2087 1881 2151 1928 N
2145 1881 2262 1927 escae'o
2272 1880 2392 1942 quis.

1385 1947 1663 1992 contemtim
1675 1947 1735 1991 de
1748 1947 1982 1991 vilissimo
1995 1947 2200 1992 homine.
2218 1943 2394 2003 titulos,

1384 2012 1620 2070 imagines
1638 2024 1750 2056 cum
1777 2011 1945 2056 titulis.
1979 2011 2240 2072 AEgypiiue
2261 2014 2395 2068 atque
2452 2035 2457 2039 -

1382 2077 1501 2127 (non
1524 2079 1625 2128 aut,
1646 2082 1699 2119 ut
1715 2076 1796 2120 alii
1813 2075 2002 2136 legunt)
2021 2073 2304 2121 Arabarches
2320 2079 2394 2125 est

1383 2139 1649 2198 crispinae,
1678 2137 1763 2200 (de
1784 2154 1881 2198 quo
1906 2154 1948 2185 v.
1972 2153 2077 2198 sup.
2112 2140 2172 2185 ad
2207 2153 2251 2182 v.
2284 2132 2388 2194 26.)

1381 2205 1421 2249 si
1446 2217 1613 2249 verum
1639 2211 1729 2257 est,
1753 2205 1881 2263 quod
1905 2203 2064 2252 Sebol.
2089 2203 2195 2248 MS.
2222 2203 2389 2259 tradit,

1379 2281 1482 2313 eum
1502 2282 1527 2312 e
1548 2267 1740 2314 Nerone
1754 2269 1909 2320 (calio
1934 2268 2026 2315 IV.
2043 2268 2122 2315 38.
2147 2268 2193 2314 h.
2214 2284 2254 2311 e.
2292 2267 2391 2312 Dc·

1382 2332 1603 2395 mitiano)
1618 2333 1663 2377 A
1668 2332 1806 2377 rabioe
1815 2332 2073 2392 principem
2089 2333 2243 2393 esses
2233 2337 2388 2376 emm.

1382 2390 1459 2440 An
1480 2402 1620 2454 poeta
1644 2397 1792 2455 scrip
1774 2398 1857 2440 itt
1894 2397 2148 2456 AEgyplius
2163 2402 2296 2455 attae
2314 2396 2391 2441 vel

1382 2464 1463 2506 aut
1477 2462 1743 2506 Alabandus
1757 2460 1783 2507 2
1819 2462 1895 2507 Ita
1913 2463 2274 2532 designarentur
2291 2475 2388 2506 ser·

1385 2524 1454 2580 vi,
1488 2538 1550 2570 ex
1582 2525 1791 2583 AEgypto
1822 2532 1870 2569 et
1905 2526 2064 2582 Caria,
2098 2520 2239 2583 cujus
2275 2526 2388 2570 urbs

1382 2588 1633 2633 Alabanda
1664 2589 1776 2641 fuit,
1810 2589 2017 2634 Romam
2053 2588 2262 2641 deducti,
2297 2588 2389 2633 ibi·

1381 2653 1476 2711 qu'e
1488 2649 1584 2698 ad
1619 2652 1941 2711 amplissimos
1980 2654 2134 2697 evecti
2168 2652 2386 2698 honores.

1342 2713 1351 2719 “
1380 2717 1586 2769 Quidam
1611 2724 1803 2775 putant,
1825 2716 2117 2762 Araban-chen
2151 2711 2253 2761 esse
2285 2730 2393 2761 ma·

1377 2782 1653 2841 gistratum,
1678 2782 1738 2825 ab
1768 2781 1964 2841 AEgypti
1999 2780 2161 2825 Nomo
2195 2779 2388 2827 Arabiae

1377 2848 1446 2891 sic
1468 2847 1674 2901 dictum,
1697 2845 1746 2889 et
1766 2845 2184 2904 Alexandrinum3
2217 2846 2297 2891 alii
2320 2847 2387 2891 le-

1375 2911 1588 2981 gendum
1624 2910 1673 2954 h.
1707 2910 1742 2956 l.
1770 2909 2061 2965 Alaban-clm,
2098 2920 2149 2954 ut
2184 2911 2247 2955 sit
2280 2925 2383 2956 ma-

1376 2972 1524 3033 gister
1546 2972 1741 3034 ἅλάεης,
1761 2973 2034 3026 atramenti,
2049 2974 2157 3019 ηε.
2182 2974 2386 3035 seriptu-

1374 3053 1441 3084 rae
1461 3041 1535 3084 vel
1560 3040 1808 3097 vectigalis
1826 3052 1853 3083 e
1874 3040 2083 3097 pascuis,
2099 3042 2228 3099 quod
2245 3041 2383 3085 vecti·

1367 3118 1416 3161 gt
1405 3102 1600 3148 1lAlaba
1606 3103 1742 3147 rehiae
1748 3116 1834 3161 per
1843 3104 2110 3164 AEgyptum
2119 3103 2183 3149 'ad
2189 3104 2383 3162 pellavit

1373 3167 1633 3214 Gratianus
1650 3167 1775 3225 Imp.
1791 3168 1840 3213 in
1855 3167 1917 3215 L.
1935 3169 1956 3213 1
1965 3167 2031 3212 X.
2048 3168 2101 3214 C.
2117 3170 2176 3213 de
2193 3167 2386 3228 Vectig.

1373 3240 1420 3276 et
1455 3232 1591 3277 Com.
1640 3232 1714 3277 Cf.
1742 3231 2022 3291 wesseling.
2053 3233 2113 3277 de
2147 3234 2386 3288 Archont‚

1375 3294 1494 3343 Jud.
1517 3295 1561 3342 c.
1580 3294 1627 3341 8.
1651 3304 1700 3341 et
1720 3297 1880 3356 Intpp.
1902 3295 1999 3342 Cic.
2017 3296 2077 3341 ad
2096 3297 2201 3344 Att.
2217 3297 2282 3342 11.
2306 3298 2381 3343 17.

1380 3357 1527 3405 Mitto
1548 3357 1753 3412 aliorum
1787 3359 2087 3422 conjecturas
2110 3361 2265 3406 multo
2288 3362 2381 3406 rni-

1376 3438 1468 3469 nus
1486 3423 1767 3482 probabiles-².
1823 3424 1929 3476 131.
1953 3438 2041 3469 ηοη
2062 3430 2245 3469 tamum
2269 3428 2381 3470 mci-

1373 3502 1466 3546 ere,
1489 3491 1566 3541 (ut
1590 3487 1684 3535 VI.
1718 3488 1827 3533 309.
1862 3493 1983 3548 seq.)
2015 3490 2097 3533 sed
2131 3497 2179 3533 et
2213 3489 2376 3538 alvum

1372 3566 1663 3607 exonerare,
1649 3566 1663 3580 ·
1702 3553 1792 3597 nisi
1810 3553 1969 3610 potius
1991 3551 2081 3596 iton
2104 3556 2288 3602 tantum
2307 3556 2382 3601 di.-

1371 3627 1507 3663 ctum
1531 3630 1618 3675 pro
1634 3617 1764 3676 vulg.
1788 3620 1966 3661 tantum
1989 3629 2099 3673 ηοη,
2120 3615 2193 3680 (h.
2209 3631 2251 3664 e.
2270 3632 2380 3677 pro

1372 3682 1649 3744 pemodum‚
1675 3683 1764 3726 hoc
1796 3680 1985 3726 tanturn
2021 3690 2238 3741 exceptu,
2259 3683 2384 3744 ph„

1370 3745 1418 3790 οὔ
1438 3759 1479 3792 s.
1504 3736 1604 3805 οὐκ)
1632 3747 1704 3792 vel
1728 3744 1795 3790 ita
1817 3745 2073 3820 legendum
2100 3753 2185 3792 est.
2274 3747 2284 3762 ⁴

1437 3810 1545 3858 132.
1590 3809 1845 3862 Venimus,
1872 3807 1951 3854 ubi
1974 3811 2230 3868 sportula
2213 3813 2273 3858 tis
2295 3815 2379 3861 ad-

1370 3877 1655 3940 ponebatur,
1662 3874 1815 3933 primo
1828 3874 1991 3918 limine
2007 3888 2114 3933 sup.
2132 3890 2176 3923 v.
2198 3874 2278 3924 95.
2300 3878 2377 3924 96.

1368 3942 1398 3984 lc
1385 3942 1497 3995 aanor,
1516 3948 1563 3984 et
1575 3937 1770 3999 quidem
1786 3952 1880 3983 non
1900 3945 2089 3983 tantum
2106 3940 2382 4000 salutando,

1370 3997 1684 4062 obcurrendo,
1708 4002 2005 4059 deducendO,
2029 4007 2272 4061 sectando,
2295 4003 2381 4053 'sed

1370 4071 1516 4116 etiam
1528 4067 1799 4128 long-mima
1816 4080 1949 4112 coenae
1961 4073 2135 4111 rectae.
2117 4081 2211 4126 cpe,
2230 4084 2376 4129 quam

1373 4147 1455 4193 per
1477 4133 1743 4179 maximam
1758 4131 1851 4176 diei
1870 4136 2055 4189 partem
2079 4129 2255 4177 frustra
2276 4136 2380 4180 alu-

1369 4205 1523 4244 erant.
1582 4200 1749 4242 veteres
1780 4196 1994 4249 dicum,-
2027 4195 2173 4240 etiam
2205 4197 2297 4242 hoc
2317 4198 2379 4242 ad

1370 4260 1714 4326 indignitatem
1725 4259 1794 4304 rei
1808 4259 2077 4320 augendam
2096 4272 2120 4301 t
2124 4260 2234 4303 alet.
2270 4259 2379 4307 133.

1381 4325 1494 4371 Vota
1510 4317 1758 4384 deponarie,
1776 4336 1926 4406 spem
1928 4334 2078 4392 coenae
2097 4323 2239 4370 rectae
2255 4319 2375 4384 abji-

1481 4409 1517 4447 C
