2978 4920
954 325 1395 431 sATIR-3A
1464 325 1677 392 xm.
1745 310 1752 318 ’

365 582 870 680 EXEMPLO
896 613 1353 700 quodcumque
1380 612 1549 679 malo
1578 613 2019 694 committitur,
2049 612 2172 700 ipsi

361 716 671 803 Displicet
699 715 960 781 auctori.
1053 715 1270 780 Prima
1297 727 1391 779 est
1421 716 1560 779 haec
1588 715 1773 794 ultio,
1804 716 1981 802 quod
2010 739 2078 781 se

363 820 410 880 J
415 819 597 884 udice
625 842 808 883 nemo
835 841 1064 883 nocens
1093 817 1483 892 absolvitur3
1533 817 1803 903 inproba
1831 818 2121 905 quamvis

368 920 595 985 Gratia
620 920 829 984 fallaci
863 921 1165 985 Praetoris
1193 920 1419 984 vicerit·
1444 942 1626 984 urna.

368 1020 538 1097 Quid
568 1021 796 1086 sentire
825 1033 1016 1107 putas
1044 1043 1280 1098 omnes,
1315 1019 1600 1098 Calvine,
1630 1022 1865 1085 recenti
2321 1025 2363 1084 5

366 1120 467 1182 De
498 1121 748 1199 scelere,
779 1134 844 1185 et
873 1121 1022 1185 fidei
1053 1122 1306 1186 violatae
1334 1120 1593 1184 crimine
1612 1125 1640 1183 P
1689 1122 1815 1185 Sed
1842 1145 1955 1185 nec
1991 1153 1995 1158 ·

370 1222 537 1285 Tam
567 1222 775 1287 tenuis
804 1245 1029 1287 census
1057 1223 1176 1288 tibi
1205 1222 1495 1308 contigit,
1526 1235 1602 1287 ut
1631 1223 1967 1287 mediocris

366 1323 413 1383 J
416 1335 654 1386 acturae
685 1336 749 1388 te
779 1336 1026 1410 mergat
1053 1346 1215 1388 onus
1241 1348 1258 1387 ε
1306 1346 1421 1387 nec
1449 1345 1596 1387 rara.
1621 1323 1934 1402 videmus,

347 1505 505 1554 Satira
524 1506 711 1571 egregia
731 1516 780 1556 et
799 1509 939 1573 plena
959 1509 1071 1558 salis
1103 1515 1289 1557 senten-

278 1568 545 1633 tiarumque
583 1572 986 1635 gravissimarum3
1037 1589 1143 1637 quae
1180 1589 1291 1622 con-

281 1633 523 1682 solationis
542 1636 682 1685 etiam
709 1645 945 1686 momenta
966 1637 1180 1702 proponit
1210 1652 1292 1685 ex-

281 1698 587 1761 quisitissima
625 1710 674 1749 et
709 1699 1045 1749 efficacissima.
1110 1700 1294 1750 Eadem

281 1762 527 1825 aptissima
547 1781 733 1828 quoque
765 1774 837 1813 est
868 1765 1057 1828 ingenio
1088 1764 1290 1814 satirico.

282 1826 459 1894 Neque
481 1828 606 1876 enim
628 1837 767 1894 poeta
785 1829 939 1877 eidem
960 1828 1174 1894 indulget
1204 1829 1288 1877 do-

281 1890 388 1948 lori,
407 1892 626 1956 mollique
645 1894 832 1943 adfectu
848 1910 898 1942 se
915 1894 966 1942 in
981 1893 1157 1942 tristem
1174 1894 1292 1942 ami·

280 1954 328 2007 ci
352 1955 556 2005 animum
591 1957 809 2016 insinuat,
832 1958 915 2008 sed
937 1958 1106 2007 acriter
1135 1958 1292 2023 objur-

280 2028 368 2082 gat
415 2036 539 2077 eum,
584 2022 725 2085 quod,
768 2038 915 2086 quum
956 2022 1029 2071 vir
1076 2023 1293 2088 idemque

283 2083 419 2134 dives
444 2101 499 2134 ac
526 2085 625 2148 jam
661 2102 801 2135 senex
833 2087 911 2143 sit,
932 2094 978 2135 et
1001 2087 1194 2153 perditis
1226 2088 1292 2136 vi-

281 2155 369 2197 vat
397 2150 695 2214 temporibus,
728 2161 823 2199 non
854 2150 1045 2199 viriliter
1076 2151 1194 2199 ferat
1224 2152 1295 2199 le-·

282 2227 390 2259 vem
424 2213 677 2276 jacturam,
719 2214 805 2262 sed
844 2213 1131 2262 muliebriter
1164 2214 1296 2277 inge-

281 2275 471 2333 miscat,
507 2277 582 2325 vel
609 2277 829 2325 vindictae
862 2276 1026 2326 ardeat
1057 2277 1294 2343 cupidine,

279 2356 385 2403 qua
412 2356 486 2388 res
513 2340 694 2389 amissae
716 2356 811 2390 non
834 2348 1121 2406 reparentur,
1144 2356 1297 2406 neque

281 2411 471 2470 reputet
501 2404 771 2470 videatque,
794 2405 899 2454 aliis
919 2407 1067 2455 multo
1091 2406 1298 2455 acerbio-

283 2485 358 2525 ra,
383 2486 524 2534 quam
558 2471 662 2526 sibi,
692 2470 942 2520 adcidisse.
1006 2471 1129 2520 Inde
1163 2487 1298 2520 occa-

282 2534 464 2582 sionem
484 2534 617 2599 petit,
641 2542 889 2600 conruptos
914 2536 1074 2584 saeculi
1098 2535 1170 2584 sui
1195 2552 1295 2584 mo-

281 2613 358 2646 res
391 2598 691 2674 ineptamque
723 2599 1021 2663 theologiam,
1053 2606 1299 2664 tamquam

283 2664 573 2730 praecipuam
615 2664 907 2730 inprobitatis
960 2679 1170 2722 causam,
1211 2681 1296 2713 no-

283 2727 673 2792 tandi—Neque
714 2736 875 2778 tamen
916 2728 1157 2785 dissimile,
1201 2745 1296 2779 non

1353 1507 1486 1557 initio
1503 1508 1578 1572 (v.
1604 1509 1806 1573 1—12.)
1828 1516 1974 1558 totum
1998 1508 2099 1573 ejus
2119 1522 2363 1572 argumen-

1355 1581 1456 1621 tum
1508 1574 1758 1638 omniaque
1810 1573 1979 1621 solatia
2031 1574 2080 1621 in
2130 1574 2365 1647 epitomen

1355 1636 1492 1700 quasi
1512 1636 1704 1687 redacta
1724 1637 2016 1696 exhibentur,
2034 1646 2083 1687 et
2097 1637 2270 1687 demde
2286 1653 2366 1686 co·

1356 1701 1488 1766 piosa
1521 1708 1802 1751 exornantur
1834 1702 2069 1762 oratione3
2111 1717 2215 1765 quae
2249 1702 2368 1751 ratio

1355 1766 1585 1814 rhetorem
1616 1766 1767 1830 magis
1804 1766 1956 1822 decet,
1996 1782 2141 1830 quam
2181 1777 2367 1831 poetam

1355 1830 1611 1878 satiricum.
1676 1830 1907 1878 Eamdem
1925 1839 2085 1879 tamen
2112 1831 2257 1879 etiam
2287 1846 2367 1880 su-

1355 1908 1440 1958 pra
1459 1894 1509 1941 in
1524 1895 1622 1942 Sat.
1637 1896 1699 1942 X.
1713 1903 1938 1958 sequutus
1955 1906 2026 1943 est
2036 1897 2068 1944 J
2072 1896 2370 1946 annalis.—

1358 1959 1579 2006 Ceterum
1612 1958 1671 2007 de
1701 1969 1930 2024 tempore,
1955 1975 2049 2024 quo
2080 1960 2183 2007 haec
2215 1960 2371 2010 Satira

1355 2022 1568 2071 videatur
1584 2022 1755 2088 scripta
1770 2038 1888 2080 esse,
1907 2042 1954 2073 v.
1971 2024 2033 2073 ad
2050 2040 2095 2073 v.
2124 2025 2200 2072 16.
2221 2026 2296 2074 17.
2318 2033 2369 2074 et

1430 2153 1471 2199 l.
1507 2152 1622 2199 malo
1659 2158 1782 2201 recte
1819 2151 2005 2215 legitur,
2042 2167 2137 2201 non
2173 2154 2370 2201 malumae

1361 2228 1471 2261 nam
1492 2216 1661 2262 malum
1680 2219 1908 2263 committit
1927 2219 2130 2277 exemplo,
2146 2217 2228 2291 qui
2248 2218 2369 2268 illud

1359 2292 1454 2330 non
1482 2276 1674 2342 primus,
1696 2278 1779 2326 sed
1811 2286 1916 2343 post
1942 2279 2059 2327 alios
2078 2280 2209 2328 facit.
2276 2282 2368 2329 Er-

1359 2343 1497 2402 emplo
1520 2348 1677 2390 autem
1700 2344 1815 2389 malo
1838 2342 2017 2404 aliquid
2049 2347 2280 2392 committit
2311 2345 2368 2401 is,

1361 2405 1444 2470 qui
1475 2413 1610 2471 turpe
1628 2414 1863 2471 perpetrat
1883 2406 2083 2464 facinus,
2106 2408 2231 2471 quod
2254 2408 2371 2457 alios

1362 2472 1487 2519 male
1512 2470 1666 2525 docet,
1690 2480 1738 2519 et
1758 2470 1820 2519 ad
1841 2471 1968 2519 idem
1986 2470 2150 2519 incitat
2173 2471 2370 2521 facinus.
2427 2508 2442 2523 .

1359 2537 1410 2583 2.
1428 2537 1560 2591 ultio,
1581 2549 1741 2599 poena.
1780 2538 2006 2596 sejndice,
2023 2535 2202 2598 judicio
2225 2536 2369 2584 animi

1360 2598 1433 2646 sui
1465 2608 1514 2647 et
1545 2597 1855 2648 conscientiae.
1917 2601 1967 2648 3.
1989 2600 2065 2648 Cf.
2088 2600 2247 2648 Paulli
2279 2601 2372 2664 Ep.

1362 2662 1423 2711 ad
1451 2664 1597 2712 Rom.
1630 2663 1702 2711 ΙΙ.
1740 2664 1817 2711 14.
1855 2665 1931 2711 15.
1961 2665 2159 2726 quamvis
2188 2667 2374 2725 inproba

1355 2731 1512 2792 gratia
1536 2728 1760 2785 Praetoris,
1795 2743 1825 2775 a
1853 2742 1929 2774 reo
1963 2727 2193 2792 conrupti,
2215 2731 2373 2778 vicet-ie

284 2791 466 2849 deesse,
488 2808 593 2857 quae
615 2809 774 2842 severo
786 2793 935 2858 judici
955 2793 1005 2842 in
1032 2795 1122 2843 hac
1154 2795 1300 2843 satira
1344 2792 1523 2857 sollaci
1541 2810 1679 2848 urna,
1701 2791 1750 2840 h.
1771 2807 1815 2841 e.
1837 2791 2014 2848 fecerit,
2037 2797 2091 2839 ut
2112 2807 2218 2840 reus
2241 2793 2371 2856 judi-

285 2856 535 2921 displicere
554 2858 747 2922 possint,
769 2866 819 2906 et
849 2858 982 2921 quasi
1003 2859 1201 2922 egregio⁴
1222 2858 1297 2906 in-

285 2937 471 2984 spersos
491 2921 714 2985 deprendi
740 2938 929 2986 corpore
952 2938 1123 2971 naevoS.
1189 2923 1295 2972 Pri-

286 2999 420 3031 mum
459 2985 832 3046 gravissimarum
865 2987 934 3034 vis
959 2986 1297 3036 sententiarum

282 3049 913 3176 iffssssbzgitfssss‘tifflss
920 3052 1301 3164 fflfi'ffaifflr‘is

285 3191 359 3224 nae
369 3177 710 3241 intempestiva,
722 3185 770 3225 et
781 3177 950 3240 frigida
959 3176 1298 3230 declamatione

285 3241 570 3304 infringitur.
612 3241 802 3290 Deinde
824 3241 1008 3304 ingrata
1025 3249 1096 3290 est
1114 3258 1296 3292 earum-

289 3304 397 3354 dem
421 3305 514 3355 fere
536 3321 686 3355 rerum
708 3306 1134 3369 sententiarumque
1167 3324 1300 3373 tepea

290 3369 395 3417 titio
416 3388 462 3419 v.
481 3372 556 3419 19.
574 3387 675 3435 seq.
697 3377 745 3418 et
765 3372 875 3419 120.
892 3386 991 3433 seq.
1013 3386 1057 3418 v.
1074 3373 1154 3419 23.
1170 3387 1300 3436 seqq.

289 3442 339 3481 et
365 3435 472 3482 126.
492 3450 624 3499 seqq.
667 3436 904 3484 Praeterea
923 3433 1035 3484 ordo
1052 3449 1203 3483 rerum
1227 3435 1301 3484 di-

289 3497 544 3547 cendarum
586 3515 940 3563 nonnumquam
987 3500 1299 3563 perturbatur,

291 3577 335 3610 e.
358 3577 409 3623 g.
426 3578 517 3611 vsS.
542 3565 651 3612 199.
667 3580 800 3628 seqq.
816 3564 899 3613 ubi
916 3562 1104 3611 historia
1128 3563 1301 3612 Glauci

290 3639 458 3689 parum
497 3628 738 3677 commode
778 3627 974 3692 imagini
1012 3626 1150 3674 malas
1188 3643 1303 3676 con-

291 3688 501 3738 scientiae
533 3691 608 3754 (v.
643 3691 941 3754 192-235.)
972 3690 1213 3751 inferitum
1254 3710 1302 3741 v.

292 3744 535 3807 75—109.
567 3755 647 3803 ubi
678 3755 977 3822 descriptioni
1013 3757 1303 3821 conruptelae

290 3834 472 3866 morum
499 3821 815 3884 scelerumque
845 3821 1010 3870 Rome.
1045 3820 1300 3884 vigentium

291 3882 362 3946 (v.
408 3884 672 3947 16—173.)
708 3900 866 3933 eorum
899 3885 1027 3948 origo
1057 3893 1106 3932 et
1144 3900 1299 3933 causae

289 3946 602 4006 inculcantur,
626 3964 732 4013 quae
756 3948 802 3996 ei
835 3949 988 4012 potius
1012 3949 1299 4013 subjungen-

295 4012 369 4060 dae
391 4019 554 4060 erant:
586 4028 632 4061 v.
660 4013 930 4062 120-173.
961 4012 1131 4078 quibus
1161 4022 1302 4078 poeta

293 4092 391 4189 2:1¹:
422 4092 512 4188 ¹²⁰3
515 4093 701 4190 {21⁴³oe
735 4077 1182 4190 pffmi‘ffl’aej‘flss‘?
1196 4077 1300 4190 ἑά·

385 4175 398 4196 ,
421 4156 471 4189 se
595 4156 671 4189 am
802 4157 874 4196 us,
896 4159 941 4191 v.
1161 4176 1175 4190 .
1246 4159 1300 4189 x-

292 4213 411 4260 tam‚
433 4212 483 4253 et
502 4221 546 4252 v.
568 4157 810 4255 75-i'i9,
831 4205 1095 4269 abruptam,
1117 4206 1302 4254 retexit.

295 4268 517 4332 Denique
540 4269 778 4336 dispositio
801 4268 1019 4318 carminis
1039 4277 1088 4318 et
1113 4284 1301 4318 oecono-

294 4333 390 4382 mia
432 4349 595 4398 parum
636 4333 878 4399 probanda
921 4333 1135 4383 videtur:
1191 4349 1304 4382 nam

1360 2857 1435 2906 cio
1478 2858 1637 2906 vincat
1678 2856 1924 2905 fallacibus
1961 2856 2207 2905 sententiis
2241 2857 2372 2922 judi-

1359 2937 1467 2970 cum
1498 2921 1660 2971 sortito
1692 2922 1932 2970 datorum:
1976 2936 2087 2968 nam
2120 2923 2302 2970 Praetor
2333 2938 2372 2970 s.

1361 2986 1610 3044 Quaesitor,
1630 2986 1707 3035 cui
1728 2985 1924 3049 quaestio
1940 3001 1977 3034 s.
1998 3000 2143 3033 causa
2157 2986 2375 3051 capitalis

1359 3051 1605 3115 obtigerat,
1626 3049 1917 3105 sortiebatur,
1940 3050 2015 3097 vel
2037 3057 2158 3098 sorte
2182 3050 2371 3114 legebat

1361 3123 1409 3162 et
1428 3116 1576 3163 dabat
1591 3114 1776 3179 judices
1795 3114 1993 3163 selectos
2013 3129 2040 3162 e
2061 3114 2276 3173 decuriis,
2299 3124 2372 3164 ta·

1361 3178 1498 3226 bellis
1536 3179 1586 3226 in
1627 3195 1793 3227 urnam
1834 3177 2084 3241 conjectis3
2134 3180 2259 3229 unde
2295 3195 2374 3229 reo

1361 3243 1519 3292 favere
1553 3250 1751 3308 poterat,
1784 3257 2028 3292 secernens
2058 3242 2108 3290 in
2133 3243 2374 3308 judicibus

1360 3307 1573 3370 legendis
1604 3308 1706 3372 ejus
1734 3308 1810 3356 vel
1843 3323 1950 3355 suos
1978 3307 2168 3356 amicos.
2233 3308 2373 3356 Idem

1363 3387 1550 3435 quoque
1574 3372 1814 3435 judicibus
1834 3372 2032 3419 tabellas
2052 3371 2214 3426 dabat,
2236 3372 2374 3419 abso-2

1363 3434 1571 3492 lationis,
1597 3434 1999 3485 condemnationis
2030 3443 2077 3482 et
2110 3434 2372 3499 ampliatio-

1364 3498 1453 3554 nis,
1475 3514 1593 3562 quas
1614 3498 1680 3556 hi,
1703 3500 1752 3546 in
1773 3498 2019 3547 consilium
2040 3498 2186 3552 missi,
2208 3497 2259 3546 in
2289 3516 2372 3547 ur-

1363 3579 1469 3610 nam
1500 3562 1828 3625 conjiciebant,
1861 3561 2011 3625 iisque
2047 3561 2229 3610 eductis
2265 3579 2374 3613 sen·

1364 3625 1561 3675 tentiam
1583 3627 1786 3675 ferebat:
1822 3625 2087 3673 undeurna
2106 3626 2246 3676 etiam
2269 3628 2315 3675 h.
2338 3631 2376 3679 l.

1365 3691 1426 3741 ad
1447 3690 1671 3753 suffragia
1684 3690 1898 3755 judicum
1928 3689 2219 3748 selectorum,
2243 3708 2276 3740 a
2295 3710 2373 3742 reo

1365 3763 1710 3820 conruptorum,
1730 3754 1886 3802 referri
1918 3761 2087 3818 potest.
2152 3756 2245 3805 Sed
2266 3756 2314 3806 h.
2337 3759 2374 3807 l.

1368 3821 1579 3869 Praetoris
1599 3818 1887 3882 potissimum
1967 3822 2061 3867 aria
2093 3819 2256 3885 iniqua
2286 3837 2369 3870 no-

1364 3891 1506 3933 tatur.
1592 3883 1719 3932 Hinc
1761 3884 1907 3948 proba
1938 3883 2003 3932 ile
2058 3884 2125 3940 fit,
2170 3886 2374 3934 amicum

1364 3947 1573 4004 Calvini,
1616 3947 1702 4012 qui
1740 3947 2001 4014 depositum
2040 3949 2373 4020 abnegaverat,

1364 4012 1642 4062 adcusatum
1669 4013 1731 4062 ab
1767 4027 1841 4068 eo,
1880 4013 1967 4061 sed
1994 4014 2211 4061 Praetons
2241 4009 2371 4074 judi-

1362 4093 1565 4143 cumque
1600 4086 1928 4143 conruptorum
1951 4073 2202 4131 ‚sententiis
2234 4074 2370 4123 abso-

1363 4143 1516 4191 lutum
1536 4142 1695 4191 fuisse.
2164 4197 2174 4207 ⁸
2301 4199 2312 4210 ι

1427 4210 1476 4255 5.
1500 4207 1713 4255 Calvinus
1735 4203 1888 4253 nescio
1910 4218 1972 4250 an
1991 4201 2117 4248 idem
2139 4205 2216 4253 sit,
2238 4214 2372 4264 cujus

1365 4271 1578 4319 meminit
1597 4269 1810 4318 Martial.
1827 4267 1952 4316 VII.
1972 4265 2051 4311 89.

1431 4337 1479 4383 8.
1500 4344 1542 4381 te
1561 4342 1749 4397 mergat,
1770 4329 1981 4378 funditus
2000 4335 2048 4376 te
2078 4332 2262 4388 evertat
2287 4328 2374 4378 bo-
