2978 4920
657 504 892 567 Posce:
941 497 1054 565 sed
1079 494 1359 582 :idpsum
1387 517 1553 582 puer
1581 492 1831 570 umfcus,
1861 503 1938 560 ut
1971 488 2351 578 Polyphemi

656 605 825 670 Lata
853 603 1042 680 acies,
1070 623 1186 688 per
1214 620 1409 686 quam
1439 597 1659 663 sollers
1685 594 1884 662 evasit
1915 594 2161 662 Ulixes.

1293 305 1973 374 JUVBNALIS

2581 592 2667 658 65.

657 707 850 773 Alter
878 704 1183 771 emendus
1210 702 1364 767 erit:
1412 723 1689 787 namque
1716 701 1821 764 hic
1848 721 1978 764 non
2005 697 2295 765 subiicit:
2342 697 2532 763 ambo

662 808 994 874 Pascendi.
1023 805 1184 894 quid
1211 826 1394 891 agam
1426 805 1661 868 bruma
1686 801 2011 889 spirante?
2056 797 2239 886 quid,
2270 822 2407 876 oro,

662 909 837 989 Quid
866 908 1069 973 dicam
1101 904 1377 993 scapulis
1403 925 1752 992 puerorum
1782 900 2110 989 Aquilone
2140 900 2479 968 Decembri

662 1015 755 1078 Et
784 1011 1106 1100 pedibus?
1150 1009 1380 1074 durate
1406 1017 1604 1094 atque
1633 1015 1997 1093 exspectate
2024 1003 2324 1072 cicadas?

662 1115 929 1193 Verum,
959 1129 1035 1181 ut
1063 1112 1416 1190 dissimiles,
1447 1121 1524 1177 ut
1550 1110 1768 1177 mittas
1797 1121 2026 1187 cetera,
2057 1119 2305 1194 quanto

2586 1108 2664 1172 70

664 1216 921 1283 Metiris
946 1216 1177 1304 pretio,
1206 1214 1408 1302 quod,
1437 1212 1506 1278 ni
1535 1212 1655 1278 tibi
1685 1211 1944 1277 deditus
1970 1233 2168 1276 essem

664 1320 1085 1404 Devotusque
1113 1317 1327 1395 cliens,
1361 1339 1526 1381 uxor
1555 1325 1671 1381 tua
1697 1313 1881 1400 virgo
1909 1317 2236 1378 maneret?

668 1419 804 1483 Scis
833 1431 1025 1497 certe,
1055 1417 1296 1505 quibus
1322 1417 1447 1482 isto
1473 1415 1703 1493 modis,
1733 1436 1930 1502 quam
1951 1437 2120 1500 saepe
2148 1412 2416 1499 rogaris,

666 1523 757 1587 Et
788 1545 935 1609 quae
964 1520 1305 1609 pollicitus.
1335 1520 1688 1606 fugientem
1719 1540 1886 1605 saepe
1914 1515 2193 1603 puellam

579 1678 630 1722 et
669 1669 970 1737 pervicaciter
1008 1670 1215 1735 rogantis
1254 1669 1594 1736 poscentisque.

576 1740 727 1799 pensio
746 1736 958 1802 pecunie
989 1736 1129 1785 certis
1160 1735 1327 1784 diebus
1358 1732 1594 1783 solvendae

582 1800 945 1916 {2250‘13523
977 1799 1575 1930 350‘0211352503532213
1580 1805 1596 1845 ‘

583 1939 689 1980 tum
708 1939 781 1980 est
803 1929 973 1978 fenore.
1007 1931 1185 1985 clamat,
1208 1929 1446 1979 adclamat
1464 1927 1600 1991 quasi

584 1995 718 2051 mihi,
756 2011 896 2059 posce,
939 1993 989 2042 h.
1031 2009 1076 2043 e.
1115 2010 1191 2042 me
1235 2004 1411 2052 monet,
1457 1991 1598 2057 cogit,

585 2068 736 2172 urg-81,
756 2068 1158 2184 ἔξρεῖῗῖἲεὶιαε,
1181 2121 1347 2188 poscit,
1370 2130 1423 2171 ut
1447 2121 1497 2169 id
1506 2136 1601 2213 ype-

586 2196 703 2246 tam,
722 2190 800 2238 vel
821 2194 969 2253 rogat,
991 2193 1046 2236 ut
1066 2202 1272 2253 poscam,
1285 2187 1372 2252 (cf.
1396 2186 1458 2235 ad
1475 2187 1505 2234 ἱ
1527 2186 1601 2234 11.

593 2253 731 2318 158.)
742 2269 857 2315 puer
867 2255 1045 2310 unicus,
1064 2267 1240 2309 servus,
1258 2251 1339 2316 qui
1359 2251 1475 2300 mihi
1496 2249 1601 2298 uni-

589 2333 676 2368 cus
699 2326 787 2375 est,
810 2325 864 2367 ut
896 2315 1185 2383 Polyphemo
1217 2331 1340 2365 unus
1370 2314 1460 2365 fuit
1491 2330 1602 2364 ocu-

590 2383 683 2438 lus,
721 2398 804 2444 per
855 2397 998 2446 quem,
1050 2390 1237 2446 propter
1290 2396 1449 2446 quem,
1493 2379 1606 2444 quia

590 2462 717 2497 unus
744 2446 847 2502 fuit,
888 2447 1060 2511 Ulysses
1091 2449 1244 2505 evasit,
1269 2445 1444 2511 quique
1476 2445 1604 2494 solus

593 2512 709 2561 mihi
753 2512 866 2561 satis
906 2527 1001 2560 non
1041 2520 1129 2569 eet,
1169 2527 1230 2560 ne
1271 2520 1341 2560 tot
1382 2509 1606 2559 molestiis

591 2593 792 2644 premar,
835 2576 1230 2642 quemadmodum
1270 2591 1394 2625 unus
1442 2576 1608 2624 oculus

594 2659 689 2692 non
740 2641 857 2692 satis
904 2642 993 2691 fuit
1034 2641 1355 2707 Polyphem03
1407 2655 1520 2689 nam
1565 2640 1607 2689 si

594 2707 713 2756 duos
743 2706 999 2764 habuisset,
1019 2721 1113 2754 non
1145 2706 1369 2756 evasisset
1391 2706 1606 2770 Ulysses,

593 2773 670 2822 vel
702 2772 802 2837 ipse
833 2780 1106 2821 excoecatus
1137 2779 1277 2820 esset.
1354 2771 1434 2818 Ita
1465 2770 1608 2833 vulgo

594 2844 800 2886 mentem
839 2843 990 2902 poetoe
1028 2834 1239 2899 capiunt.
1319 2832 1608 2883 Crediderim

595 2908 773 2956 tamen,
809 2917 999 2962 puerum
1032 2899 1082 2948 h.
1112 2899 1146 2946 l.
1177 2913 1279 2948 esse
1311 2898 1605 2956 catamitum,

630 2964 679 3014 ui
718 2964 854 3031 pusio
891 2963 1060 3012 dicitur
1095 2979 1154 3012 su
1190 2998 1203 3012 .
1245 2963 1339 3013 VI.
1383 2963 1465 3011 34.
1506 2979 1607 3028 seq.

596 2980 755 3091 2Hinc
778 3037 826 3078 et
845 3045 889 3076 v.
907 3029 988 3078 63.
1008 3029 1135 3091 pusio
1175 3035 1272 3077 orte
1293 3028 1386 3091 leg.
1396 3042 1485 3101 pro
1497 3045 1607 3090 pen-

597 3092 703 3155 sio).
766 3092 844 3141 Sic
910 3108 1064 3159 uoque
1095 3091 1269 3141 drauco
1299 3092 1466 3141 melius
1497 3108 1609 3141 con·

596 3157 792 3207 veniunt
811 3171 890 3206 ver
924 3173 953 3205 a
973 3172 1071 3220 seq.
1135 3158 1264 3232 Alter
1294 3159 1502 3205 emendus
1524 3161 1611 3206 erit

598 3237 956 3336 mazam}
986 3223 1182 3335 1²3²&ss
1183 3223 1612 3335 ffiwfflfffi

601 3359 778 3407 monet,
801 3350 862 3400 de
892 3348 1123 3399 industria
1154 3350 1203 3399 h.
1224 3350 1258 3398 l.
1289 3359 1338 3398 et
1368 3348 1492 3399 infra
1523 3351 1608 3400 ali·

598 3415 1023 3533 pggtiesbffloevplo,
1045 3413 1272 3527 utthipedi
1294 3415 1440 3528 mul-ig
1455 3422 1505 3490 et
1516 3422 1611 3464 sto·

619 3497 634 3528 ι
862 3495 957 3536 otu,
997 3496 1028 3528 n
1109 3496 1170 3528 iss
1590 3507 1609 3517 -

597 3497 802 3603 monilia,
835 3552 893 3595 ut
922 3496 1155 3595 stdulii‘tas
1171 3496 1268 3593 agaen
1269 3496 1488 3612 ¹1rimport,n
1499 3495 1610 3595 essin

599 3609 769 3674 insigni
803 3609 1093 3675 turpitudine
1131 3610 1425 3675 conjunctus,
1463 3610 1514 3658 in
1552 3626 1609 3660 eo

598 3674 898 3739 exprimatur.
954 3673 1195 3739 Rigaltius
1212 3691 1324 3727 vero
1337 3674 1608 3740 suspicaba-

600 3744 693 3795 tur,
749 3747 953 3804 poetam,
1007 3739 1037 3787 h
1133 3740 1283 3789 rboles
1335 3739 1611 3805 Virgilianae

631 3803 746 3851 AEn.
771 3804 871 3852 ΙΙΙ.
904 3802 1016 3851 636.
1107 3804 1179 3867 7.)
1199 3803 1447 3871 carpendae
1478 3820 1611 3853 men-

639 3866 823 3931 aciique
872 3867 1042 3931 poetici
1087 3868 1316 3919 rhetorico
1366 3868 1613 3918 mendacio

600 3931 1353 4063 {Zfffflssssimssjcffimssassffi
1383 3933 1519 4048 33:1²„
1540 3936 1610 4048 ¹1⁸2}

596 4078 679 4124 per
715 4077 822 4112 eam
861 4062 1058 4127 Ulysses
1086 4062 1300 4112 evaserit.
1383 4063 1609 4112 Ceterum

599 4125 843 4175 notissima
858 4133 930 4175 est
945 4126 1107 4176 fabula
1123 4127 1183 4176 de
1202 4125 1493 4191 Polyphemo
1510 4128 1606 4193 Cy·

599 4190 753 4257 clope,
774 4199 823 4240 et
846 4190 1033 4256 ulysse,
1054 4191 1135 4266 qui
1166 4191 1249 4239 illo
1266 4199 1508 4241 excoecato
1539 4190 1609 4240 in-

603 4255 800 4306 columis
838 4271 946 4304 cum
985 4255 1122 4304 sociis
1160 4254 1327 4311 evasit,
1366 4270 1424 4304 ex
1467 4256 1610 4305 Hom.

605 4319 780 4385 Odyss.
815 4320 858 4368 1.
893 4320 1164 4370 182-542.
1204 4319 1368 4385 Eurip.
1397 4321 1537 4385 Cycl.
1565 4331 1613 4370 et

603 4382 740 4454 Virgr
753 4386 868 4434 AEn.
886 4384 1273 4435 111.613-691.
1297 4387 1375 4437 De
1392 4386 1612 4452 Cyclopi-

1658 1668 1748 1716 bus
1761 1646 2166 1731 mapsam-ah.
2188 1667 2358 1731 Heyne
2379 1665 2444 1715 ad
2457 1664 2500 1713 A
2568 1664 2674 1712 uod.

1661 1733 1704 1781 Ι.
1733 1735 1776 1781 1.
1803 1736 1916 1806 l..p.
1942 1736 2015 1780 10.
2038 1741 2086 1779 et
2108 1732 2170 1781 de
2204 1730 2385 1795 ingenti
2419 1746 2510 1778 ocu
2532 1746 2559 1778 o
2579 1730 2668 1777 Po-

1659 1796 1867 1862 lyphemi
1901 1796 2027 1845 idem
2059 1796 2121 1845 ad
2142 1797 2230 1846 Vir
2264 1830 2277 1844 .
2298 1797 2416 1844 AEn.
2439 1795 2543 1846 111.
2565 1795 2673 1842 636.

1662 1862 1774 1910 637.
1793 1865 1955 1909 unicus
1986 1861 2037 1911 h.
2058 1877 2103 1909 e.
2124 1861 2204 1925 qui
2262 1860 2418 1909 omino
2452 1874 2539 1908 suo
2572 1859 2671 1907 uni·

1648 1942 1750 1974 ‘cus
1791 1933 1864 1975 est
1905 1934 1954 1975 et
1993 1926 2135 1974 solus.
2199 1927 2281 1975 65.
2323 1928 2455 1980 acies,
2501 1925 2674 1972 oculus.

1671 1991 1731 2039 Ul
1766 2005 1863 2039 sses
1879 1990 1927 2039 h.
1946 1991 1979 2038 1.
2001 1999 2049 2039 et
2065 1990 2209 2039 Ovid.
2226 2005 2285 2038 ex
2307 1990 2366 2037 P.
2387 1990 2479 2038 IV.
2508 1991 2584 2037 14.
2601 1992 2678 2038 35.

1664 2071 1709 2103 so
1842 2054 2029 2113 dicitur,
2056 2063 2109 2103 ut
2141 2055 2247 2103 aliis
2279 2053 2431 2119 poetis
2462 2063 2676 2110 vernaus,

1649 2119 1824 2185 fallu,
1842 2122 2008 2182 pellar,
2029 2120 2206 2181 duplex,
2227 2127 2276 2167 et
2310 2119 2520 2167 Homero
2542 2118 2678 2167 τολύ-

1663 2205 1820 2251 μητις,
1841 2185 2182 2247 taunasis-ne,
2212 2183 2519 2251 teatio-(0105,
2545 2194 2682 2234 τολυ-

1664 2252 1886 2316 μῆχανη,
1910 2250 1989 2299 Διΐ
2003 2252 2136 2314 μῆτιν
2157 2248 2439 2303 ἀτάλαντος.

1732 2316 1943 2364 67-69.
1966 2317 2138 2365 Facete
2161 2331 2260 2380 pro,
2283 2316 2424 2363 ambo
2455 2311 2682 2362 vestiendi

1668 2389 1796 2442 sunt,
1832 2380 1955 2446 inpr.
1991 2383 2149 2429 bruma
2179 2382 2393 2441 spirante,
2419 2378 2471 2427 h.
2492 2395 2538 2428 e.
2571 2379 2682 2443 hye-

1667 2446 1757 2495 mis
1776 2454 1999 2512 tempore,
2021 2462 2116 2511 quo
2142 2442 2299 2510 frigidi
2319 2444 2504 2510 spirant
2539 2442 2679 2495 venti.

1668 2514 1749 2561 68.
1775 2511 1899 2565 Quid
1919 2511 2077 2560 dicam
2095 2512 2286 2572 scapulis
2306 2523 2349 2558 et
2372 2512 2567 2572 pedibus
2595 2525 2680 2557 ser-

1668 2594 1838 2627 vorum.
1870 2576 2026 2642 lepide
2045 2590 2144 2641 pro,
2168 2575 2330 2632 servis,
2352 2589 2501 2648 quum
2537 2582 2684 2621 vestes

1670 2649 1837 2707 petunt
1858 2650 1905 2690 et
1938 2641 2278 2696 calceamenta,
2298 2641 2474 2704 quibus
2504 2637 2683 2687 humeri

1672 2721 1728 2754 ac
1760 2704 1903 2772 pedes
1935 2713 2166 2770 tegantur.
2229 2706 2450 2768 Aquilone
2469 2703 2573 2752 scil.
2593 2702 2684 2768 spi-

1672 2780 1830 2820 rante:
1883 2787 1992 2835 quoe
2029 2782 2188 2820 tamen
2223 2769 2401 2835 ellipsis
2442 2769 2564 2818 dura
2601 2775 2681 2817 est.

1673 2835 1875 2885 Facilior
1915 2843 1987 2884 est
2024 2835 2165 2884 lectio
2206 2834 2336 2897 vulg.
2374 2850 2519 2883 meuse
2531 2852 2550 2892 ,-
2603 2830 2683 2881 sed

1672 2900 1789 2949 forte
1809 2900 1981 2964 glossa.
2025 2900 2105 2949 69.
2121 2899 2375 2955 Dicamne,
2397 2900 2568 2947 durate
2588 2912 2683 2954 vos,

1671 2964 1849 3015 sortiter
1869 2963 2079 3022 tolerate,
2101 2963 2264 3038 frigus,
2285 2975 2328 3012 et
2359 2973 2601 3025 exspectan
2620 2965 2680 3011 οἱ·

1672 3031 1819 3086 cadas,
1853 3029 2109 3079 adventum
2141 3028 2435 3085 cicadarum,
2469 3028 2520 3077 h.
2544 3044 2588 3077 e.
2620 3044 2684 3076 ae-

1673 3093 1780 3145 stivi
1799 3094 2047 3168 temporis‘l
2072 3093 2160 3159 (cf.
2174 3093 2300 3157 Plin.
2321 3093 2394 3142 ΙΙ.
2406 3093 2491 3142 26.
2509 3103 2561 3142 et
2575 3091 2682 3156 27.)

1675 3160 1866 3209 Interea
1897 3158 1969 3208 illi
2003 3157 2171 3223 frigore
2203 3165 2528 3207 enecarentur.
2594 3157 2687 3207 Le·

1671 3223 1785 3290 pida
1800 3223 1958 3280 verba,
1982 3222 2112 3272 haud
2131 3221 2274 3275 dubie
2295 3221 2453 3271 efficta
2474 3221 2688 3287 exqvirg.

1674 3290 1792 3338 AEn.
1814 3288 1858 3337 Ι.
1876 3289 1990 3338 207.
2013 3288 2091 3337 Cf.
2113 3287 2244 3337 Suet.
2266 3286 2421 3352 Casig.
2443 3302 2488 3336 c.
2511 3288 2593 3335 45.

1739 3355 1819 3403 70.
1839 3368 1939 3417 seq.
1981 3353 2157 3403 Facete
2210 3351 2413 3401 draucus
2459 3349 2691 3402 beneficia

1675 3433 1760 3467 sua
1799 3418 2062 3482 exprobrat.
2142 3426 2219 3473 ut,
2250 3415 2484 3482 quamvis,
2522 3419 2686 3471 mittas,

1672 3482 2017 3549 proetermittas,
2048 3480 2182 3530 nihili
2211 3480 2375 3537 facias,
2407 3491 2555 3531 cetera
2587 3481 2685 3529 offi-

1671 3546 1749 3597 cia
1797 3562 1906 3596 mea
1956 3562 2012 3595 ac
2047 3545 2294 3602 beneficia,
2336 3545 2423 3594 tibi
2463 3546 2686 3611 praestita.

1672 3620 1838 3675 quanto
1857 3614 2026 3660 metiris
2041 3614 2198 3674 pretio,
2217 3610 2384 3675 quanti
2403 3610 2539 3659 facis.
2608 3612 2686 3659 71.

1671 3678 1753 3725 tibi
1767 3679 1944 3727 deditus
1956 3679 2217 3741 devotusque
2235 3676 2388 3744 cliens,
2406 3674 2630 3725 addictus
2643 3682 2690 3723 et

1677 3740 1739 3789 ad
1756 3739 1909 3790 officia
1930 3741 2109 3806 quaevis
2142 3740 2225 3789 tibi
2258 3739 2533 3806 praestanda
2550 3754 2688 3805 para·

1677 3814 1766 3855 tus·
2392 3842 2395 3845 ·

1741 3871 1819 3918 72.
1841 3886 1952 3918 uror
1970 3880 2053 3919 tua
2071 3873 2198 3936 virgo
2217 3879 2432 3926 maneret,
2456 3884 2553 3919 non
2586 3885 2690 3935 gra-

1673 3933 1782 3983 vida
1805 3934 1931 3983 sacta
1951 3944 2089 3994 esset,
2109 3942 2298 4002 propter
2319 3942 2452 3982 tuam
2473 3936 2688 4002 inpoten-

1674 4006 1821 4114 tlalnss..
1853 4067 1937 4112 ista
1969 4063 2138 4119 officia,
2170 4060 2277 4122 hoc,
2310 4063 2413 4113 scil.
2446 4072 2503 4114 ut
2536 4081 2563 4114 e
2673 4090 2692 4099 ·

1674 4143 1789 4186 rem,
1811 4130 1938 4195 quod
1958 4129 2145 4195 tuipse
2176 4144 2271 4179 non
2290 4143 2470 4196 posses.
2536 4063 2692 4196 ‹iffi›

1674 4196 1827 4252 modis,
1859 4211 2004 4260 quam
2036 4194 2336 4244 vehementer
2368 4209 2424 4243 ac
2464 4192 2692 4261 supplici·

1675 4265 1820 4371 ἴοι74.
1858 4324 2081 4382 Puellam,
2114 4341 2307 4374 uxorem
2339 4331 2493 4381 tuam,
2517 4325 2594 4389 (v.
2628 4320 2694 4370 ad

1678 4388 1748 4436 ΙΙ.
1773 4378 1881 4459 59.)
1893 4389 2170 4455 fugientem,
2206 4405 2234 4440 e
2268 4390 2407 4440 domo
2436 4398 2521 4439 tua
2557 4386 2695 4437 aufu-
