2978 4920
1056 328 1512 393 SA'TIRA.
1569 329 1670 392 111.

397 487 487 567 Et
518 514 798 579 contum,
820 511 893 567 et‘
919 498 1148 585 Stygio
1173 508 1359 565 terias
1382 499 1453 565 in
1481 499 1740 586 'gurgite
1765 500 2003 586 migma,

2269 506 2397 569 1²50

396 607 619 691 Atque
646 625 778 668 una
804 600 1069 667 transii-e
1098 601 1337 667 vadum
1362 612 1463 667 to't
1491 600 1690 666 miss'ra
1713 603 1967 691 cymba,
2035 612 2038 615 ’

395 707 459 771 N
461 729 531 770 ec
559 703 742 792 pueri
771 703 1064 781 credunt,
1095 701 1217 767 uisi
1244 702 1357 789 qui
1389 702 1674 768 nondum
1695 725 1830 769 zaere
1855 704 2171 773 labantur.

388 807 524 873 Sed
553 820 625 873 tu
658 830 808 871 vera
833 817 1030 893 puta:
1079 804 1317 871 Curius
1345 805 1508 892 quid
1533 806 1727 872 sentit
1756 813 1821 873 e‘t
1849 809 2037 875 ambo

396 908 754 995 Scipiadae?
800 906 961 994 quid
991 906 1327 975 Fabnieius
1348 930 1697 995 manesque
1727 909 2025 976 Camilli?
2113 918 2118 921 ⁴
2215 918 2220 923 '
2269 948 2274 951 ν

394 1010 569 1089 Quid
601 1013 917 1076 Cremerae
945 1009 1113 1097 legio
1141 1021 1206 1075 et
1234 1010 1475 1076 Cannis
1503 1024 1834 1077 consumta
1852 1014 2181 1100 juventus,
2271 1015 2398 1080 155

396 1114 529 1177 Tot
557 1110 868 1177 bellorum
898 1112 1148 1189 anime,
1178 1112 1431 1198 quoties
1456 1112 1608 1177 hinc
1637 1112 1783 1179 tahs
1805 1113 1896 1179 ad
1919 1113 2064 1181 fflos

399 1212 649 1278 Umbra
676 1211 897 1281 venit?
960 1214 1285 1298 cuperent
1311 1212 1593 1292 lustrari,
1626 1212 1678 1278 si
1706 1237 1839 1300 qua
1864 1214 2226 1282 darentur

395 1318 660 1385 Sulfura
687 1341 834 1382 cum
863 1317 1071 1395 taedia,
1101 1329 1166 1381 et
1196 1316 1247 1380 si
1276 1317 1442 1383 foret
1470 1318 1741 1383 hmnida
1768 1319 2007 1386 laurus.

399 1419 587 1505 Illuc,
616 1419 744 1482 heu
773 1423 787 1482 2
836 1419 1047 1482 miseri
1080 1416 1492 1482 traducimur.

393 1522 621 1588 Litora
646 1519 955 1584 Juvernae
987 1518 1445 1604 promovimus,
1476 1530 1541 1582 et
1562 1519 1761 1582 modo
1781 1532 2009 1608 ‘captas

1584 1420 1787 1483 Arma
1816 1421 2074 1506 quidem
2103 1422 2275 1487 'ultra

2273 1523 2402 1593 16⁰

395 1623 697 1700 Orcadas,
729 1647 801 1688 ac
830 1622 1090 1687 minima
1118 1633 1446 1686 contentos
1474 1633 1658 1701 nocte
1691 1622 2063 1691 Britannos:

299 1808 667 1891 effeminatique
685 1830 907 1877 homines
922 1828 984 1876 ex
1002 1830 1188 1888 superis
1202 1827 1320 1874 locis

303 1900 369 1945 ad
403 1898 525 1943 infe
611 1895 994 1942 descenderent?
1060 1895 1138 1941 cf.
1171 1892 1317 1938 simil.

305 1965 414 2010 loca
435 1963 525 2008 inf.
546 1958 663 2008 XV.
690 1954 798 2006 172.
818 1972 935 2020 seqq
903 1965 1012 2020 q.et
1026 1959 1131 2011 Silii
1155 1957 1224 2006 V.
1236 1956 1319 2003 59.

304 2041 410 2087 seq.
427 2027 625 2086 etinpr.
643 2023 815 2073 XVII.
836 2023 947 2070 465.
970 2036 1071 2084 aeq.
1127 2024 1186 2070 In
1208 2021 1319 2068 MS.

305 2089 532 2138 Norimb.
553 2091 600 2137 3.
626 2103 766 2137 versu
794 2088 905 2135 150.
921 2089 1098 2149 legitur
1118 2088 1188 2134 Et
1208 2101 1317 2134 ean-

302 2159 406 2202 tum
438 2160 483 2202 et
515 2156 685 2216 Stygw
718 2168 857 2198 ranas
887 2159 982 2200 cet.
1012 2153 1064 2198 h.
1097 2166 1142 2201 e.
1176 2163 1318 2197 ranas

296 2228 585 2276 cantamen
631 2221 762 2279 quod
795 2218 982 2277 placere
1014 2224 1168 2276 potest
1205 2215 1317 2264 coll.

301 2285 553 2343 Aristoph.
575 2286 610 2330 l.
632 2285 666 2331 1.
690 2285 771 2330 ubi
795 2283 1005 2335 Charon,
1030 2283 1090 2326 ad
1125 2294 1312 2328 remum

295 2351 546 2410 agendum
570 2349 786 2394 excitans
805 2339 1072 2402 Bacchum,
1093 2346 1317 2392 suavissi-

297 2427 412 2460 mos
435 2412 552 2459 dicit
575 2415 636 2458 ab
659 2424 715 2456 eo
737 2412 959 2456 auditum
993 2410 1052 2454 iri
1090 2421 1318 2456 ranarum

295 2487 498 2535 cantur,
521 2479 561 2523 si
584 2490 716 2522 remo
738 2475 1051 2521 incumberet.
1118 2475 1209 2521 Sed
1232 2487 1319 2517 no-

295 2548 406 2589 stra
429 2555 620 2602 quoque
643 2537 785 2585 lectio
810 2552 903 2585 non
929 2531 1196 2595 spernenda
1227 2544 1318 2591 est,

297 2620 459 2672 eaque
471 2618 704 2653 numerus
715 2617 876 2649 rerum
891 2596 1219 2648 fabulosarum
1236 2615 1322 2648 au·-

297 2680 464 2734 getur.
523 2668 629 2717 152.
651 2682 790 2728 pueri
810 2667 1084 2727 inpuberes
1104 2669 1318 2713 nondum

298 2736 564 2811 quadrimi.
588 2736 668 2794 qui
684 2733 887 2779 nondum
908 2731 1159 2776 lavantur
1145 2746 1196 2778 in
1222 2730 1321 2778 bal·

299 2800 407 2845 neis
439 2800 514 2845 vel
545 2798 749 2846 thermis
782 2796 985 2856 publicis
1017 2808 1137 2843 oere:
1182 2809 1319 2855 nam,

298 2864 387 2923 qui
406 2865 708 2920 lavabantur,
724 2862 1040 2921 quadrantem
1052 2862 1318 2907 solvebant.

303 2927 415 2974 Nec
429 2942 554 2975 senes
573 2921 783 2980 credunt.
808 2939 887 2971 nec
903 2925 983 2984 qui
1006 2926 1208 2971 woradum
1229 2938 1318 2970 oete

301 2987 522 3039 lavaritur
562 2991 666 3038 MS.
690 2984 936 3041 Scriverii,
957 2995 1077 3037 teste
1100 3004 1156 3036 ac
1179 2981 1313 3051 p'rob.

304 3057 552 3103 Crenioin
590 3055 849 3103 Animadv.
880 3049 1046 3113 philol.
1083 3055 1136 3101 Ρ.
1159 3050 1312 3100 xm.

301 3135 355 3181 p.
377 3120 454 3168 19.
521 3119 628 3167 154.
664 3118 912 3178 Scipiadae,
951 3113 1213 3177 ScipioneS,
1239 3116 1316 3181 (ut

301 3178 616 3233 Memmiades
635 3199 721 3245 pro
745 3181 1000 3229 Memmius
1018 3183 1195 3228 dicitur
1217 3182 1315 3227 Lu·

300 3257 424 3298 cret.
441 3251 485 3296 1.
509 3245 613 3309 27.)
636 3250 789 3308 ambo,
816 3247 890 3292 vel
907 3247 1004 3292 duo
1027 3248 1216 3300 fratres,
1232 3260 1314 3305 pa·

300 3323 378 3361 ter
399 3324 448 3361 et
470 3321 674 3372 patruus
691 3310 908 3361 Africani
926 3306 1140 3387 maioris,
1161 3318 1216 3357 ut
1237 3324 1317 3371 ap.

304 3378 392 3425 Sil.
438 3375 560 3424 VII.
603 3378 709 3425 107.
753 3378 827 3423 vel
865 3375 1025 3435 potius
1058 3377 1317 3423 Africanus

302 3437 463 3507 major
475 3452 525 3489 et
542 3444 722 3507 minor,
733 3449 787 3489 ut
794 3440 972 3502 gemini
985 3440 1225 3501 Scipiades
1239 3453 1315 3499 ap.

303 3508 442 3571 vitg.
460 3508 575 3556 ΑΕΒ.
585 3499 689 3562 VI.
707 3504 818 3554 843.
842 3506 924 3564 qui
943 3504 1050 3551 κατ’
1071 3503 1228 3566 &zexan
1249 3505 1319 3550 ita

302 3574 626 3635 adpellantur.
680 3570 787 3617 155.
814 3569 1049 3617 Cremera.-
1067 3573 1205 3630 tegio‚
1224 3568 1314 3615 Fa-

302 3639 390 3694 bii,
413 3639 476 3684 ad
498 3636 775 3683 Cremeram
799 3635 848 3681 fl.
870 3648 897 3679 a
920 3629 1202 3681 Veientibus
1219 3648 1314 3680 cae-

304 3704 367 3762 si,
391 3716 479 3750 sex
502 3708 552 3748 et
586 3701 788 3747 trecenti
821 3699 1016 3756 militeS,
1037 3712 1206 3745 omnes
1229 3712 1312 3759 pa·

303 3767 432 3815 tricii
449 3773 498 3813 et
521 3766 666 3812 unius
697 3765 877 3825 gentis,
900 3778 998 3824 qua
1017 3777 1113 3810 non
1134 3764 1232 3810 alia
1251 3763 1315 3809 le·

298 3833 415 3894 gio,
423 3832 474 3878 h.
491 3845 536 3877 e.
552 3831 808 3883 exercitus,
834 3828 908 3873 vel
931 3829 1092 3874 minor
1114 3841 1318 3874 numero

302 3897 384 3944 vel
405 3896 539 3942 fama
553 3894 726 3956 clarior
743 3889 853 3942 fuit.
906 3891 1002 3939 Res
1026 3900 1137 3938 nota
1162 3892 1237 3937 vel
1260 3905 1318 3937 ex

303 3960 415 4007 Liv-
440 3959 511 4007 11.
531 3958 612 4006 48.
633 3972 766 4020 seqq.
802 3958 998 4011 Cannis,
1021 3959 1080 4003 ad
1106 3958 1319 4014 Cannas,

299 4027 538 4072 consumta
541 4023 788 4084 juventus,
809 4015 870 4069 ab
894 4022 1170 4069 Hannibale
1191 4035 1313 4069 coesa

299 4084 549 4136 acdele‘ta.
597 4086 708 4134 156.
730 4087 903 4133 animoe
935 4080 1171 4145 bellorum,
1189 4088 1313 4132 viro·

294 4167 431 4210 rum,
445 4151 531 4214 qui
548 4151 598 4200 in
619 4150 753 4198 bellis
769 4153 1035 4212 perierunt,
1050 4144 1129 4197 vel
1138 4152 1313 4198 animae

302 4218 611 4271 bellatorum,
642 4223 692 4263 et
713 4216 827 4261 hinc
856 4216 1017 4275 simpl.
1041 4217 1311 4269 bellatoreS,

302 4283 396 4330 viri
427 4282 595 4335 fortes,
626 4294 725 4340 quo
756 4293 899 4327 seusu
935 4280 1087 4327 Hom.
1112 4281 1169 4327 11.
1193 4298 1239 4326 u.
1261 4279 1312 4327 3.

302 4346 426 4393 dixit
482 4344 665 4397 τολλᾶς
722 4342 894 4406 ι’φΙῖμος
941 4343 1110 4405 ψυχὰς
1158 4342 1308 4409 ἧρόυν.

1387 1825 1500 1874 157.
1536 1825 1763 1888 caperent
1784 1829 1998 1889 lustrari,
2020 1837 2273 1893 tamquam
2294 1834 2399 1895 pol·

1384 1892 1476 1936 luti
1499 1893 1671 1939 talium
1696 1895 1982 1943 umbrarum
2013 1898 2120 1945 visu
2152 1902 2203 1943 et
2235 1905 2399 1949 muta·

1383 1956 1544 2013 glane,
1564 1959 1611 2003 n·
1639 1971 1729 2016 qua
1748 1958 1994 2015 durantur,
2024 1967 2188 2008 emeat
2213 1964 2323 2011 scil.
2340 1964 2397 2019 ,in

1382 2021 1570 2080 inferis,
1593 2018 1796 2087 calfit-a,
1807 2030 1867 2069 et
1901 2024 1944 2069 ei
1970 2025 2137 2072 lauru
2151 2024 2288 2086 foret
2314 2027 2397 2073 ibi.

1383 2083 1424 2130 1
1428 2088 1630 2132 ustratio
1645 2088 1793 2134 fiebat
1828 2087 2125 2135 circumlatis
2158 2091 2283 2141 circa
2308 2092 2402 2147 ali·⁸

1382 2163 1528 2210 quem
1549 2150 1732 2213 sulfure
1755 2153 1830 2198 vel
1854 2152 1998 2197 toedie.
2040 2154 2400 2202 1515·ωήκωί-

1379 2214 1457 2270 da,
1481 2222 1537 2261 ut
1555 2216 1649 2262 uda
1669 2230 1750 2276 ap.
1765 2217 1904 2263 Ovid.
1927 2216 2058 2265 Fast.
2077 2221 2138 2266 V.
2157 2220 2270 2268 677.
2293 2221 2398 2268 lau·

1379 2292 1461 2326 rea
1482 2281 1617 2339 virga
1646 2282 1857 2327 inmersa
1890 2281 1939 2326 in
1972 2297 2171 2344 aquam,
2193 2298 2291 2344 qua
2311 2287 2400 2332 ad-

1406 2346 1540 2454 pelrffi
1563 2345 1798 2398 solebant,
1813 2346 1906 2404 qui
1923 2346 2268 2396 lustrabantur.

1449 2408 1557 2454 15.9
1580 2409 1723 2464 Illuc,
1740 2411 1800 2455 ad
1815 2410 2021 2457 inferos
2044 2414 2396 2474 niaipotiusre

1384 2476 1661 2533 ponendum
1678 2475 1806 2527 Illic,
1823 2474 1903 2537 (in
1928 2477 2114 2536 inferia)
2127 2480 2257 2538 quod
2279 2479 2399 2538 legi-

1384 2542 1465 2584 tur
1503 2539 1550 2583 in
1594 2538 1703 2585 MS.
1736 2538 1957 2586 Scriverii
1991 2547 2042 2588 et
2080 2542 2234 2589 tribus
2273 2544 2399 2594 aliia.

1386 2602 1517 2648 Tum
1542 2604 1735 2664 verbum
1760 2602 1943 2649 traduci
1962 2619 2021 2651 eo
2043 2619 2187 2654 sensu
2202 2606 2398 2666 capien-

1385 2666 1525 2721 dum,
1550 2665 1608 2711 de
1638 2680 1734 2726 quo
1767 2666 1855 2711 inf.
1890 2669 1954 2714 ad
1988 2668 2140 2715 VIII.
2175 2668 2253 2717 17.
2276 2672 2397 2717 dixi.

1389 2730 1498 2777 160.
1519 2732 1764 2785 Juvernoe,
1787 2734 1843 2775 ut
1876 2732 2313 2792 ap.Me1.111.6.
2346 2741 2402 2791 et

1384 2795 1586 2841 Ptolem.
1610 2795 1659 2840 in
1681 2785 2247 2863 cod.Palat.'101meinu;
2281 2812 2399 2848 nam

1383 2862 1547 2921 vulgo,
1564 2858 1762 2919 legitur'
1767 2855 1967 2923 lomenia,
1978 2868 2033 2907 ut
2046 2876 2122 2923 ap.
2134 2864 2400 2924 Agathem.

1382 2924 1449 2971 11.
1470 2926 1519 2972 8.
1566 2924 1967 2972 Inaliislibrish.
1993 2928 2024 2971 1.
2047 2929 2400 2988 reperitur-Ja-

1379 2989 1547 3047 bernoe,
1572 2996 1622 3035 et
1656 2989 1890 3046 Vivernoe,
1924 2993 2056 3050 quod
2088 3006 2269 3040 nomen
2301 2994 2398 3040 Hi..

1378 3054 1436 3099 be
1415 3055 1574 3112 rniae,
1597 3054 1760 3112 addito
1792 3054 1973 3112 duplici
2003 3056 2271 3117 digamma,
2292 3056 2395 3104 effl-

1381 3124 1517 3164 ctum
1538 3125 1708 3178 putant
1724 3131 1785 3163 ex
1803 3118 1890 3166 Gr.
1908 3115 2060 3185 ’lignun
2074 3135 2171 3181 quo
2188 3127 2397 3168 utuntur

1381 3180 1570 3242 Strabo,
1604 3182 1804 3229 Aristot.
1840 3192 1888 3228 et
1924 3185 2235 3233 Claudianum.
2287 3186 2395 3232 Hi-

1380 3243 1546 3294 bernia
1582 3254 1748 3294 autem
1787 3248 2023 3295 Romanis
2059 3262 2234 3308 parum
2277 3257 2396 3299 nota

1380 3318 1482 3359 erat
1524 3305 1635 3359 ant'e
1663 3319 1712 3357 et
1746 3320 1852 3371 post
1886 3314 2129 3373 Agricolae
2149 3321 2404 3374 tempora,

1380 3377 1465 3438 qui
1485 3373 1591 3440 ejus
1612 3378 1907 3435 occupandae
1918 3378 2174 3423 consilium
2198 3384 2395 3438 propter

1380 3442 1580 3488 aliarum
1612 3443 1835 3502 gentium
1872 3447 2035 3487 motus
2066 3441 2262 3499 exsequi
2295 3455 2395 3489 nou

1381 3513 1583 3564 poterat.
1606 3520 1653 3552 v.
1675 3505 1790 3552 Tac.
1813 3504 1976 3564 Agric-
2000 3518 2043 3551 c.
2063 3504 2145 3552 24.
2187 3504 2397 3555 Orcadas

1380 3564 1583 3628 insulas,
1636 3563 1782 3629 supra
1833 3568 2044 3614 Scdtiam
2100 3570 2237 3626 sitan,
2284 3584 2397 3631 qua

1381 3647 1513 3680 nunc
1538 3632 1748 3694 Orkneys
1767 3632 2015 3691 dicuntur,
2038 3640 2088 3679 et
2108 3634 2159 3679 in
2185 3648 2395 3712 quarum,

1381 3712 1585 3746 numero
1617 3697 1889 3745 definiendo
1932 3711 2027 3743 non
2083 3701 2396 3748 consentiunt

1380 3770 1572 3809 veteres
1586 3762 1867 3825 geographi,
1900 3761 2031 3808 modo
2053 3767 2238 3823 captust
2274 3778 2393 3812 nam

1381 3827 1607 3887 Agricola
1629 3829 1716 3875 has
1748 3827 2012 3888 incognitas
2041 3827 2103 3875 ad
2136 3829 2188 3876 id
2213 3834 2393 3888 tempus
2446 3881 2450 3886 ,

1380 3893 1556 3940 imulas
1579 3889 1758 3940 invenit
1788 3891 2064 3952 domuitque,
2088 3893 2131 3939 si
2154 3894 2271 3940 fides
2305 3895 2392 3941 ha-

1380 3959 1538 4004 benda
1559 3958 1674 4005 Tac.
1698 3958 1747 4003 in
1782 3952 1888 4017 ejus
1919 3957 2021 4004 vita
2052 3972 2096 4005 c.
2133 3958 2213 4006 10.
2235 3957 2394 4006 Euae-

1377 4023 1485 4068 bius
1510 4030 1673 4069 tamen
1693 4022 1742 4068 in
1782 4022 2023 4068 Chronico
2054 4024 2220 4080 tradit,
2244 4024 2392 4071 Clau-

1377 4088 1513 4133 dium
1549 4088 1677 4147 Imp.
1702 4081 1812 4147 jam
1845 4086 1903 4132 de
1935 4086 2185 4134 Britannis
2217 4089 2388 4134 trium·

1376 4154 1569 4211 phasse,
1593 4160 1643 4197 et
1665 4147 1873 4198 Orcadas
1891 4152 2072 4197 insulas
2087 4151 2236 4198 Rom.
2257 4149 2391 4214 adje-

1377 4218 1499 4264 cisse
1519 4216 1741 4275 imperio.
1803 4216 1934 4262 Tum
1960 4211 2015 4261 c}
2039 4214 2171 4261 modo
2201 4216 2262 4260 de
2284 4217 2389 4262 lon·

1375 4281 1498 4341 giori
1536 4289 1752 4339 tempore
1793 4279 2153 4338 adcipiendum‚
2188 4280 2249 4324 de
2290 4292 2389 4338 quo

1378 4359 1425 4393 v.
1447 4357 1552 4403 sup.
1577 4344 1637 4389 ad
1674 4358 1720 4387 v.
1746 4342 1826 4390 73.
1890 4342 2142 4388 Britannia
2166 4343 2414 4389 Romana·
