2978 4920
602 323 728 406 284

689 526 913 613 Atque
940 517 1129 586 hodie
1157 511 1408 580 tantum
1435 522 1697 601 propter
1724 501 2018 570 convivia*
2038 500 2208 590 pexi.

1298 317 1969 391 JUVENAL-rs

2555 497 2689 560 150

695 623 979 691 Pastoris
1007 616 1155 683 duri·
1182 615 1286 679 hic
1315 624 1408 678 est
1438 610 1632 688 filius,
1661 605 1767 671 ille
1794 601 2077 668 bubulci.

629 773 635 778 -
696 725 984 814 Suspirat
1013 720 1201 804 longo
1230 736 1355 780 non
1383 713 1583 778 visam
1611 722 1895 793 tempore
1923 715 2213 781 matrem,

695 831 788 893 Et
817 823 1092 890 casulam
1121 830 1185 882 et
1213 827 1397 881 notos
1425 810 1625 878 tristis
1654 805 1972 874 desiderat
1998 803 2220 869 haedos

700 924 973 1013 Ingenui
1004 919 1222 986 vultus
1249 937 1411 1005 puer
1437 909 1824 999 ingenuique
1850 904 2136 993 pudoris,

701 1028 933 1108 Quales
960 1046 1091 1089 esse
1119 1021 1322 1096 decet,
1353 1038 1517 1104 quos
1546 1012 1773 1077 ardens
1800 1028 2091 1096 purpura
2116 1002 2347 1070 vestit:

2571 1001 2697 1063 155

701 1130 838 1194 Nec
865 1123 1207 1215 pugillares
1235 1117 1442 1183 defert
1470 1115 1538 1179 in
1564 1110 1791 1177 balnea
1816 1128 2048 1172 raucus

703 1226 1080 1303 Testiculos,
1107 1246 1222 1287 nec
1249 1216 1568 1284 vellendas
1589 1216 1723 1302 jam
1753 1209 2030 1298 praebuit
2062 1208 2214 1285 alas,
2291 1225 2296 1232 ·

708 1334 934 1396 Crassa
957 1349 1072 1391 nec
1102 1321 1393 1409 obposito
1421 1314 1694 1405 pavidus
1722 1311 1882 1397 tegit
1910 1308 2174 1395 inguina
2199 1318 2409 1393 gutt0.

708 1432 837 1498 Hic
868 1430 984 1496 tibi
1015 1427 1159 1492 vina
1185 1420 1388 1498 dabit,
1415 1417 1649 1483 diffusa
1672 1413 1740 1477 in
1770 1409 2092 1475 montibus
2118 1402 2267 1487 illis,

708 1537 779 1599 A
806 1530 1042 1619 quibus
1067 1527 1201 1613 ipse
1229 1521 1428 1599 venit,
1459 1537 1734 1605 quorum
1762 1512 1882 1577 sub
1911 1510 2148 1575 vertice
2174 1507 2328 1574 lusit
2346 1532 2365 1571 ε

2576 1503 2701 1568 160

709 1634 1006 1717 Namque
1034 1648 1161 1691 una
1188 1634 1382 1710 atque
1410 1617 1627 1684 eadem
1657 1615 1760 1680 est
1779 1610 2151 1698 vinipattia
2173 1621 2372 1695 atque
2410 1603 2699 1671 ministri.

713 1730 1008 1798 Forsitan
1035 1734 1380 1813 exspectes,
1410 1726 1485 1784 'ut
1519 1715 1839 1783 Gaditana
1866 1733 2106 1780 canoro*

633 1903 801 1967 Capilli
839 1900 968 1954 recti,
1002 1897 1079 1946 vel
1114 1889 1306 1948 horridi,
1328 1889 1633 1956 (fluticantes

628 1985 734 2034 sup.
752 1966 843 2015 IX.
868 1963 972 2026 15.)
985 1962 1058 2010 vel
1077 1957 1325 2033 simplices,
1343 1955 1443 2003 sine
1464 1958 1631 2002 ornatu

630 2039 680 2082 et
712 2038 826 2085 arte,
858 2042 953 2076 non
985 2024 1191 2088 crispati,
1219 2026 1303 2068 aut
1330 2014 1633 2067 calamistrati

629 2103 680 2145 et
708 2090 878 2142 cirrati.
945 2091 1053 2138 151.
1093 2086 1288 2134 Pastoris
1322 2085 1448 2139 duri,
1483 2079 1634 2147 asperi

631 2158 839 2209 moribus
853 2161 902 2204 et
916 2151 1118 2217 ingenio.

702 2224 813 2270 152.
831 2218 1061 2280 suspirare
1074 2215 1245 2276 aliquid
1265 2211 1397 2260 docte
1446 2224 1515 2265 ro,
1533 2223 1635 2256 sus·

634 2285 833 2354 pii-ando
853 2280 1030 2346 aliquid
1045 2277 1323 2333 desiderare,
1342 2275 1421 2325 Ga
1439 2274 1472 2321 l.
1491 2273 1635 2333 sonpi-

631 2357 731 2401 ίαν.-
763 2363 875 2397 nam
927 2361 1047 2411 ropr.
1073 2342 1271 2391 dicimur
1299 2340 1521 2400 suspirare
1551 2337 1636 2383 ali-

634 2432 725 2482 qua
743 2430 808 2471 re,
829 2363 925 2462 velp
938 2413 986 2459 in
1007 2411 1160 2473 aliqua
1176 2422 1241 2463 re,
1262 2403 1337 2453 vel
1353 2410 1533 2465 propter
1548 2400 1635 2446 ali-

726 2498 769 2527 m
787 2494 904 2527 rem:
937 2476 1014 2525 cf.
1035 2469 1298 2521 Mitscherl.
1321 2467 1382 2516 ad
1403 2467 1518 2514 Hor.
1540 2464 1637 2514 od.

665 2544 741 2594 11.
760 2543 805 2592 7.
833 2541 908 2589 10.
931 2547 980 2589 et
1010 2539 1092 2586 Int
1123 2553 1171 2602 p.
1201 2532 1381 2583 Tibull.
1400 2532 1443 2579 Ι.
1477 2531 1526 2579 6.
1558 2530 1637 2577 35.

635 2607 699 2660 al.
723 2609 770 2658 7.
803 2606 882 2654 41.
914 2553 1229 2654 Dulceclinem
1254 2614 1346 2647 vss.
1372 2593 1639 2642 152-155.

637 2673 745 2738 quis
761 2677 833 2721 est
847 2669 927 2735 qui
949 2684 1043 2716 non
1059 2664 1255 2715 sentiat!
1288 2659 1460 2709 Refero
1480 2664 1639 2708 autem

637 2752 719 2788 eos
751 2735 811 2785 ad
845 2732 988 2783 alium
1025 2746 1081 2780 ac
1111 2727 1299 2777 tertium
1331 2738 1530 2776 servum.
1558 2719 1639 2786 qui

633 2804 742 2850 vina
771 2800 895 2848 dabit
913 2815 960 2846 v.
983 2797 1090 2845 159.
1122 2794 1280 2841 Poetae
1313 2788 1468 2853 plures
1499 2784 1640 2834 fuisse

636 2880 807 2920 servm,
826 2877 885 2911 ex
905 2875 1008 2909 voc.
1026 2859 1198 2908 cunctis
1216 2872 1262 2902 v.
1288 2853 1395 2900 149.
1415 2849 1639 2912 intelligi·

641 2939 733 2979 tur.
796 2925 956 2989 Vulgo
987 2930 1093 2990 post
1123 2918 1298 2968 bubulci
1325 2915 1549 2963 minorem
1569 2914 1643 2962 vel

638 2994 820 3044 nullam
850 2988 1059 3038 distinct.
1089 2989 1286 3051 ponunt,
1317 2987 1372 3029 ut
1402 2978 1452 3027 hi
1484 2993 1645 3027 versus

643 3058 708 3106 ad
726 3054 918 3104 bubulci
950 3051 1096 3100 filium
1129 3052 1354 3125 spectent,
1378 3043 1459 3108 qui
1484 3049 1646 3091 tamen

644 3137 739 3169 non
758 3122 902 3167 hedos
920 3126 1038 3164 notos
1055 3116 1193 3162 trista
1207 3111 1482 3160 desiderabit.
1538 3108 1648 3155 153.

637 3185 850 3238 casulam,
871 3181 922 3228 in
953 3194 1049 3243 qua
1078 3184 1218 3224 natus
1237 3182 1309 3224 est
1328 3180 1375 3222 et
1394 3172 1638 3221 educatus.

640 3251 782 3299 hoedos
812 3254 948 3302 notos,
979 3257 1096 3306 quos
1121 3239 1222 3288 scil.
1254 3251 1378 3301 saepe
1408 3236 1522 3284 olim
1552 3250 1637 3299 pa-

633 3314 721 3367 vit.

708 3377 816 3438 154.
840 3375 948 3423 155.
970 3368 1083 3428 Qui,
1105 3364 1318 3431 quamvis
1343 3377 1518 3419 servus,
1537 3361 1641 3410 vul-

639 3453 757 3507 tum,
795 3439 1020 3507 pudorem
1049 3432 1349 3495 animumque
1382 3442 1475 3477 non
1504 3424 1645 3474 servi-

637 3511 732 3559 lem
757 3507 916 3559 habet,
939 3499 1023 3551 sed
1053 3499 1316 3564 ingenuum,
1336 3491 1579 3541 liberalem
1599 3497 1647 3538 et

639 3585 929 3685 ῗαῗωῗῗωέ
973 3566 1143 3678 “lxii-3.
1157 3557 1645 3691 dssffenptiffiffni'iii‘

642 3715 760 3774 quos
790 3699 948 3745 ardens
974 3709 1196 3759 purpura,
1231 3694 1472 3754 praetexta,
1501 3685 1645 3739 vestit,

640 3765 691 3813 h.
713 3776 756 3812 e.
813 3765 1103 3816 raetextatos3
1137 3755 1197 3803 de
1227 3751 1397 3817 quibus
1429 3766 1472 3797 v.
1507 3747 1569 3796 ad
1602 3747 1647 3795 1.

639 3830 721 3878 78.
779 3778 1004 3883 {ur-pura
1034 3818 1203 3869 dicitur
1232 3819 1407 3873 ardens,
1429 3822 1484 3862 ut
1515 3814 1648 3878 ignea

641 3891 804 3943 Valer-
828 3886 902 3935 Fl.
923 3885 969 3933 1.
999 3884 1112 3932 427.
1237 3890 1401 3929 mmata
1431 3875 1648 3927 Martial.

641 3958 708 4009 V.
728 3956 810 4004 20.
832 3951 910 3999 12.
940 3949 1131 3997 candens
1213 3952 1329 3992 orat.
1362 3945 1460 3991 Sat.
1496 3942 1566 3989 11.
1601 3941 1650 3990 6.

644 4022 754 4071 102.
819 4017 952 4064 mixto
986 4013 1164 4060 incensa
1197 4024 1308 4056 auro
1344 4008 1464 4055 Stat.
1495 4004 1648 4067 Theb.

641 4081 799 4135 x.60.
818 4081 941 4138 Quae
959 4076 1118 4129 verba,
1134 4077 1190 4121 ut
1211 4071 1466 4124 Gramma
1489 4068 1646 4117 αἴθεσ-

641 4154 726 4202 Seu
763 4154 812 4197 et
849 4142 1043 4207 φλίγω,
1080 4138 1141 4187 de
1177 4136 1356 4200 fulgore
1390 4132 1555 4183 coloris
1586 4148 1642 4180 ac

639 4211 884 4282 splendore
903 4219 1135 4274 purpurae,
1158 4201 1274 4258 auri,
1298 4212 1530 4248 armorum
1551 4203 1642 4245 cet.

633 4276 894 4344 saepissime
912 4271 1207 4321 adhibentur.

664 4394 671 4400 ,
706 4335 979 4392 156-158.
1011 4335 1136 4385 Puer
1163 4337 1235 4382 est
1266 4327 1478 4394 simplex,
1489 4340 1643 4392 ,purus

1694 1892 1742 1934 et
1762 1890 1934 1940 castus,
1956 1895 2113 1947 neque
2142 1878 2296 1948 turpia
2327 1876 2529 1927 aliorum
2549 1894 2696 1929 servo-

1693 1963 1798 1998 rum
1833 1945 1985 1997 officia
2021 1952 2227 2011 praestat,
2254 1943 2331 1992 v'el
2360 1943 2595 1993 obscoena
2624 1960 2702 1993 no-

1694 2013 1779 2064 vit.
1843 2012 2114 2076 Pugillares,
2166 2006 2300 2072 ugilli
2319 2023 2356 2054 s.
2376 2007 2528 2072 pugni
2561 2008 2704 2057 instar

1696 2090 2142 2191 {Raii‘iffffi'iigffi
2156 2071 2704 2187 ⁸5.;JZ„⁶“0‘1’“31'123'13⁵331

1697 2203 1860 2269 quenti
1882 2202 2079 2252 Veneris
2096 2216 2203 2258 usu,
2224 2215 2319 2264 quo
2345 2213 2434 2247 vox
2462 2212 2707 2250 enervatur

1701 2277 1748 2317 et
1777 2266 2023 2322 raucescit,
2044 2266 2132 2339 (cf.
2163 2277 2266 2330 sup.
2298 2262 2361 2312 ad
2382 2264 2477 2312 VI.
2499 2266 2584 2314 73.
2607 2267 2707 2331 74.)

1700 2332 1779 2398 vel
1802 2331 1957 2398 potius
1987 2345 2100 2394 qma
2124 2328 2367 2377 eunuchus
2396 2336 2470 2377 est
2498 2336 2552 2378 et
2576 2330 2707 2394 jussu

1699 2396 1800 2445 heri
1819 2400 2064 2449 castratus,
2080 2394 2150 2458 (v.
2167 2409 2272 2458 sup.
2290 2392 2351 2441 ad
2363 2392 2461 2441 VI.
2476 2394 2592 2442 368.-
2615 2409 2707 2459 seq.

1700 2470 1748 2509 et
1771 2460 1910 2523 515.)
1978 2459 2084 2508 157.
2105 2475 2186 2507 nec
2201 2463 2324 2520 jam,
2345 2458 2576 2515 nondum,
2600 2463 2706 2519 alas,

1701 2541 1862 2574 earum
1890 2523 2010 2590 pilos
2041 2522 2242 2588 dropace
2271 2522 2348 2570 vel
2380 2522 2593 2572 volsellis
2622 2527 2707 2573 vel-

1703 2591 1847 2638 lendas
1861 2593 1966 2652 jam
1995 2589 2190 2649 proebuit
2219 2585 2397 2650 alipilo‚
2419 2602 2481 2636 ne
2514 2588 2710 2637 foeteant

1701 2655 1859 2703 oleant
1890 2668 1950 2703 ue
1991 2653 2198 2710 hircum3
2250 2664 2362 2699 nam
2398 2667 2486 2717 per
2522 2650 2708 2702 aet‘atem

1702 2719 1773 2768 illi
1820 2717 1906 2785 pii
1946 2716 2155 2766 nondum
2197 2721 2519 2764 excreverunt.
2610 2718 2707 2764 Δία

1699 2787 1891 2847 gremias
1921 2780 2153 2830 virilitatis
2185 2778 2410 2828 indicium
2445 2779 2531 2827 inf.
2567 2781 2707 2831 XIV.

1709 2849 1815 2896 195.
1877 2845 1979 2894 Alii
1998 2861 2090 2894 non
2110 2844 2234 2892 male
2253 2843 2364 2893 coll.
2381 2844 2603 2894 Mastial.
2623 2846 2711 2894 XI.

1704 2912 1786 2960 23.
1805 2913 1850 2959 7.
1869 2911 2254 2977 interpretantur:
2289 2922 2384 2955 non
2401 2907 2448 2956 ei
2469 2915 2584 2958 ante
2599 2918 2710 2959 aeta·

1707 2983 1801 3024 tem
1833 2973 1922 3023 orti
1954 2979 2065 3023 sunt
2094 2972 2178 3039 pili
2213 2971 2300 3024 sub
2332 2970 2437 3026 alis,
2460 2973 2543 3036 qui
2569 2974 2713 3023 solent

1707 3037 1917 3088 fruticati
1934 3038 2025 3096 his,
2115 3038 2125 3049 '
2162 3045 2272 3085 ante
2306 3035 2570 3100 legitimam
2604 3047 2714 3088 aeta-

1708 3109 1804 3152 tem
1841 3118 1924 3168 per
1969 3052 2211 3150 libidiiiem
2259 3098 2355 3148 viri
2385 3100 2520 3150 fiunt.
2611 3104 2715 3152 158.

1695 3178 1843 3230 gatto,
1880 3165 1970 3215 olei
2012 3164 2217 3221 vasculo,
2257 3163 2331 3227 (v.
2370 3178 2480 3230 sup.
2511 3165 2578 3214 ad
2611 3165 2711 3216 111.

1700 3230 1843 3296 263.)
1873 3230 2046 3278 balnea
2077 3229 2348 3286 intraturus,
2380 3242 2476 3277 non·
2507 3233 2713 3302 pavidus,

1703 3308 1799 3343 non
1829 3308 2018 3343 voraces
2051 3292 2214 3342 drauci
2237 3293 2397 3341 oculos
2426 3301 2621 3353 ventus,
2645 3296 2715 3360 (v.

1706 3358 1922 3432 Martial-
1939 3359 1984 3407 I.
2002 3358 2083 3406 97.
2107 3357 2207 3421 12.)
2234 3357 2344 3421 t'egit
2374 3358 2585 3420 inguina,
2609 3358 2716 3424 quia

1708 3423 1905 3488 simplex
1936 3430 2023 3478 est,
2057 3437 2209 3486 neque
2243 3420 2387 3477 novit,
2410 3421 2606 3472 illorum
2635 3423 2715 3472 ad·

1710 3495 1871 3553 spectu
1889 3486 2133 3535 libidinem
2152 3484 2344 3534 excitari
2364 3501 2516 3551 posse.

1778 3552 1886 3600 159.
1906 3554 2012 3599 vina
2041 3549 2305 3615 Tiburtina,
2333 3565 2428 3600 non
2462 3551 2604 3616 longe
2670 3566 2714 3600 e·

1708 3614 1796 3663 tita
1816 3622 1901 3663 aut
1925 3613 2249 3662 transmarina.
2290 3613 2459 3679 diffusa
2477 3615 2530 3663 in
2562 3631 2623 3664 ca
2656 3631 2717 3664 os.

1709 3681 1816 3727 lusit
1837 3679 1887 3726 in
1904 3678 2122 3727 infantia.
2533 3698 2536 3699 ⁷

1712 3806 1724 3818 ο
1777 3744 2045 3793 162—164.
2080 3743 2218 3790 Forte
2246 3749 2296 3791 et
2312 3750 2493 3806 speras,
2516 3730 2720 3799 Persice,

1710 3807 1969 3856 inlecebras
1995 3805 2271 3856 libidinum:
2318 3818 2429 3855 nam
2462 3804 2515 3854 in
2541 3820 2716 3856 comes·

1714 3871 1969 3921 sationibus
1988 3870 2187 3920 fidicinas
2204 3877 2253 3919 et
2272 3870 2504 3920 cantrices
2523 3887 2628 3920 esse
2648 3882 2723 3920 so·‘

1713 3935 1889 4010 lebant,
1910 3934 2187 3990 meretrices,
2211 3949 2317 3998 quae
2348 3934 2538 3984 lascivis
2576 3934 2721 3985 canti·

1712 4000 1831 4049 lems
1850 4009 1899 4049 et
1918 3999 2243 4049 saltationibus
2261 3998 2485 4048 convivas
2513 3999 2720 4049 delecta·

1711 4070 1831 4121 rent,
1870 4065 2216 4128 excitarentque
2256 4061 2308 4111 in
2352 4063 2610 4113 Venerem.
2652 4065 2722 4128 (v.

1705 4129 1790 4177 inf.
1823 4128 1885 4177 ad
1917 4145 1961 4177 v.
1999 4127 2128 4192 177.)
2153 4126 2334 4186 Quales
2361 4134 2465 4174 tum
2502 4126 2722 4193 temporis

1704 4192 2031 4307 ἓῖᾱεῗαῖἒὶἒι.
2045 4199 2184 4305 {¹²23
2226 4192 2718 4305 1⁶2⁰⁶¹1²k3⁶f²2³¹²3⁶¹x¹ff

1707 4324 1785 4372 71.
1825 4323 1870 4370 l.
1901 4332 2001 4386 seq.
2028 4321 2149 4387 inpr.
2169 4321 2234 4371 V·
2259 4318 2337 4371 79.
2369 4322 2451 4371 26.
2485 4334 2590 4384 seq.
2622 4314 2728 4370 Liv.
