2978 4920
990 329 1639 423 SATrRA‘XL

2229 361 2352 425 mv

369 541 679 606 Protenus
708 525 851 608 ante
880 564 1112 619 meum,
1143 526 1461 627 quidquid
1492 540 1683 618 dolet,
1713 563 1875 604 exue
1906 531 2089 604 limen
2113 565 2128 604 τ

367 644 543 708 Pone
572 645 826 734 domum
858 656 920 710 et
952 651 1182 721 servm,
1213 655 1277 707 et
1307 643 1626 730 quidquid
1654 643 1970 729 Frangitur
1996 644 2144 722 illis,

366 745 507 809 Aut
538 748 735 832 perit:
782 748 1062 833 ingratos
1091 758 1236 810 ante
1264 746 1474 809 omnia
1503 768 1665 831 pone
1696 746 1951 810 sodales

2231 746 2355 814 190

452 843 705 911 Interea
734 847 1169 933 Megalesiacae
1201 846 1557 932 spectacula
1583 869 1831 932 mappae

370 946 618 1011 Idaeum
644 949 899 1012 solenne
928 947 1168 1025 colunt,
1203 947 1546 1033 similisque
1574 948 1900 1033 triumpho

369 1048 598 1112 Praeda
626 1048 1010 1113 caballorum
1035 1049 1286 1116 ‚Praetor
1315 1047 1514 1126 sedet,
1545 1071 1640 1125 ac,
1669 1048 1824 1111 mihi
1855 1072 2006 1135 pace

372 1149 687 1212 Inmensae
717 1148 1055 1233 nimiaeque
1083 1147 1229 1212 licet
1259 1147 1547 1222 si-dicere
1574 1149 1801 1236 plebis,
1869 1170 1895 1192 ··

365 1247 601 1313 Totam
629 1249 821 1313 hodie
849 1250 1120 1313 Romam
1150 1250 1351 1313 circus
1381 1248 1573 1336 capit,
1604 1261 1668 1313 et
1697 1249 1912 1336 fragor
1941 1237 2155 1314 aurem
2229 1252 2353 1320 195

363 1349 674 1428 Percutit‚
696 1337 1000 1414 >eventum
1029 1347 1249 1412 viridis
1278 1372 1409 1434 quo
1438 1349 1687 1435 conligo
1716 1349 1926 1436 panni.

270 1527 273 1530 A
360 1448 529 1510 Nam
552 1449 611 1521 tsi
644 1447 959 1526 deficeret,
990 1459 1276 1534 moestam
1307 1449 1786 1535 adtonitamque
1818 1450 2061 1524 videres

360 1548 548 1612 Hanc
578 1549 823 1627 urbem,
855 1548 1055 1614 veluti
1088 1551 1446 1613 Cannarum
1479 1549 1543 1613 in
1573 1551 1834 1637 pulvere
1863 1552 2046 1616 victis

268 1680 272 1685 ·
361 1648 769 1712 Consulibus.
816 1661 1098 1736 spectent
1120 1651 1408 1735 juveneS,
1439 1673 1602 1737 quos
1631 1649 1864 1715 clamor
1893 1664 1957 1716 et
1988 1652 2198 1717 audax
2283 1729 2286 1732 ¹
2337 1678 2340 1686 ·

272 1810 314 1905 ῗ.
332 1795 567 1907 τιὼέιιῐθε.
601 1795 679 1845 Cf.
700 1797 830 1846 Suet.
854 1796 980 1861 Aug.
1005 1798 1085 1845 69.
1111 1804 1160 1847 et
1188 1798 1284 1847 Ca-

293 1875 457 1971 lg138.
493 1923 723 1981 Protenus,
754 1924 1012 1981 confestim,
1053 1924 1192 1973 simul
1229 1940 1286 1973 ac

272 1986 410 2046 *limen
442 1989 606 2037 domus
639 2005 758 2037 meae
790 1988 1049 2038 intraveris.
1063 1992 1286 2053 'quidquid

277 2052 392 2100 dolet
430 2051 530 2108 tibi,
550 2060 616 2101 ’te
650 2061 945 2118 mentemque
982 2060 1112 2101 tuam
1148 2061 1289 2101 vexat

275 2122 324 2163 et
363 2114 515 2178 angit.
580 2117 751 2165 Emere
801 2116 979 2181 aliquid
1024 2124 1194 2173 mente,
1236 2126 1290 2165 ut

276 2194 352 2244 ap.
375 2180 466 2228 Sil.
492 2180 617 2228 VII.
644 2182 757 2229 496.
789 2181 864 2229 vel
895 2186 1100 2227 mentem
1132 2180 1290 2243 aliqua

204 2270 227 2286 .
276 2258 341 2299 re,
375 2259 480 2309 pro,
514 2243 740 2300 oblivisci,
773 2251 826 2292 ut
860 2242 1131 2292 ἰκδόαασθαι
1166 2244 1211 2291 τὶ
1245 2251 1291 2291 et

279 2308 393 2364 τινὰ,
409 2314 460 2355 et
476 2318 637 2356 contra
651 2311 835 2355 induere
841 2318 1012 2370 patrem
1026 2322 1104 2372 ap.
1117 2306 1289 2370 Claud.

280 2372 430 2421 Cous.
451 2372 577 2420 Hon.
595 2372 696 2420 III.
721 2372 830 2421 157.

343 2437 462 2485 189.
497 2436 633 2493 Pone,
673 2435 854 2502 depone
893 2434 1041 2500 abjice
1080 2434 1291 2499 (animo)

279 2504 476 2557 domum,
517 2500 795 2549 domesticas
831 2515 981 2556 curas,
1018 2500 1095 2548 vel
1132 2514 1293 2547 curam

278 2564 465 2621 domus,
505 2582 724 2613 servorum
761 2573 855 2614 cet.
897 2580 956 2613 ne
998 2563 1113 2628 quid
1154 2562 1292 2612 hodie

280 2628 569 2678 hilaritatem
588 2638 722 2685 tuam,
735 2631 888 2678 turbet
904 2629 980 2678 vel
998 2627 1246 2676 inminuat.

353 2695 460 2742 190.
505 2696 682 2749 sodales,
738 2693 931 2742 amico&
979 2703 1083 2741 ante
1129 2694 1290 2749 omnia,

281 2764 524 2821 tamquam
543 2757 762 2807 acriorem
781 2773 957 2807 curam.
1106 2818 1109 2819 ⁷
1129 2810 1134 2814 ,
1167 2775 1173 2781 ·

328 2823 462 2871 “191.
490 2837 619 2887 seqq.
651 2822 844 2882 Interea,
873 2818 986 2871 diun
1017 2835 1101 2869 nos
1132 2834 1292 2870 coena-

284 2884 457 2940 bimus,
508 2901 683 2943 omnes,
723 2894 951 2951 quotquot
995 2894 1121 2942 sunt,
1169 2885 1293 2933 cives

287 2948 589 2997 Circensibus
626 2950 952 2999 detinebuntur
986 2950 1128 3005 ludis,
1167 2949 1293 2998 unde

284 3027 346 3059 ne
366 3012 556 3076 quidem
590 3014 761 3076 negotii
783 3014 1036 3077 quidquam
1070 3029 1177 3062 cum
1205 3013 1291 3060 ali-

283 3091 379 3188 qpo
388 3076 635 3188 ἱρῗίιθιικειᾩ,
658 3092 806 3189 eoque
835 3077 1025 3188 Ιίδοῧυε
1051 3075 1293 3189 ᾖξίῐὲἰοιὴὲῖ

288 3155 849 3254 Οἰῖσέηειὲεὲῗῖιξῐέιῖῖξῐξῗ
880 3159 1100 3254 honffizm
1135 3156 1293 3269 Cyge-¹

286 3267 371 3326 les,
448 3284 522 3318 uae
561 3285 735 3332 magna
777 3278 925 3317 mater
965 3267 1140 3324 Deam,
1176 3277 1224 3317 et
1262 3282 1292 3315 a

287 3285 522 3381 montilms
543 3332 760 3397 Phrygiae
783 3332 875 3381 dea
894 3333 1030 3389 Idaea,
1053 3334 1290 3398 Berecyn-

286 3394 352 3445 tia
369 3405 416 3445 et
436 3396 738 3462 Dindymene
761 3396 1016 3446 dicebatur.
1036 3414 1082 3445 v.
1102 3412 1205 3463 sup.
1227 3396 1288 3444 ad

290 3460 382 3509 VI.
403 3463 485 3510 69.
513 3469 562 3510 et
588 3462 758 3525 Heyne
789 3462 852 3510 ad
880 3462 1014 3525 Virg.
1047 3463 1163 3511 AEn.
1197 3462 1289 3509 IX.

289 3523 370 3572 80.
400 3540 497 3588 seq.
536 3532 585 3574 et
616 3525 727 3574 617.
758 3541 856 3590 seq.
921 3526 1178 3587 Spectacula
1208 3541 1291 3590 pro

291 3588 642 3652 spectatoribus,
674 3589 746 3637 vel
776 3588 930 3654 potius
962 3590 1050 3655 ipsi
1086 3588 1187 3638 ludi
1219 3589 1291 3637 di-

289 3660 457 3699 cuntur
476 3656 720 3713 spectacula
747 3670 931 3716 mappoe,
955 3663 1018 3711 et,
1038 3669 1120 3720 per
1142 3653 1294 3713 ἰτεξῆ·

292 3734 435 3777 yneav,
467 3716 640 3764 Idaeum
669 3719 855 3766 solenne.
918 3718 1087 3780 Mappa
1124 3734 1152 3767 e
1187 3718 1293 3767 loco

291 3794 430 3844 super
461 3796 666 3830 carceres
687 3797 876 3830 escenso
904 3782 1055 3830 editor
1078 3780 1293 3830 ludorum

290 3841 347 3892 iis
393 3844 734 3894 committendis
779 3846 962 3910 signum
1013 3846 1175 3905 dabat.
1221 3848 1293 3910 (v.

293 3908 451 3974 Intpp.
473 3910 605 3958 Suet.
616 3910 734 3959 Ner.
750 3911 830 3958 22.
843 3910 1017 3974 Scalig.
1039 3910 1101 3958 ad
1123 3911 1182 3957 M
1184 3910 1296 3959 anil.

292 3971 366 4021 ΙΙ.
392 3975 496 4023 189.
530 3982 579 4022 et
611 3972 838 4040 Spalding
859 3974 921 4023 ad
949 3974 1148 4032 Quintil.
1178 3976 1223 4022 Ι.
1246 3977 1293 4023 5.

292 4036 396 4101 57.)
465 4039 573 4087 192.
600 4039 646 4085 3.
680 4040 918 4100 similisque
945 4039 1180 4099 triumpho,
1213 4037 1294 4086 tri-

291 4102 553 4166 umphanti,
584 4102 760 4150 Proetm·
790 4105 905 4151 redet
932 4103 1007 4166 (v.
1033 4103 1095 4151 ad
1128 4103 1192 4151 X.
1211 4103 1290 4150 36.

293 4167 414 4228 seq.)
435 4169 590 4228 proeda
604 4208 606 4213 .
621 4167 906 4223 caballorum,
928 4165 1010 4230 qui
1042 4166 1109 4214 ita
1136 4165 1294 4231 praesi-

293 4226 407 4276 dens
438 4246 661 4295 magnum
694 4246 743 4279 se
779 4230 931 4277 virum
970 4237 1122 4295 putat,
1149 4246 1295 4295 quum

294 4305 344 4339 re
372 4309 478 4342 vera
507 4294 704 4361 prodiga
734 4294 824 4343 hac
857 4294 1053 4360 inpensa
1085 4294 1136 4342 in
1165 4294 1296 4358 equis

295 4356 552 4423 aurigisque
586 4357 785 4415 alendis,
813 4358 1097 4416 exercendis,
1125 4358 1293 4424 produ·

1349 1797 1526 1853 cendiS,
1562 1797 1834 1846 comedatur
1868 1797 2025 1855 miser,
2059 1804 2108 1847 et
2138 1795 2359 1872 patrimo-

1349 1861 1478 1909 nium
1496 1862 1741 1910 exhauriat
1774 1863 1861 1910 sub
1883 1863 2007 1911 vana
2031 1877 2187 1927 specie
2214 1861 2361 1910 hono·

1346 1926 1425 1974 ris.
1489 1926 1571 1973 Ita
1598 1925 1765 1974 acerbo
1787 1925 1887 1974 sale
1980 1927 2165 1989 rstringi
2196 1941 2359 1973 mune-

1347 1989 1537 2045 rarium,
1568 1989 1671 2053 jam
1708 1987 1866 2038 docuit
1948 2006 2045 2037 ron.
2086 1991 2227 2038 Obss.
2266 1989 2361 2038 IV.

1350 2055 1432 2102 24.
1497 2054 1657 2118 Vulgo
1685 2068 1851 2118 parum
1871 2061 1979 2119 apte
2003 2054 2173 2117 legitur
2194 2053 2361 2100 Proeda

1351 2118 1637 2165 caballorum.
1707 2119 1811 2167 193.
1833 2135 1954 2179 pace,
1985 2133 2093 2167 cum
2123 2119 2250 2166 bona
2281 2132 2362 2166 ve·

1355 2181 1449 2236 nia,
1472 2183 1681 2229 inmema·
1701 2190 1789 2229 cet.
1810 2183 1978 2231 facete.
2027 2200 2032 2206 ·

1428 2245 1533 2291 194.
1566 2260 1696 2307 seqq.
1740 2246 1820 2292 De
1862 2246 2027 2294 insana
2066 2244 2359 2294 Circensium

1353 2307 1712 2417 {pgctandorum
1760 2308 2028 2372 cupiditate,
2111 2324 2176 2357 ua
2211 2309 2364 2374 plebs

1436 2386 1498 2419 m.
1520 2371 1553 2417 fl
1638 2371 1767 2427 abat,
1788 2387 1834 2418 v.
1851 2387 1954 2436 sup.
1976 2371 2039 2419 ad
2059 2370 2085 2417 Ι
2117 2373 2160 2420 Ι.
2181 2373 2295 2419 223.

1422 2436 1556 2484 195.·
1608 2451 1759 2500 rogor,
1804 2433 2101 2490 adclamatio,
2150 2443 2196 2484 et
2243 2434 2364 2501 inpr-

1388 2500 1548 2547 lausus
1590 2506 1921 2565 spectatorum,
1966 2500 2041 2548 vel
2084 2499 2365 2548 auditorum.

1400 2567 1559 2620 acuti,
1582 2566 1722 2627 quati,
1744 2567 1978 2621 verberavi,
1986 2563 2149 2627 feriri,
2167 2565 2358 2625 pulsari,

1354 2629 1416 2674 ici
1436 2627 1653 2676 dicuntur
1682 2644 1812 2676 aures
1833 2628 1906 2675 vel
1925 2627 2033 2676 loca
2050 2627 2259 2692 fragore,
2283 2632 2363 2675 vo-

1355 2706 1426 2747 ce,
1449 2692 1667 2749 clamore,
1688 2691 1947 2741 rumoribus
1965 2692 2055 2739 cet.

1425 2757 1533 2804 196.
1566 2758 1640 2804 Ex
1672 2773 1756 2819 quo
1775 2755 1952 2820 fragore
1973 2755 2143 2820 conligo
2164 2767 2364 2806 eventum

1356 2819 1558 2883 felicem,
1584 2819 2021 2883 victoriam-viridis
2048 2824 2207 2880 panni,
2230 2821 2365 2870 sacti-

1356 2883 1457 2932 onis
1488 2884 1704 2950 prasinae,
1728 2885 1805 2934 cui
1839 2884 2044 2946 maxima
2076 2884 2227 2948 plebis
2257 2900 2365 2951 pars

1355 2957 1405 2997 et
1432 2948 1544 2997 olim
1567 2951 1875 3014 Imperatores
1906 2947 2209 3000 favebannv.
2234 2952 2364 3000 Suet.

1357 3011 1461 3061 Cal.
1494 3017 1574 3063 55.
1604 3015 1720 3062 Ner.
1747 3016 1826 3061 22.
1857 3012 1921 3061 al.
1946 3011 2024 3061 Cf.
2054 3028 2157 3077 sup.
2187 3015 2244 3062 ad
2271 3015 2364 3064 VI.

1355 3078 1468 3125 590.
1484 3086 1532 3126 et
1552 3078 1674 3125 VII.
1702 3078 1809 3125 114.
1858 3076 2070 3124 Pannum
2093 3085 2249 3127 autem
2271 3095 2365 3128 non

1355 3140 1455 3188 sine
1478 3142 1645 3191 acerbo
1660 3141 1759 3188 sale
1780 3139 1873 3188 dici
1893 3139 2167 3205 intelligitur
2183 3158 2242 3192 ex
2258 3143 2363 3193 loco

1385 3206 1576 3254 raeclaro
1607 3204 1735 3255 Plin.
1761 3205 1852 3269 Ep.
1873 3205 1966 3253 IX.
1988 3205 2035 3252 6.
2104 3207 2210 3255 197.
2230 3222 2364 3272 seqq.

1399 3268 1515 3317 tiam
1537 3269 1637 3317 haec
1658 3268 1906 3318 sarcastice
1927 3268 2071 3317 dicta.
2102 3273 2140 3318 si
2163 3273 2365 3334 deficeret

1354 3333 1510 3381 animo
1540 3332 1823 3397 viribusque,
1855 3340 1903 3382 et
1932 3332 2043 3380 hinc
2081 3333 2267 3382 cederet
2305 3350 2362 3382 ac

1351 3396 1625 3447 vinceretur.
1684 3399 1793 3447 198.
1819 3398 2058 3444 Cannensis
2075 3396 2235 3444 clades
2254 3413 2363 3445 cum

1353 3461 1539 3509 delectu
1559 3469 1855 3509 memoratur.
1908 3460 2169 3506 Cannarum
2187 3462 2237 3506 in
2256 3462 2360 3520 pul-

1352 3541 1467 3580 vere,
1520 3524 1687 3589 proelio
1732 3522 1988 3577 Cannensi,
2033 3536 2127 3585 quo
2174 3531 2357 3581 ventus,

1355 3603 1497 3652 quem
1537 3588 1826 3636 Vulturnum
1867 3585 2013 3650 Apuli
2050 3593 2237 3644 vocant,
2276 3587 2361 3636 ad-

1356 3667 1516 3700 versus
1558 3651 1791 3699 Romanis
1828 3657 2027 3705 coortus,
2065 3650 2213 3700 multo
2253 3653 2363 3718 pul-

1359 3731 1465 3764 vere
1486 3715 1537 3763 in
1564 3715 1667 3779 ipsa
1698 3731 1781 3763 ora
1810 3713 2038 3762 volvendo
2066 3725 2363 3780 prospectum

1358 3779 1563 3838 ademit3
1595 3779 1721 3843 quod
1753 3778 1829 3827 vel
1863 3793 1921 3826 ex
1953 3777 2058 3828 Liv.
2088 3781 2259 3830 XXII.
2282 3783 2362 3832 43.

1357 3853 1407 3892 et
1426 3845 1505 3892 46.
1525 3851 1703 3891 notum.

1428 3909 1697 3957 199—204.
1730 3908 1848 3956 Haec
1876 3923 1985 3956 cum
2006 3925 2187 3958 summa
2207 3909 2363 3972 indig-

1359 3972 1549 4022 natione
1570 3971 1721 4021 dicta:
1756 3981 1945 4034 spectent
1966 3972 2208 4021 Circenses
2226 3972 2362 4020 ludos

1342 4039 1550 4098 juvenes,
1586 4052 1705 4101 quos
1745 4037 1895 4101 magis
1937 4046 2060 4085 certe
2098 4035 2150 4083 id
2204 4034 2358 4092 decet,

1355 4116 1499 4163 quam
1531 4117 1616 4150 nos
1645 4102 1784 4158 viros,
1817 4102 1960 4150 immo
1991 4104 2200 4174 spectent
2232 4106 2280 4145 et
2310 4100 2362 4148 in

1358 4164 1431 4213 his
1460 4166 1586 4214 ludis
1605 4182 1709 4215 cum
1744 4165 1920 4214 maritis
1951 4178 2047 4212 suis
2079 4167 2236 4232 nuptae
2255 4161 2357 4220 illa,

1358 4245 1464 4304 quae
1485 4246 1547 4278 ne
1568 4230 1757 4295 quidem
1783 4230 1937 4279 dicere
2001 4224 2270 4273 raesentxbus
2289 4225 2363 4292 ip.

1359 4309 1439 4349 sis,
1477 4294 1652 4343 nedum
1694 4294 1845 4343 facere
1893 4308 1959 4356 pu
1992 4305 2043 4337 or
2089 4288 2362 4363 prostitutus

1362 4357 1559 4408 audeat:
1594 4359 1680 4423 (de
1703 4359 1873 4420 quibus
1902 4351 2283 4403 obscoenitatibus
2313 4366 2362 4406 et
