2978 4920
570 324 699 388 144

1275 322 1949 389 JUVENALIS

655 496 822 561 Cum
851 494 1018 559 farre
1047 496 1109 557 e't
1142 492 1287 556 vino
1315 494 1362 556 J
1364 498 1557 557 an'um
1589 494 1972 581 Vestamque
1994 497 2284 583 rogabat,
2406 530 2411 535 ·
2502 510 2513 519 ⁴

653 598 764 660 An
795 592 1217 680 Capitolinam
1238 592 1495 658 deberet
1530 593 1736 658 Pollio
1764 617 2073 680 quercum
2192 606 2197 611 '
2316 608 2321 613 '

654 697 942 782 sperare,
973 707 1035 760 et
1065 693 1299 758 fidibus
1327 693 1715 780 promittere.

1805 694 1978 772 Quid
2007 695 2241 761 faceret
2271 695 2417 782 plus

651 800 1032 884 AEgrotante
1060 796 1241 861 viro?
1281 796 1544 861 'medicis
1573 796 1733 883 quid
1763 798 2053 864 tristibus
2083 808 2236 885 erga

583 934 586 937 ·
652 898 989 963 Filiolam?
1038 898 1224 965 Stetit
1251 910 1398 963 ante
1426 920 1622 974 aram,
1655 921 1784 993 nec⁶
1797 911 1986 987 turpe
2007 899 2262 986 putavit

2502 905 2665 973 ’390

653 998 781 1064 Pro
809 998 1048 1064 cithara
1074 999 1281 1063 velare
1309 1010 1541 1085 caput;
1589 997 1954 1086 dictataque
1982 1001 2180 1065 verba

651 1099 948 1178 Pertulit,
979 1101 1051 1168 ut
1073 1123 1208 1164 mos
1237 1111 1354 1178 est,
1385 1111 1449 1165 et
1479 1112 1700 1185 aperta
1721 1100 1949 1187 palluit
1980 1124 2163 1186 agna.

647 1203 772 1267 Dic
800 1201 956 1267 mihi
974 1225 1164 1280 nunc,
1195 1224 1433 1288 quaesm
1465 1200 1568 1265 dio
1595 1200 2029 1288 antiquissime
2061 1202 2328 1281 Divum,

557 1392 684 1458 conj.
707 1394 908 1439 nominis
924 1390 1033 1440 AEa
1053 1395 1104 1441 h.
1124 1406 1166 1439 e.
1190 1393 1320 1446 Elii,
1339 1392 1452 1452 quia
1467 1390 1566 1436 La-

557 1458 666 1508 miae
682 1464 1001 1517 cognomento
1017 1458 1146 1503 AElia
1161 1472 1279 1516 gens
1291 1458 1432 1502 dicta.
1472 1455 1561 1500 Fa-

557 1531 638 1572 vet
659 1525 703 1570 ei
723 1523 828 1568 MS.
852 1522 1050 1568 Scriver.
1070 1523 1117 1566 in
1133 1536 1229 1580 quo
1247 1522 1422 1581 legitur
1439 1517 1561 1566 Am.

557 1588 650 1635 Sed
674 1589 868 1646 vulgata
890 1586 1029 1631 lectio
1050 1598 1146 1630 non
1169 1585 1465 1630 sollicitanda
1488 1585 1561 1628 vi-

553 1653 709 1699 detur.
775 1650 887 1696 386.
915 1650 1042 1695 ,Cum
1062 1649 1204 1710 sum
1242 1652 1285 1693 et
1317 1648 1437 1701 vino,
1477 1646 1557 1693 aian

552 1714 655 1765 ἄνευ
671 1713 796 1763 τίαν
816 1710 897 1760 καὶ
916 1711 1034 1759 οἵην.
1090 1713 1281 1768 Farris,
1308 1713 1381 1756 vel
1416 1714 1556 1758 moloe

553 1785 711 1837 salsae,
734 1794 789 1826 ac
805 1779 903 1824 viui
924 1784 1181 1837 perpetuus
1202 1778 1301 1822 fere
1323 1788 1439 1821 usus
1460 1777 1557 1821 fuit

550 1847 601 1892 in
623 1844 787 1891 sacris.
847 1843 1030 1887 Janum
1061 1841 1327 1900 Vestamque
1358 1853 1444 1884 cur
1473 1853 1555 1898 po-

551 1910 793 1954 tissimum
833 1920 862 1950 e
898 1905 1005 1950 Diis
1042 1904 1328 1950 memoravit
1372 1911 1510 1960 poeta
1529 1905 1553 1950 ?

551 1972 649 2018 Vel
680 1974 732 2017 in
754 1984 811 2017 eo
831 1983 928 2015 non
952 1971 1296 2027 argutandum,
1322 1968 1394 2012 vel
1429 1968 1553 2012 ratio

550 2038 712 2097 potius
733 2034 941 2094 petenda
955 2045 1013 2076 ex
1039 2033 1136 2080 Cic.
1159 2031 1274 2077 Nat.
1301 2031 1363 2077 D.
1388 2031 1453 2077 11.
1471 2031 1548 2078 67.

551 2100 709 2155 Quum
745 2101 812 2144 in·
827 2097 1035 2142 omnihus
1065 2097 1196 2142 rebus
1230 2096 1324 2141 vim
1363 2096 1553 2145 habeant

547 2165 799 2210 maximam
815 2163 976 2221 primu
987 2164 1031 2205 et
1050 2165 1273 2216 extrema,
1293 2162 1552 2218 principem

546 2228 600 2272 in
621 2226 1104 2286 wormundo-Ianum
1120 2238 1211 2270 erse
1231 2225 1553 2271 volucrunt.—

557 2291 705 2338 Vestoe
715 2292 794 2337 ¹vis
810 2290 872 2336 ad
881 2302 990 2335 aras
1003 2287 1188 2350 etsocoae
1202 2290 1403 2348 pertinet
1420 2305 1435 2333 .·
1456 2289 1547 2334 ita-

546 2357 695 2415 queiu
716 2366 768 2401 ea
788 2356 915 2411 Dea,
926 2367 1030 2412 quoe
1048 2357 1114 2399 ert
1125 2366 1281 2398 rerum
1303 2355 1450 2397 custos
1472 2353 1546 2398 in·

546 2422 789 2479 timavum,
806 2420 953 2467 omnis
972 2421 1016 2464 et
1036 2421 1239 2476 precatio
1258 2423 1305 2462 et
1315 2417 1548 2478 sacrifica·

543 2485 611 2531 230
626 2490 830 2532 extrema
852 2487 934 2532 est.
986 2483 1223 2529 Praeterea
1242 2483 1398 2529 Jcmus
1420 2483 1544 2527 anti-

542 2550 805 2609 quissimus
826 2549 1029 2601 Divum,
1043 2549 1113 2598 (v.
1124 2548 1181 2593 ad
1197 2562 1239 2592 v.
1258 2545 1389 2601 393.)
1401 2554 1448 2591 et
1465 2548 1550 2608 qui

540 2614 603 2659 ad
649 2627 978 2672 quoscumque
1017 2612 1147 2657 Deos
1189 2611 1377 2657 aditum
1415 2612 1548 2664 dare,

542 2676 701 2787 §Ovith
723 2677 854 2724 Fast.
871 2675 914 2722 1.
942 2676 998 2723 17
1002 2675 1047 2722 2.
1070 2682 1190 2735 seq.)
1206 2676 1483 2734 primusque
1498 2676 1546 2720 in

572 2743 684 2787 talia
697 2749 802 2787 tum
818 2741 910 2786 diis
925 2741 1104 2798 templa
1115 2741 1408 2794 fecisse,tum
1423 2740 1548 2783 ritus

540 2806 801 2851 instituisse
820 2817 1084 2855 sacrorum,
1098 2812 1145 2849 et
1163 2804 1272 2849 ideo
1293 2803 1342 2846 in
1368 2803 1544 2847 sacrifi-

539 2870 627 2915 ciis
650 2870 982 2928 praefationem
1006 2874 1282 2925 perpetuam
1313 2866 1545 2912 meruisse

540 2934 835 2979 credebatur.
879 2934 945 2983 (v.
986 2931 1206 2976 Macrob.
1241 2930 1339 2974 Sat.
1380 2930 1420 2975 1.
1467 2928 1542 2991 9.)

547 2996 679 3041 Vesta
697 3003 881 3050 autem,
895 2994 1167 3055 symbolum
1191 2991 1310 3045 iea'oee
1327 3000 1376 3039 et
1396 2994 1541 3052 ignis,

535 3058 722 3117 deaque
745 3061 960 3105 tutelaris
978 3059 1149 3105 aedium
1166 3066 1214 3104 et
1229 3059 1541 3114 familiarum,

540 3122 841 3168 sanctissime
873 3124 988 3169 olim
1022 3127 1071 3166 et
1103 3129 1216 3168 ante
1238 3135 1406 3167 omnes
1428 3125 1543 3168 deos

535 3187 800 3245 colebatur,
855 3188 982 3246 inpr.
1025 3187 1357 3231 libationibus:
1412 3188 1542 3232 unde

536 3257 696 3297 ortum
713 3252 927 3309 proverb.
942 3250 1019 3312 ἐφ’
1036 3247 1190 3302 ‘setas
1206 3247 1464 3314 ἆςχὸμιης,
1492 3257 1540 3296 et

523 3311 693 3367 uvis-105
715 3316 872 3362 dictus
892 3317 1070 3375 inpius.
1086 3329 1133 3361 v.
1153 3315 1365 3361 Pausan.
1382 3316 1438 3359 V.
1464 3314 1536 3364 14.

532 3379 791 3439 Spanhern.
802 3381 863 3426 de
876 3379 1029 3426 Vesta
1043 3380 1091 3425 in
1108 3380 1251 3425 Thes-
1266 3382 1380 3426 Ant.
1393 3379 1538 3427 Rom.

531 3444 781 3494 Graev.‚T.
811 3444 877 3493 V.
901 3459 946 3503 p.
970 3444 1081 3491 664.
1116 3443 1223 3490 668.
1259 3444 1370 3491 676.
1403 3446 1535 3491 etad

530 3510 811 3557 Callima-1.
836 3511 885 3556 in
912 3512 1017 3557 Cer.
1040 3509 1146 3556 129.
1211 3508 1325 3555 387.
1350 3509 1536 3569 Capito·

526 3573 674 3619 linum
725 3588 957 3632 quercum,
1011 3587 1238 3621 coronam
1278 3586 1534 3633 quer-nam,

527 3635 783 3693 praem'iu'm
798 3639 990 3694 victoris
1008 3639 1057 3683 in
1072 3652 1225 3697 agone
1242 3638 1530 3696 Capitolino,

1614 1392 1915 1438 ‹valescentia
1938 1395 2219 1451 aegrotantis
2254 1394 2408 1440 mariti
2443 1407 2499 1440 ac
2540 1395 2661 1453 tilii,

1627 1469 1773 1514 quam
1798 1470 1884 1514 pro
1900 1458 2032 1502 fama
2056 1458 2350 1518 victoriaque
2382 1459 2658 1505 citharoedi

1626 1519 1749 1566 fuit!
1789 1519 2088 1569 Exclamatio
2108 1530 2261 1581 poetoe
2284 1535 2393 1567 cum
2409 1518 2554 1581 justa
2573 1524 2658 1568 in-

1624 1584 1916 1642 dignatione.
1981 1584 2096 1631 389.
2128 1587 2313 1631 medicis
2340 1587 2584 1643 tristibus,
2609 1590 2658 1634 si

1622 1645 1801 1693 medici
1820 1647 1980 1694 tristes
2000 1657 2158 1694 essent
2188 1664 2322 1709 erga,
2344 1658 2567 1710 propter,
2578 1654 2654 1712 fi-

1619 1710 1776 1756 liolum
1798 1707 1922 1771 ejus,
1945 1715 2004 1758 de
2025 1710 2167 1774 cujus
2189 1716 2343 1760 salute
2360 1715 2658 1774 desperant.

1619 1770 1821 1821 Medicis
1833 1785 1995 1821 autem
2017 1786 2156 1836 poeta
2178 1778 2320 1835 dixit,
2339 1791 2434 1822 non
2459 1783 2651 1838 matre,

1620 1851 1731 1896 quae
1752 1840 1957 1886 adulteri
1978 1843 2154 1901 magis,
2170 1856 2317 1901 quam
2343 1842 2429 1886 filii
2448 1857 2579 1888 cura
2597 1855 2656 1890 et

1618 1915 1782 1948 amore
1800 1906 2031 1963 tangitur.

1682 1966 1792 2013 390.
1814 1968 1856 2014 1.
1881 1969 1977 2021 Qui
1992 1971 2307 2027 precabantur
2323 1972 2543 2030 deosque
2561 1985 2649 2025 aa..

1604 2031 1854 2090 ›lutabant,
1899 2034 2114 2092 primum
2152 2048 2286 2079 aram
2318 2044 2538 2093 tangere,
2593 2045 2651 2082 et

1614 2098 1737 2140 stare
1751 2104 1990 2149 anteeam
2015 2098 2162 2156 mpite
2182 2098 2346 2153 velata,
2371 2114 2431 2144 ne
2450 2100 2650 2146 sacrifi·

1615 2159 1678 2203 cii
1710 2161 1876 2220 religio
1899 2162 2040 2206 malis
2063 2162 2308 2207 ominibus
2333 2164 2648 2221 turbaretur,

1616 2221 1682 2285 (v.
1708 2222 1871 2283 Intpp.
1904 2224 2044 2284 Virg.
2078 2225 2189 2272 AEn.
2222 2223 2321 2270 ΙΙΙ.
2355 2226 2468 2272 405.
2501 2226 2645 2289 seq.)

1616 2294 1733 2331 tum
1757 2302 1931 2350 corpus
1964 2290 2328 2335 dextroversum
2372 2291 2422 2336 in
2456 2291 2643 2337 orbem

1612 2352 1952 2411 circumagere,
1971 2356 2279 2411 procumbere
2315 2357 2482 2405 etiam,
2504 2356 2643 2401 dex·

1612 2412 1834 2476 tramque
1869 2418 1936 2462 ori
1955 2418 2212 2464 admovere
2235 2416 2474 2480 (adorare)
2497 2421 2640 2466 sole-

1609 2481 1742 2527 bant.
1780 2481 1853 2526 cf.
1878 2483 1938 2527 ad
1958 2482 2086 2527 Suet.
2113 2482 2218 2529 Vit.
2241 2483 2290 2529 2.
2321 2483 2521 2538 cithara,
2562 2485 2640 2530 ci-

1617 2545 1844 2591 tharoedo.
1915 2546 2027 2592 392.
2054 2547 2265 2592 'Pertulit
2287 2549 2349 2592 ad
2370 2550 2502 2605 deos,
2547 2551 2638 2595 vel

1615 2611 1675 2654 ab
1697 2610 1835 2655 initio
1855 2612 1914 2655 ad
1954 2612 2096 2656 tinem
2121 2612 2331 2670 repetiit,
2347 2613 2459 2665 (nisi
2478 2614 2638 2658 malis

1612 2687 1725 2719 cum
1758 2675 1864 2719 aliis
1896 2675 2052 2734 legere
2078 2675 2307 2732 Protulit,
2341 2677 2417 2721 vel
2440 2690 2644 2722 emen-

1611 2739 1726 2783 dare
1756 2738 1934 2783 Retulit
1957 2754 1995 2785 s.
2018 2739 2235 2796 Rettulit,
2256 2741 2303 2784 h.
2327 2754 2373 2785 e.
2398 2741 2633 2803 repetiit)

1609 2802 1742 2847 verba
1761 2803 1932 2848 dictata
1955 2817 1984 2848 a
2005 2804 2322 2849 sarcerdotes.
2344 2806 2636 2863 haruspice,

1609 2868 1692 2926 qui
1725 2868 2031 2925 precantibus
2053 2869 2274 2913 solennes
2297 2881 2494 2925 precum
2518 2870 2631 2915 for·

1607 2929 1765 2975 mulas
1775 2932 1835 2975 de
1850 2932 2027 2990 scripto
2038 2933 2207 2991 praeire
2219 2932 2487 2987 solebat‚ne
2498 2935 2633 2991 quid

1606 2995 1931 3053 praeteriretur
1949 2998 2222 3052 verborum,
2245 3003 2328 3041 aut
2353 3001 2633 3055 praeposte-

1607 3072 1716 3104 rum
1739 3059 1991 3105 diceretur.
2042 3060 2119 3105 Ita
2142 3059 2266 3104 Plin-
2292 3060 2546 3107 XXVIII.
2575 3062 2632 3111 2.

1599 3122 1790 3181 palluit,
1820 3123 1962 3169 anxia
1985 3125 2044 3170 de
2067 3136 2293 3182 responso
2324 3125 2652 3187 haruspicis&

1605 3199 1664 3231 ex
1687 3190 1859 3245 apertae
1880 3188 1930 3234 h.
1953 3202 1997 3232 e.
2017 3189 2237 3234 dissectoe
2259 3190 2361 3234 sive
2382 3196 2627 3238 mactatae

1606 3264 1738 3316 crgnae
1759 3252 1884 3296 extis
1905 3252 2071 3298 futura
2092 3264 2209 3298 mox
2229 3252 2508 3298 divinaturi.

1663 3314 1872 3361 393—5.
1896 3316 2203 3374 Apostrophe
2218 3316 2278 3360 ad
2295 3318 2477 3362 «lanum
2492 3331 2621 3365 cum

1601 3392 1794 3424 summa
1816 3379 2164 3439 indignatione,
2190 3393 2278 3425 nec
2309 3381 2415 3426 sine
2447 3382 2621 3427 inrisi-

1599 3456 1691 3489 one
1712 3444 1929 3490 deorum.
1961 3444 2034 3489 cf.
2070 3444 2138 3489 11.
2163 3442 2433 3491 126-132.
2467 3453 2516 3490 et
2540 3446 2623 3493 ibi

1599 3514 1699 3555 not.
1729 3507 1908 3567 Magna
1929 3510 2002 3553 vis
2025 3509 2150 3553 inest
2169 3508 2220 3551 in
2243 3509 2524 3567 repetitione
2550 3510 2625 3558 φῦ

1580 3570 1672 3617 -dic
1706 3579 1756 3618 et
1789 3573 1839 3616 in
1869 3573 2025 3617 verbis
2054 3574 2374 3633 antiquissime
2405 3573 2622 3623 Divu‘m.

1576 3637 1749 3681 wlanus
1763 3636 2105 3695 antiquissimus
2120 3636 2275 3681 Italiae
2287 3636 2407 3683 deus
2424 3638 2501 3682 vel
2518 3638 2618 3684 he-

526 3711 669 3759 quem
687 3700 995 3748 Domitianus
1011 3703 1233 3761 exemplo
1253 3702 1530 3761 Olympico·
1575 3708 1690 3749 tros,
1712 3713 1758 3744 v.
1786 3701 1960 3760 Heyne
1983 3700 2106 3746 Exc.
2132 3700 2197 3745 V.
2234 3701 2297 3746 ad
2327 3699 2469 3761 Virg.
2489 3701 2619 3752 ΕΠ.

509 3773 634 3809 'rum
670 3764 893 3810 ludorum
925 3766 1156 3821 instituit,
1178 3767 1357 3824 quique
1390 3767 1528 3824 quin·

522 3828 777 3886 quennalis
828 3834 877 3873 et
916 3827 1088 3887 triplex
1135 3830 1249 3883 fuit,
1294 3831 1529 3884 musicus,

522 3898 744 3950 equester
763 3905 819 3936 ac
840 3893 1110 3951 gymnicus
1125 3889 1205 3938 Cf.
1222 3894 1282 3938 ad
1306 3891 1428 3937 VII.
1446 3893 1527 3939 86.

519 3961 569 4000 et
588 3955 750 4014 Intpp.
775 3954 907 4000 Suet.
932 3955 1078 4003 Dom.
1102 3954 1150 4002 4.
1182 3956 1356 4013 Pollio,
1372 3957 1523 4002 citha-

501 4020 695 4067 roedus.
728 4020 805 4066 Cf.
827 4018 951 4065 Vll.
970 4019 1079 4067 176.
1102 4026 1151 4065 et
1171 4020 1384 4066 Martial.

497 4099 506 4109 ·
578 4081 691 4130 388.
715 4081 813 4145 seq.
831 4084 985 4129 Amor
994 4082 1259 4144 conjugalis
1275 4096 1332 4129 ac
1344 4089 1520 4130 mater-

513 4160 606 4191 nus
629 4161 726 4193 non
760 4145 934 4208 major,
960 4161 1107 4207 quam
1144 4160 1296 4200 amor,
1324 4162 1420 4209 quo
1451 4150 1520 4196 ci-

513 4211 787 4269 tharoedum
821 4213 1246 4271 complectebatur,
1279 4226 1400 4269 esse,
1432 4221 1519 4259 aut

497 4270 801 4322 inculcatius
822 4276 1098 4336 significari,
1117 4289 1205 4321 nec
1219 4276 1393 4322 mulier
1412 4290 1515 4324 rna-

507 4340 582 4399 gis
599 4342 740 4389 anxia
752 4353 855 4388 esse
867 4348 1054 4401 poterat
1071 4354 1156 4401 pro
1171 4342 1327 4387 salute
1340 4349 1386 4388 et
1401 4345 1514 4391 eon-

1576 3765 1709 3810 ›VIL
1737 3765 1866 3810 Hinc
1895 3771 1945 3810 et
1977 3762 2086 3810 κατ’
2115 3762 2272 3826 ἰξοχὴν
2297 3768 2441 3823 pater
2469 3766 2614 3811 dice-

1593 3830 1735 3874 batur
1750 3844 1764 3873 :
1806 3830 1898 3874 hoc
1921 3827 2052 3873 enim
2075 3838 2149 3874 est
2171 3842 2275 3874 voc.
2294 3829 2508 3882 honoris,
2524 3843 2621 3875 re..

1593 3893 1833 3947 versutiae,
1868 3894 2046 3937 amoris
2088 3893 2434 3951 acsreligioniffi
2466 3898 2613 3965 quod

1592 3958 1779 4017 proprie
1798 3971 1855 4003 ac
1871 3956 2085 4015 primum
2111 3957 2378 4002 senioribus
2399 3960 2610 4018 majori-

1588 4022 1772 4081 busque
1805 4023 1913 4074 diis‚
1947 4019 2113 4084 (etiam
2149 4021 2295 4065 maris
2326 4033 2384 4067 ac
2424 4021 2614 4067 fluvio-

1578 4083 1719 4148 ⁶rum)
1743 4086 1913 4131 deinde
1946 4095 2059 4129 vero
2090 4092 2139 4130 et
2160 4085 2360 4143 reliquis
2379 4085 2608 4133 inditum

1567 4157 1674 4195 est.
1712 4151 1805 4210 Itis,
1826 4156 1927 4195 tam
1950 4150 2131 4207 putidis
2159 4148 2449 4207 nefariisque
2480 4161 2605 4195 mu-

1584 4214 1797 4271 lieribus,
1820 4221 1867 4259 et
1898 4214 1958 4258 de
1983 4213 2156 4258 talibus
2177 4213 2338 4266 rebus,
2364 4213 2608 4271 responsa

1580 4279 1685 4332 das,
1710 4280 1783 4324 vel
1815 4278 1934 4323 adeo
1967 4277 2143 4322 talibus
2176 4277 2302 4322 votis
2333 4275 2604 4335 remundes,

1581 4343 1793 4403 talesque
1809 4355 1972 4401 preces
1993 4340 2193 4391 exaudis
2211 4341 2236 4388 ἱ)
2276 4340 2422 4391 Quod
2442 4341 2485 4387 si
2520 4340 2610 4387 fa-
