2978 4920
594 313 723 384 Μ

1303 299 1975 372 JUVENALIS

677 499 874 585 Virgo
902 493 1064 561 fuit:
1110 510 1286 564 oetas
1315 512 1486 556 nune
1514 489 1635 558 hau
1660 487 1942 573 dictante
1970 486 2243 577 pusillas·

680 599 918 689 Inplet‚
949 609 1012 664 et
1042 595 1127 661 ad
1155 593 1435 662 moechos
1454 592 1572 658 dat
1598 590 1838 657 eisdem
1863 591 2030 656 ferre
2057 590 2336 656 cinaedis.

2599 595 2681 657 30

682 705 786 771 Sic
813 715 1045 769 natura
1064 700 1290 788 juba:
1336 697 1619 766 velocius
1645 707 1712 762 et
1739 693 1932 762 eitius
1960 717 2078 760 nos

674 809 1127 898 Conrnmpunt
1155 803 1465 876 vitiorum
1487 797 1783 885 exempla
1808 796 2177 878 domestica,
2208 798 2455 884 magnis

678 910 896 987 Quum
918 906 1201 980 subeunt
1231 902 1478 970 animos
1500 899 1892 980 auctoribus·
1957 899 2172 965 Unus
2199 912 2266 966 et
2292 900 2454 965 alter

678 1009 972 1075 Forsitan
997 1008 1143 1080 ἡαπ)
1166 1017 1464 1093 spernant
1483 1004 1779 1092 juvenes,
1802 1001 2044 1089 quibus
2068 1014 2209 1069 arte
2236 1002 2511 1089 benigna

675 1112 770 1175 Et
797 1109 1061 1183 meliore„
1078 1108 1221 1176 luto
1246 1106 1434 1178 finxit
1462 1102 1814 1192 proeoordia
1844 1102 2079 1169 Titan:

2598 1106 2680 1168 35

678 1210 808 1277 Sed
833 1210 1120 1298 reliquos·
1135 1207 1448 1295 fugienda
1471 1218 1732 1293 patrum
1762 1203 2033 1293 vestigia
2057 1203 2330 1284 ducunt,

675 1313 771 1378 Et
796 1321 1151 1386 monstrata
1171 1308 1288 1374 diu
1317 1306 1548 1372 veteris
1576 1306 1780 1374 trahit
1804 1297 2017 1371 orbita
2044 1305 2272 1393 culpae.

677 1410 1022 1477 Abstineas
1046 1409 1252 1497 igitur
1278 1406 1670 1490 damnandis·
1715 1406 1913 1494 hujus
1940 1405 2107 1476 enim
2136 1406 2239 1471 vel

678 1516 831 1579 Una
856 1524 1082 1601 potens
1110 1511 1276 1577 ratio
1301 1522 1421 1590 est,
1451 1533 1532 1576 ne
1559 1508 1825 1575 crimina
1850 1520 2070 1576 nostra
2097 1519 2451 1596 sequantur

677 1615 784 1679 Ex
813 1614 997 1680 nobis
1023 1613 1265 1700 geniti;
1311 1611 1614 1699 quoniam
1637 1609 1878 1676 dociles
1904 1609 2229 1674 imitandis

2605 1612 2681 1673 40

678 1715 1019 1804 Turpibus
1042 1738 1119 1782 se
1144 1714 1362 1801 pravis
1384 1736 1607 1780 omnes
1632 1734 1875 1790 sumus,
1904 1723 1970 1777 et
2002 1710 2345 1777 Catilinam

676 1821 1102 1905 Quocumque
1129 1817 1204 1883 in-
1224 1817 1467 1906 populo
1495 1816 1742 1894 videaS,
1760 1837 2169 1902 quocumque
2197 1815 2319 1880 sub
2346 1836 2507 1888 axe;

677 1922 805 1987 Sed
833 1944 948 1986 nee
977 1922 1223 1988 Brutus
1249 1920 1395 1999 erit,
1427 1918 1620 1994 Bruti
1648 1941 1766 1984 nee
1791 1916 2150 1984 avunculus
2177 1939 2473 2010 usquam.

675 2020 788 2085 Nil
815 2021 996 2085 dictu
1025 2019 1273 2086 foedum
1302 2019 1574 2106 visuque
1601 2019 1741 2095 hoec
1768 2018 1988 2086 limina
2013 2017 2261 2107 tangat,

676 2125 861 2188 Intra
889 2145 1037 2209 quae
1065 2145 1228 2210 puer
1255 2135 1368 2190 est.
1414 2122 1641 2210 procul
1668 2122 1838 2203 hinc,
1868 2123 2093 2209 procul
2121 2122 2272 2188 inde
2298 2121 2534 2209 puellae
2603 2126 2682 2188 45

678 2222 1015 2290 Lenonum
1045 2238 1109 2290 et
1140 2237 1366 2292 cantus
1390 2224 1819 2313 pernoctantis
1848 2225 2129 2312 parasiti.

587 2394 919 2446 adulteriorum
963 2401 1266 2463 amorumque
1308 2397 1487 2447 matris.
1531 2413 1601 2448 ce-

586 2478 678 2521 ras,
718 2462 906 2512 tabulas
944 2472 1143 2519 ceratas,
1176 2469 1226 2512 et
1291 2459 1449 2511 uidem
1488 2459 1538 2510 h.
1566 2464 1603 2514 1.

584 2526 745 2576 literas
775 2525 1043 2577 amatorias.
1108 2526 1216 2591 (Cf.
1242 2541 1275 2575 a
1340 2527 1434 2589 VI,
1459 2527 1603 2592 233.)

584 2591 668 2641 29.
698 2594 897 2643 dictante
927 2592 1026 2650 hac,
1060 2598 1226 2647 matre,
1259 2597 1314 2640 ut
1345 2605 1428 2640 eas
1458 2590 1602 2640 confi-

581 2671 707 2714 cere,
728 2657 929 2707 scribere
948 2656 1116 2707 discat.
1164 2657 1246 2705 30.
1276 2657 1356 2704 dat
1359 2655 1513 2722 ferre,
1534 2655 1603 2706 se-

580 2720 769 2777 rendas,
791 2730 846 2772 ut
873 2737 952 2786 ap.
981 2723 1128 2771 Hom.
1158 2718 1269 2770 ³3⁸2
1303 2722 1499 2787 φορῆναι,
1523 2720 1603 2784 φί-

580 2803 678 2852 gun,
703 2786 850 2850 lym,
880 2785 957 2834 vel
986 2783 1154 2835 {caen
1182 2784 1390 2847 κομίζω.
1420 2788 1597 2844 eisdem,

581 2849 756 2915 quibus
774 2865 857 2900 eas
886 2857 1035 2899 mater
1054 2848 1271 2901 ferendas
1298 2849 1511 2908 dederat,
1532 2852 1598 2898 ci·

580 2916 735 2990 nadis,
773 2913 1053 2982 turpissimis
1100 2912 1323 2963 ministris
1361 2919 1410 2963 et
1453 2913 1599 2964 inter·

582 2979 775 3029 nuntiis.

645 3044 727 3094 31.
761 3042 840 3094 Sic
862 3050 1031 3093 natura
1047 3049 1368 3109 comparatum
1391 3051 1480 3093 est.
1512 3045 1597 3094 33.

579 3111 836 3167 autoribus
871 3111 1061 3173 magnis,
1089 3124 1202 3158 nam
1233 3108 1465 3173 exempla
1481 3108 1600 3158 dant

692 3180 813 3229 ntes,
831 3188 1031 3237 quorum
1065 3187 1242 3237 magna
1271 3179 1344 3221 est
1374 3171 1505 3238 apud
1537 3171 1594 3223 li·
1623 3181 1641 3201 ²

613 3187 691 3222 are

578 3180 720 3287 {eros
751 3233 1021 3286 auctoritas·
1051 3239 1238 3286 mbeunt
1269 3238 1455 3293 animos,
1488 3251 1593 3287 sen-

579 3299 668 3351 sim
690 3299 942 3365 furtimque
958 3300 1015 3349 iis
1035 3315 1087 3351 se
1101 3300 1357 3352 insinuant.
1408 3299 1537 3351 Unus
1553 3311 1595 3350 et

576 3367 696 3416 alter
701 3369 894 3429 juvenes
906 3364 1072 3430 junge.

642 3432 725 3481 34.
757 3431 850 3482 haec
869 3439 1096 3493 spernant,
1113 3437 1362 3496 parentum
1382 3428 1498 3479 vitia
1519 3443 1595 3478 sa-

575 3494 636 3544 tis
662 3494 872 3546 habeant
1039 3500 1147 3545 ecta
1174 3502 1224 3546 et
1250 3493 1450 3560 fugiant.
1514 3495 1597 3543 34.

574 3559 656 3608 35.
691 3561 877 3621 Quibus
941 3576 1116 3627 enigna
1147 3567 1317 3610 natura
1350 3560 1399 3608 in
1430 3556 1590 3608 eninm

577 3622 640 3671 ad
671 3624 865 3676 virtutes
899 3642 983 3692 pro
1045 3625 1174 3674 nsius
1191 3641 1336 3690 quam
1455 3622 1589 3682 vitia,

574 3686 652 3734 vel
699 3687 919 3738 lurimum
934 3707 958 3738 s
1007 3691 1046 3738 is
1065 3689 1242 3740 tribuit.
1294 3688 1449 3745 Titan,
1471 3688 1593 3738 Pro·

575 3764 653 3799 me
734 3768 807 3809 us,
840 3754 1100 3819 prudentiae
1139 3754 1422 3820 symbolum,
1455 3751 1592 3817 cujus

573 3822 708 3930 ffici-
725 3817 922 3890 Iapetus
939 3818 1029 3867 suit
1047 3834 1170 3868 unus
1184 3819 1426 3868 Titanum.
1463 3819 1515 3868 Is
1530 3834 1591 3868 ex

596 3878 605 3889 '
657 3895 687 3929 o
723 3897 926 3947 primum
969 3881 1205 3934 hominem
1242 3883 1468 3933 formasse
1502 3882 1589 3931 fin-

609 3942 717 4001 ‘tur,
745 3944 806 3996 de
871 3961 932 3994 uo
958 3961 1009 4013 y.
1035 3943 1143 4012 suff.
1175 3945 1238 3996 ad
1271 3947 1366 3997 IV.
1400 3948 1507 3996 133.
1542 3953 1591 3996 et

624 4010 669 4058 Ι.
694 4012 771 4060 13.
877 4017 986 4060 oeta
1023 4019 1182 4060 autem
1201 4010 1426 4076 expressit
1446 4011 1591 4061 verba

1664 2403 1911 2464 parentum
1935 2395 2027 2454 via,
2050 2395 2102 2444 h.
2125 2412 2169 2445 e.
2190 2393 2299 2444 vitae
2324 2394 2462 2452 ratio,
2482 2397 2561 2446 vel
2581 2412 2684 2447 eur-

1666 2479 1763 2520 sus,
1805 2460 2066 2528 vestigium,
2098 2459 2149 2510 h.
2171 2477 2220 2510 e.
2251 2474 2387 2510 exem
2422 2462 2541 2512 lum.
2607 2465 2684 2512 38.

1665 2530 1947 2584 damnandis,
1982 2525 2238 2575 inhonestis
2269 2478 2583 2592 turpizusque
2616 2527 2684 2575 sa·

1667 2591 1773 2642 ctis.
1804 2594 1941 2654 hujus
1968 2593 2038 2640 vel
2067 2608 2163 2639 una
2190 2599 2341 2652 potens
2372 2593 2492 2639 ratio
2518 2601 2601 2647 est,
2626 2591 2684 2640 ad

1666 2656 1757 2706 hoc
1790 2657 1867 2706 vel
1903 2656 1954 2705 id
1993 2655 2144 2706 solum
2179 2654 2294 2704 satis
2333 2670 2481 2721 grave
2514 2655 2681 2706 incita-

1667 2728 1877 2772 mentum
1899 2726 1985 2770 est.

1726 2787 1807 2835 41.
1838 2800 1971 2859 seqq.
1999 2783 2190 2832 Maium
2222 2782 2461 2831 hominem
2495 2781 2682 2848 patriae-

1661 2865 1755 2914 que
1795 2849 2077 2915 proditorem
2118 2847 2294 2913 ubique
2335 2849 2561 2923 reperias,
2603 2847 2681 2897 sed

1660 2913 1738 2963 vix
1772 2920 1973 2979 usquam
2004 2911 2271 2963 invenietur
2303 2912 2421 2961 civis
2461 2910 2620 2962 bonus
2638 2919 2683 2962 et

1664 2978 1828 3092 gan-iae
1859 2977 2090 3034 defensor,
2113 2977 2267 3042 qualis
2301 2975 2391 3026 suit
2410 2974 2490 3026 Μ.
2510 2976 2683 3027 Junius

1712 3051 1859 3101 tutus,
1881 3057 2122 3108 percussor
2144 3040 2365 3099 Caesaris,
2390 3049 2440 3091 et
2469 3042 2547 3090 Μ.
2564 3043 2679 3091 Por-

1664 3105 1766 3157 cius
1807 3107 1929 3158 Cato
1970 3105 2225 3165 Uticensis,
2268 3105 2410 3155 frater
2449 3105 2679 3161 Serviliae,

1660 3171 1822 3222 matris
1842 3171 1998 3223 Bruti.
2035 3169 2258 3220 Similiter
2277 3172 2464 3220 Seneca
2484 3170 2579 3236 Ep.
2600 3172 2683 3220 97.

1660 3236 1806 3286 dixit:
1840 3254 1965 3287 omne
2003 3246 2173 3299 tempus
2210 3234 2398 3291 Clodios,
2430 3252 2521 3283 non
2554 3252 2680 3285 omne

1663 3301 1847 3350 Catones
1870 3301 2015 3374 feret.
2049 3300 2127 3351 cf.
2156 3316 2262 3366 sup.
2291 3300 2356 3350 ad
2385 3297 2452 3348 V.
2482 3300 2566 3350 36.
2596 3301 2677 3350 37.

1660 3383 1755 3422 are,
1777 3364 1889 3416 coeh
1943 3366 2070 3430 laga.

1725 3431 1804 3479 44.
1821 3429 1871 3496 f
1929 3447 2007 3479 am
2029 3431 2158 3479 dictu
2189 3431 2387 3493 visuque,
2410 3433 2552 3494 turpe
2572 3444 2674 3478 ver-

1660 3495 1773 3544 bum
1797 3494 2083 3560 factumque.

1720 3560 1801 3609 45.
1833 3559 1983 3610 Poeta
2003 3564 2197 3608 venuste
2216 3573 2326 3607 usus
2347 3564 2421 3607 est
2436 3572 2675 3608 sacrorum

1656 3623 1874 3681 formula,
1896 3624 2069 3685 procul,
2093 3622 2134 3671 Ο
2161 3624 2324 3686 procul
2348 3632 2453 3681 este,
2472 3621 2676 3687 profani,

1655 3687 1785 3750 θεὸς,
1816 3686 1921 3745 inde
1953 3689 2040 3745 ἔτί,
2068 3685 2267 3746 menzon-
2332 3687 2517 3736 Sancta
2547 3686 2680 3752 quasi

1654 3761 1765 3802 sunt
1788 3753 1945 3802 limina
1978 3753 2063 3801 illa
2090 3753 2139 3802 h.
2162 3769 2204 3802 e.
2228 3751 2414 3807 domus,
2432 3751 2486 3800 in
2506 3767 2605 3817 qua
2624 3750 2678 3799 li-

1655 3816 1756 3879 beri
1776 3825 1901 3866 sunt.
1934 3817 2043 3882 (Cf.
2061 3816 2148 3866 inf.
2167 3834 2213 3865 v.
2234 3818 2317 3867 68.
2335 3816 2473 3893 69.)
2487 3817 2585 3866 Sed
2610 3814 2678 3863 in‘-

1653 3884 2229 4006 Ξῖῗζὲἓεέἷῑῖῗξήᾏῗάἕὶ
2243 3888 2529 4010 Θῖξῖιῖἕῗω
2560 3880 2677 3993 fq‘ffi

1653 4011 1802 4063 deret.
1835 4011 2127 4076 Legendum,
2162 4008 2341 4078 opinor,
2362 4013 2524 4073 procul
2595 4013 2605 4023 ”
2636 4026 2675 4064 c,

572 4074 764 4124 Gallim.
794 4076 990 4141 rFragm.
1026 4077 1134 4124 133.
1168 4075 1212 4125 ⁸7
1236 4092 1283 4124 n
1318 4075 1588 4144 Προμηθιῦέ
1650 4079 1809 4140 procul
1830 4079 1893 4126 ite
1910 4078 2086 4138 puellae.

561 4137 792 4198 Ἕσλαη,
814 4140 896 4207 καὶ
913 4138 1042 4194 ful?
1057 4140 1125 4204 μῆ
1145 4141 1187 4205 ’ξ
1204 4138 1350 4206 {view
1375 4140 1588 4204 yiyom.

1717 4143 1797 4192 46.
1829 4151 2005 4198 cantus,
2029 4141 2255 4190 obscoena.
2274 4139 2482 4195 cantica,
2505 4136 2676 4203 quibus

570 4204 652 4252 36.
673 4204 907 4271 fugienda
925 4208 1138 4280 ‘ve-stigio,
1178 4205 1307 4253 mala
1346 4206 1580 4270 exempla,
1646 4204 1867 4256 convivas
1898 4205 2143 4259 oblectant
2170 4207 2379 4267 parasiti,
2409 4211 2676 4267 pernoctan-

569 4282 678 4330 quae
704 4271 781 4321 vel
810 4271 1106 4337 inopinantes
1135 4277 1185 4320 et
1214 4268 1345 4318 inviti
1377 4285 1428 4319 se
1461 4286 1582 4318 uun·
1650 4280 1724 4328 tes,
1750 4271 1830 4335 qni
1852 4277 2037 4320 noctem
2060 4285 2086 4318 a

570 4337 686 4400 tur„
723 4334 806 4384 37.
835 4339 987 4403 veteris
1007 4339 1148 4387 orbita
1167 4337 1331 4399 culpoe,
1353 4351 1400 4385 m
1450 4346 1583 4388 orum

2187 4276 2208 4318 t
2229 4269 2280 4318 in
2305 4268 2463 4320 aliena
2485 4267 2641 4316 domo.

1711 4336 1792 4386 48.
1826 4334 2037 4407 Οανᾳῤ
2109 4351 2181 4393 as,
2222 4333 2385 4411 filium*
2413 4338 2547 4405 tuum
2594 4345 2672 4402 per
