2978 4920
1008 339 1449 410 SATIRA
1516 341 1674 404 VII.

2264 342 2389 411 193

387 531 694 595 Gestetur
721 527 1035 605 domium,
1067 525 1315 612 quoties
1344 524 1530 611 pluit.
1563 546 1721 589 anne
1753 547 2041 589 serenum

384 633 756 720 Exspectet,
780 643 1164 719 spargatque
1193 629 1333 693 luto
1354 630 1649 715 jumenta
1676 625 1911 694 recenti
1938 633 1965 693 ?

2263 630 2388 693 180

386 735 519 799 Hic
547 735 796 822 potius:
843 756 1117 819 namque
1146 731 1249 795 hic
1279 730 1536 795 mundae
1566 731 1726 795 nitet
1758 731 2000 818 ungula
2029 730 2236 795 mulae.

385 836 579 901 Parte
608 837 731 902 alia
758 837 963 923 longis
991 834 1420 900 Numidarum
1448 833 1618 897 fulta
1646 834 1953 898 columnis

389 942 647 1027 Surgat,
678 940 1083 1027 et-algentem
1114 939 1319 1025 rapiat
1350 938 1622 1002 coenatio
1654 936 1864 1000 solem.

386 1040 900 1128 Quanticumque
928 1040 1176 1117 domus,
1207 1038 1438 1116 veniet,
1470 1038 1584 1123 qui
1612 1037 1856 1101 fercula
1882 1038 2065 1103 docte

388 1142 784 1228 Componat3
833 1142 1063 1218 veniet,
1094 1141 1207 1227 qui
1237 1138 1660 1226 pulmentaria
1688 1139 1935 1203 condat.

2261 1140 2387 1204 185

386 1245 529 1307 Hos
557 1244 721 1308 inter
750 1256 997 1309 sumtus
1027 1243 1312 1308 sestertia
1342 1240 1754 1320 Quintiliane,

387 1345 484 1409 Ut
511 1344 809 1423 multum,
842 1345 973 1409 duo
1002 1345 1353 1410 subficient.
1399 1366 1499 1406 res
1527 1342 1703 1407 nulla
1730 1343 1988 1407 minoris

390 1447 721 1526 Constabit
752 1447 943 1534 patri,
974 1469 1167 1533 quam
1197 1445 1384 1509 filius.
1473 1445 1667 1509 Unde
1695 1445 1896 1532 igitur
1925 1457 2023 1510 tot

302 1594 562 1659 nobilisque
585 1595 866 1644 Romanus?
896 1611 1117 1645 censesne
1137 1595 1181 1644 ei
1211 1609 1312 1642 am-

300 1659 553 1709 bulationis
580 1660 946 1725 gestationisque
972 1671 1158 1726 tempus
1176 1658 1311 1708 diffe-

300 1724 498 1773 rendum
527 1739 643 1781 esse,
664 1724 815 1774 donec
845 1740 1062 1774 serenum
1098 1725 1160 1774 sit
1191 1732 1310 1797 tem-

300 1789 1065 1920 335}.?00{32?2,*;¹1¹5t‘.¹3¹2‚112051²
1078 1790 1313 1903 „3333

223 1953 228 1957 -
300 1917 447 1992 pedes
463 1919 557 1966 luto
575 1921 880 1983 spargantur?
909 1920 1039 1978 Quin
1058 1922 1204 1979 potius
1220 1919 1309 1973 hic,

301 1997 352 2030 ιιι
381 1981 578 2047 porticu,
602 1981 877 2047 gestabitur,
899 1984 975 2033 vel
999 1983 1205 2039 vehetur,
1229 1981 1311 2029 ubi

300 2048 492 2111 ungula·
510 2061 566 2095 ac
595 2047 741 2111 pedes
759 2049 899 2095 mulae
917 2052 1079 2105 nitent,
1095 2049 1196 2097 luto
1216 2062 1313 2094 non

298 2108 621 2174 inquinantur.
689 2113 799 2160 182.
834 2113 975 2161 Parte
1006 2115 1115 2169 alia,
1149 2111 1200 2159 in
1228 2128 1306 2160 su-

361 2175 467 2223 riori
489 2174 655 2225 domus
673 2182 822 2241 parte,
844 2186 1003 2241 margat
1023 2178 1096 2241 (v.
1119 2191 1224 2240 sup.
1248 2174 1312 2224 ad

298 2190 378 2289 &1
408 2239 548 2303 529.)
566 2242 765 2295 eoenatio,
784 2238 1055 2298 triclinium,
1100 2241 1200 2287 ulta
1218 2241 1311 2286 lon-

292 2305 369 2368 gis
396 2305 611 2351 columnis
630 2303 952 2360 Numidarum,
975 2319 1034 2351 ex
1110 2302 1315 2351 umidico

296 2382 550 2422 marmore,
579 2368 652 2431 (v.
674 2368 804 2416 Plin.
828 2370 894 2418 V.
922 2370 971 2417 3.
1003 2368 1242 2417 XXXVI.
1264 2367 1312 2414 6.

294 2440 348 2483 et
380 2432 512 2498 Intp.
534 2431 702 2480 Horat.
727 2430 825 2480 Od.
856 2432 930 2482 Π.
957 2434 1033 2481 18.
1055 2431 1128 2495 4.)
1162 2441 1206 2480 et
1236 2448 1313 2479 ra-

292 2500 415 2562 piat,
441 2495 664 2561 excipiat,
686 2498 816 2545 solem
846 2498 1080 2562 algentem,
1102 2495 1314 2562 tepidum

294 2569 347 2612 et
381 2559 667 2609 matutinum
696 2568 746 2609 et
774 2560 1050 2610 hibernum:
1086 2575 1196 2608 nam
1232 2561 1313 2608 tri-

297 2625 448 2674 clinia
476 2633 525 2674 et
555 2623 762 2691 porticus
799 2624 1175 2692 septemtrionem
1211 2626 1312 2690 ple-

299 2689 839 2820 ἷιῗὲΨῷἑᾉῖῗξῗἭ
860 2690 1049 2820 1:352&
1050 2689 1313 2820 23¹3&ss

299 2819 413 2866 solis
448 2832 608 2867 versus
642 2790 886 2868 meridiem
929 2826 1109 2885 aperta,
1148 2827 1313 2869 aestate

298 2882 547 2930 minimum
566 2883 660 2932 reci
773 2891 841 2932 nt.

370 2947 480 2997 184.
496 2958 624 3011 seqq.
682 2951 998 3010 uanticumque
1012 2947 1149 3013 pretii
1157 2951 1311 2996 domus

301 3010 367 3058 sit
383 3012 459 3060 vel
478 3019 674 3070 constet,
696 3010 744 3061 h.
760 3028 805 3061 e.
836 3011 924 3060 etsi
955 3015 1111 3061 tantos
1130 3019 1314 3060 sumtus

300 3073 355 3123 in
387 3074 783 3139 magnificentiam
804 3075 972 3125 domus
990 3076 1067 3124 vel
1095 3076 1312 3125 villarum

302 3139 583 3205 inpendent,
605 3156 702 3190 non
729 3139 932 3190 minores
953 3149 1113 3189 tamen
1134 3140 1312 3190 faciunt

299 3203 353 3252 in
394 3202 630 3254 lautitiam
670 3205 933 3272 epularum,
957 3203 1173 3252 minimos
1202 3221 1312 3254 vero

301 3267 355 3316 in
385 3268 684 3318 honestarum
715 3269 887 3318 artium
924 3276 1231 3335 praeceptores
1263 3278 1313 3319 et

300 3333 477 3382 bonam
520 3333 771 3382 liberorum
814 3333 1170 3383 institutionem.
1234 3334 1313 3384 cf.

305 3397 513 3446 Cratetis
534 3399 719 3463 Fragm.
743 3399 845 3447 ΙΙΙ.
865 3397 916 3446 in
936 3399 1143 3447 Brunck.
1165 3397 1313 3447 Anal.

301 3461 363 3511 Τ.
384 3462 429 3510 Ῑ.
450 3478 500 3526 p.
524 3463 633 3511 186.
646 3487 649 3491 v
650 3461 856 3528 fercula,
888 3463 1027 3528 v.*ad
1062 3463 1107 3510 Ι.
1124 3464 1205 3511 94.
1237 3466 1316 3525 qui

287 3525 481 3591 fercula
500 3529 623 3578 docte
649 3531 880 3591 componit,
893 3527 1080 3592 ‘peritus
1102 3534 1314 3575 structor.

302 3590 379 3655 (v.
400 3607 505 3656 sup.
523 3592 585 3640 ad
608 3590 673 3641 V.
699 3592 832 3655 120.)
885 3593 995 3642 185.
1016 3593 1095 3654 qui
1108 3593 1314 3653 pulmen-

303 3657 427 3703 taria
457 3659 632 3713 emulat,
664 3655 827 3713 faciat,
856 3656 905 3704 h.
922 3671 966 3705 e.
995 3670 1187 3719 coquus.
1253 3657 1315 3704 In

336 3718 540 3784 lei-isque
561 3719 693 3770 libris
710 3720 882 3786 legitur
896 3723 1059 3776 condit,
1079 3720 1199 3769 dura
1217 3736 1315 3769 mo·

335 3799 470 3833 orum
494 3785 763 3834 variatione.
816 3786 1131 3834 Pulmevaetaria
1150 3784 1316 3834 dicun-

300 3856 381 3896 tur
402 3849 580 3912 quaevis
599 3849 810 3916 opsonia,
831 3850 908 3898 vel
929 3866 1036 3925 quae
1056 3865 1165 3899 cum
1191 3865 1315 3916 pane

301 3912 526 3970 eduntur,
550 3929 580 3962 a
599 3913 747 3979 pulte,
768 3929 873 3977 quae
898 3914 1060 3980 priscis
1082 3914 1316 3964 Romanis

300 3976 407 4026 loco
437 3977 577 4042 panis
597 3985 713 4027 erat.
744 3995 791 4027 v.
813 3979 939 4028 Plin.
964 3979 1165 4028 XVIII.
1189 3982 1235 4028 8.
1268 3988 1316 4028 et

302 4040 388 4091 inf.
411 4041 476 4090 ad
498 4043 642 4094 XIV.
664 4044 774 4091 171.

371 4107 484 4155 186.
518 4107 566 4156 7.
588 4122 635 4156 v.
656 4122 761 4173 sup.
783 4107 845 4155 ad
867 4124 912 4156 v.
940 4108 1049 4156 178.

372 4172 485 4235 188.
501 4172 655 4234 filius,
676 4171 804 4219 bona
823 4170 925 4234 ejus
943 4170 1190 4229 institutio,
1210 4187 1315 4236 quae

301 4234 549 4301 tantopere
582 4234 848 4300 negligitur,
871 4243 920 4283 et
950 4251 1075 4302 saepe
1102 4237 1314 4285 commit-

301 4298 417 4348 titur
476 4316 645 4365 parum
698 4299 879 4373 idoneis
937 4301 1314 4367 praeceptoribus,

305 4363 625 4416 modo-sumtu
646 4364 840 4415 minimo
860 4371 1089 4415 constent.

1447 1596 1557 1643 188.
1591 1609 1720 1658 seqq.
1741 1593 1847 1652 His,
1870 1610 1976 1659 quae
2008 1595 2119 1645 inde
2148 1611 2178 1645 a
2205 1613 2250 1645 v.
2278 1598 2385 1645 150.

1377 1658 1696 1723 disputaverat
1715 1667 1872 1723 poeta,
1893 1659 2032 1709 facile
2052 1658 2278 1726 praevidet
2295 1662 2383 1710 oh-

1374 1723 1487 1789 poni
1507 1738 1668 1789 posse:
1699 1726 1820 1771 unde
1837 1725 1982 1788 igitur
2002 1725 2311 1779 Quintilianus
2325 1735 2387 1775 tot

1374 1790 1530 1844 saltus,
1550 1795 1621 1836 tot
1644 1786 1839 1852 praedia,
1860 1797 2044 1837 tantum
2065 1788 2164 1854 agri
2185 1805 2243 1839 ac
2265 1790 2384 1839 divi-

1372 1852 1562 1910 tiarum,
1585 1854 1728 1907 hehet,
1753 1851 1791 1898 si
1821 1859 1917 1901 tam
1952 1855 2120 1903 misera
2139 1862 2210 1903 est
2231 1852 2384 1905 rheto-

1373 1933 1478 1965 rum
1517 1916 1752 1966 conditio'l
1954 1918 2083 1976 ndet,
2115 1918 2250 1975 illum
2289 1919 2384 1968 sin-

1374 1981 1527 2046 gulari
1569 1996 1625 2029 ac
1667 1979 1860 2029 mirifico
1902 1983 2096 2032 fortunae
2143 1983 2384 2042 beneficio,

1375 2062 1470 2102 non
1488 2045 1730 2093 hominum
1752 2044 2019 2096 liberalitati
2041 2063 2153 2114 opes
2168 2063 2278 2097 suas
2300 2047 2385 2096 de·

1370 2111 1496 2164 bere,
1515 2109 1650 2173 eique
1669 2110 1752 2158 uni
1777 2111 2040 2176 contigisse,
2058 2111 2185 2177 quod
2205 2113 2386 2162 nesciat

1374 2189 1435 2222 an
1455 2173 1558 2222 uni.
1624 2174 1807 2222 Putant
1824 2175 1967 2225 etiam
1997 2178 2200 2226 latenter
2231 2177 2382 2236 innui,

1375 2252 1484 2286 eum
1507 2253 1602 2285 non
1621 2244 1721 2285 tam
1747 2239 1993 2289 eruditioni
2014 2248 2096 2290 aut
2115 2241 2383 2299 virtutibus,

1377 2316 1521 2365 quam
1551 2302 1750 2350 fortunae
1780 2310 1964 2352 tantam
1995 2304 2268 2354 felicitatem
2299 2306 2385 2356 ad-

1375 2373 1562 2429 ceptam
1597 2364 1782 2414 referre.
1817 2367 1896 2417 Cf.
1919 2383 1973 2416 su
2009 2403 2022 2417 .
2057 2368 2120 2417 ad
2150 2370 2243 2419 VI.
2271 2372 2386 2421 280.

1377 2429 1512 2478 Salse
1548 2429 1715 2479 saltem
1751 2429 1881 2481 dicta
1913 2431 1960 2481 vi
1994 2440 2129 2483 entur
2163 2432 2293 2484 haec:
2342 2447 2386 2486 et

1362 2496 1613 2555 jaculator,
1654 2505 1697 2542 et
1738 2497 1776 2542 si
1945 2501 1955 2510 ‘
1990 2499 2037 2554 ·t,
2073 2508 2226 2547 cantat
2267 2502 2388 2549 bene.

1380 2558 1558 2607 Versus
1587 2572 1771 2622 quoque
1802 2561 2054 2611 190-194
2077 2561 2140 2611 ad
2162 2562 2386 2619 Quintili-

1377 2635 1523 2670 anum
1554 2622 1817 2672 referendos
1847 2640 1950 2672 esse
1980 2625 2272 2683 crediderim,
2301 2628 2389 2676 etsi

1378 2701 1473 2735 non
1507 2694 1632 2736 certo
1659 2695 1855 2743 constet,
1875 2703 1984 2736 eum
2017 2690 2200 2737 nobilem
2233 2707 2290 2740 ac
2321 2709 2385 2740 se-

1375 2761 1590 2810 natorem,
1613 2751 1788 2801 nedum
1807 2753 2047 2802 consulem
2066 2753 2207 2804 fuisse
2223 2773 2237 2814 ;
2260 2756 2386 2819 quod

1377 2816 1513 2864 multi
1534 2816 1783 2881 'conligunt
1815 2833 1874 2866 ex
1908 2835 1951 2867 v.
1977 2819 2085 2868 197.
2112 2824 2161 2867 et
2193 2835 2252 2867 ex
2280 2820 2386 2868 Au·

1374 2881 1495 2929 sonii
1514 2897 1739 2946 panegyr.
1755 2881 1806 2929 in
1823 2882 2130 2932 Gratianum:
2167 2883 2387 2936 Quintili-

1375 2963 1488 2994 anus
1501 2948 1753 2994 consularia
1762 2963 1842 3008 per
1856 2947 2119 2996 Clementem
2131 2959 2389 2998 mmmmm.

1374 3013 1568 3066 sortitus,
1582 3013 1903 3059 honestamenta
1913 3015 2100 3061 nominis
2112 3015 2256 3074 potius
2265 3016 2385 3063 vide·

1376 3084 1457 3122 tur
1499 3093 1631 3138 quam
1672 3077 1868 3140 insignia
1907 3080 2136 3138 potestatis
2176 3079 2386 3128 habuisse.

1376 3139 1593 3188 Mentem
1625 3154 1736 3188 vero
1773 3147 1924 3205 poetae
1961 3140 2029 3189 ita
2060 3142 2222 3206 capio:
2241 3142 2384 3206 felis,

1375 3202 1424 3251 h.
1446 3219 1489 3253 e.
1515 3203 1598 3268 qui
1628 3203 1740 3252 felix
1771 3212 1859 3260 est,
1891 3205 1968 3253 cui
2001 3206 2100 3255 fata
2132 3206 2308 3264 favent,
2342 3219 2386 3257 et

1371 3269 1545 3329 pulcer,
1569 3279 1613 3317 et
1644 3285 1762 3326 acer,
1785 3278 1829 3317 et
1857 3272 2042 3330 sapiens,
2064 3281 2109 3320 et
2128 3273 2283 3319 nobilis
2315 3281 2387 3320 est

1376 3340 1465 3381 cet.
1493 3332 1541 3380 h.
1571 3349 1614 3382 e.
1651 3333 1694 3381 ei
1727 3332 1885 3382 omnia
1915 3335 2056 3393 bona,
2088 3340 2137 3384 et
2165 3335 2384 3400 corporis,

1377 3396 1583 3460 (pulcer)
1600 3407 1667 3446 ‘et
1703 3398 1864 3454 animi,
1901 3399 2030 3462 (acer
2061 3407 2109 3446 et
2138 3401 2310 3459 sapiens
2339 3410 2389 3449 et

1376 3470 1525 3509 orator
1550 3464 1766 3509 matrimus
1787 3462 1905 3526 cet.)
1923 3469 1970 3510 et
2004 3462 2217 3517 fortunae,
2239 3463 2387 3528 (uobi-

1377 3526 1432 3572 lis
1451 3535 1496 3573 et
1510 3525 1766 3590 generosus)
1789 3524 2017 3573 adfluunt.
2083 3524 2260 3589 Similis
2284 3543 2387 3577 ora-

1376 3589 1517 3637 tionis
1547 3589 1672 3637 color
1701 3597 1773 3638 est
1811 3604 1840 3636 a
1874 3623 1888 3637 .
1911 3590 2078 3637 Horat.
2109 3589 2261 3656 Epist.
2282 3592 2317 3640 l.
2343 3596 2388 3642 1.

1384 3654 1491 3703 106.
1513 3669 1611 3716 seq.
1644 3661 1693 3702 et
1723 3654 1823 3701 Sat.
1885 3688 1898 3700 .
1919 3655 1965 3701 3.
1989 3654 2098 3702 124.
2127 3670 2228 3720 seq.
2293 3659 2387 3708 Sed

1379 3716 1613 3781 quomodo
1643 3716 1966 3775 Quintilianus
1998 3724 2096 3765 tam
2129 3720 2261 3770 dives
2292 3723 2387 3774 dici

1378 3790 1700 3894 potem-<auem
1717 3781 1904 3830 Plinius
1919 3780 2068 3846 Epist.
2083 3784 2174 3834 VI.
2191 3786 2272 3835 32.
2288 3793 2387 3838 ani-

1379 3865 1448 3895 mo
1484 3864 1551 3912 qu
1600 3862 1675 3895 em
1716 3849 2021 3903 beatissimum,
2053 3849 2139 3898 sed
2172 3855 2389 3902 modicum

1363 3913 1669 3977 facultatibus
1700 3911 1841 3960 fuisse
1869 3911 2045 3961 tradit!
2079 3914 2214 3964 Dives
2233 3918 2387 3966 vocari

1379 3977 1526 4043 possit
1556 3982 1766 4042 respectu
1802 3976 1998 4026 aliorum
2031 3978 2284 4036 rhetorum,
2307 3981 2387 4043 qui

1413 4040 1662 4108 auperrimi
1684 4050 1832 4097 erant,
1855 4050 1902 4091 et
1929 4044 2124 4090 modicus
2135 4042 2392 4116 facultati·

1378 4060 1457 4155 gns
1476 4114 1690 4172 respectu
1712 4105 1874 4163 Plinii,
1897 4106 1978 4170 qui
1999 4105 2254 4153 ditissimus
2286 4107 2390 4156 fuit.

1381 4173 1568 4235 Magna
1597 4178 1821 4238 praeterea
1839 4186 1946 4218 cum
1979 4170 2128 4232 gloria
2149 4178 2196 4216 et
2222 4169 2270 4216 in
2291 4171 2388 4223 foro

1380 4242 1592 4285 versatus
1622 4242 1707 4292 est,
1731 4243 1779 4284 et
1810 4233 2084 4282 rhetoricam
2116 4232 2275 4281 docuit
2304 4251 2388 4346 per

1381 4299 1546 4364 viginti
1588 4315 1766 4359 annos3
1811 4297 1988 4371 primus
2029 4311 2214 4361 quoque
2254 4314 2302 4346 sc
2337 4316 2388 4347 o-

1380 4364 1476 4413 lam
1501 4364 1670 4413 Romae
1692 4364 1874 4419 habuit,
1891 4370 1939 4410 et
1960 4359 2181 4409 salarium
2202 4361 2393 4431 adcepit

1483 4431 1593 4491 20
