2978 4920
584 287 713 354 270

1291 275 1961 344 JUVENALIS

668 469 927 533 Fortem
957 485 1144 554 posce
1171 461 1477 541 animum,
1510 462 1736 530 mortis
1760 474 2000 528 terrore
2028 475 2368 543 carentem,

665 570 793 649 Qui
823 569 1097 656 spatium
1129 566 1283 630 vitoe
1311 578 1673 630 extremum
1702 565 1870 631 inter
1898 587 2165 630 munera
2192 563 2391 652 ponat

662 672 728 735 N
730 683 956 747 aturae‚
985 667 1101 755 qui
1128 666 1294 730 ferre
1324 679 1521 752 queat
1551 688 1994 753 quoscumque
2022 666 2292 746 labores,

661 772 918 838 Nesciat
946 770 1152 848 irasci,
1182 769 1398 856 cupiat
1427 769 1611 849 nihil,
1642 781 1707 834 et
1735 769 2014 855 potiores

662 872 964 956 Herculis
991 893 1305 936 aerumnas
1332 869 1551 936 credat
1580 893 1907 956 saevosque
1933 867 2185 936 labores

660 977 752 1041 Et
784 976 1025 1039 Venere
1052 985 1117 1037 et
1146 970 1340 1036 coenis
1367 985 1432 1037 et
1462 971 1687 1059 pluma
1718 972 2148 1062 Sardanapali.

661 1078 978 1152 Monstro,
1007 1073 1186 1160 quod
1212 1073 1349 1159 ipse
1378 1073 1499 1138 tibi
1527 1072 1732 1160 possis
1764 1072 1935 1137 dare.
1982 1074 2207 1150 semita
2234 1086 2406 1141 certe

661 1176 1056 1265 Tranquilloe
1084 1197 1199 1263 per
1227 1176 1534 1240 virtutem
1563 1187 1742 1262 patet
1774 1175 1961 1240 unica
1990 1171 2161 1243 vit'ae.
2327 1171 2333 1176 ’

657 1280 928 1345 Nullum
957 1301 1193 1345 numen
1219 1278 1437 1358 habes,
1467 1278 1522 1343 si
1537 1279 1633 1350 ‚sit
1663 1277 2043 1365 prudentia;
2089 1301 2204 1344 nos
2233 1291 2319 1359 te,

2539 1279 2672 1348 365

655 1384 793 1448 Nos
820 1375 1119 1461 facimuS,
1142 1383 1454 1460 Fortuna,
1486 1381 1715 1460 Deam,
1745 1380 2035 1469 coeloque
2061 1380 2360 1448 locamus,

643 1554 756 1603 357.
778 1554 828 1603 8.
863 1552 942 1602 Cf.
965 1551 1100 1617 Virg.
1120 1552 1212 1603 Ge.
1233 1551 1308 1600 II.
1328 1552 1439 1601 490.
1462 1550 1593 1600 Plin.

576 1618 831 1668 XXVIII.
852 1619 897 1667 l.
913 1634 953 1666 s.
969 1619 1016 1665 2.
1035 1624 1153 1666 extr.
1167 1616 1231 1666 al.
1249 1616 1392 1680 Stoici
1407 1615 1593 1681 potissi-

575 1698 708 1733 mum
738 1682 961 1746 sapientis
990 1690 1109 1739 erat,
1141 1697 1238 1731 non
1269 1681 1434 1730 timere
1469 1696 1591 1732 mor·

571 1754 687 1804 tem,
722 1745 999 1811 omniaque,
1023 1760 1132 1810 quae
1165 1746 1302 1794 vitari
1338 1753 1593 1810 nequeant.

569 1816 764 1873 spatium
804 1821 1060 1869 extremum,
1102 1810 1275 1882 tinem,n
1301 1811 1422 1867 vitoe,
1464 1825 1587 1859 mor-

567 1884 665 1925 tem
685 1876 1007 1925 inminentem.

633 1942 746 1988 359.
779 1940 970 2004 Epicuri
991 1945 1275 2004 preceptum
1298 1945 1400 1986 erat
1421 1955 1433 1986 ε
1467 1938 1587 1987 ’Διί-

565 2023 660 2068 χου
679 2004 760 2052 καὶ
778 2004 980 2067 brixae,
997 2010 1046 2051 et
1066 2002 1157 2050 eris
1173 2000 1486 2069 impigrum
1507 2004 1589 2052 aa>

565 2067 936 2131 &pn-apianae.
1000 2068 1094 2115 Pro
1123 2068 1301 2122 labores,
1322 2069 1449 2129 quod
1478 2084 1581 2118 voc.

569 2147 683 2245 ἴε
708 2132 946 2244 repegiittqr,
969 2131 1479 2245 fomtgubstituendum
1502 2135 1579 2181 do-

702 2213 761 2245 ex
782 2211 811 2245 e
937 2211 1076 2245 recen

631 2262 744 2310 360.
777 2262 935 2310 Etiam
959 2261 1060 2309 haec
1081 2259 1286 2310 Stoicam
1360 2259 1484 2309 itant
1503 2276 1580 2309 sa-

564 2324 810 2392 pientiam.
856 2326 936 2375 cf.
958 2327 1126 2376 Senec.
1158 2325 1218 2375 de
1246 2326 1318 2374 ira
1370 2324 1411 2371 I.
1436 2326 1583 2376 6-8.

564 2399 614 2439 et
635 2392 806 2441 Horat.
835 2390 987 2456 Epist.
1017 2391 1061 2439 Ι.
1095 2391 1143 2439 6.
1209 2391 1285 2438 Ex
1319 2388 1585 2440 adfectibus

565 2463 723 2505 autem
753 2465 802 2505 et
833 2454 1259 2521 perturbationibus
1286 2452 1452 2515 animi,
1472 2471 1584 2519 qum

561 2521 708 2570 vitam
746 2536 841 2570 non
876 2520 1120 2596 patiuntur
1152 2520 1361 2584 quietam
1392 2534 1496 2569 esse
1533 2527 1583 2571 et

559 2586 768 2644 beatam,
791 2594 994 2652 potiores
1028 2594 1214 2634 tantum
1249 2593 1581 2642 memorantur,

560 2650 633 2701 ira
660 2658 709 2699 et
735 2649 986 2716 cupiditas,
1050 2651 1166 2699 361.
1188 2651 1302 2699 362.
1333 2649 1584 2705 Animum,-

561 2714 645 2779 qui
672 2714 827 2772 variis,
853 2715 996 2763 immo
1027 2714 1294 2772 Herculeis,
1319 2712 1580 2769 laboribus,

561 2779 733 2843 quibus
773 2781 962 2828 eluceat
1000 2778 1148 2827 virtus
1198 2786 1247 2827 et
1290 2778 1581 2827 incrementa

560 2843 737 2909 capiat,
766 2843 970 2892 exerceri
1001 2843 1154 2899 malit,
1180 2858 1326 2906 quam
1354 2841 1579 2905 ignavam

560 2906 612 2955 in
644 2908 741 2958 otio
780 2923 837 2956 ac
877 2906 1198 2971 voluptatibus
1234 2905 1381 2954 vitam
1422 2921 1579 2970 agere.

557 2972 910 3034 Sardanapalum,
965 2971 1158 3020 ultimus
1209 2969 1416 3035 Assyrio

557 3033 778 3100 idemque
810 3035 1127 3092 mollissimus,
1160 3035 1287 3084 unde
1317 3034 1366 3083 h.
1400 3035 1433 3083 1.
1469 3038 1577 3095 pla·

556 3102 657 3157 mis,
689 3100 892 3165 plumeis
923 3099 1126 3156 culcitis,
1145 3099 1196 3147 h.
1215 3115 1260 3148 e.
1291 3097 1425 3147 lectis
1456 3099 1576 3148 mol-

556 3164 699 3214 libus.
766 3163 840 3213 Cf.
861 3163 1059 3213 Diodor.
1080 3165 1153 3212 II.
1172 3165 1255 3212 23.
1271 3178 1375 3228 seq.
1394 3162 1575 3213 Athen.

559 3228 683 3277 XII.
707 3229 755 3277 7.
777 3227 955 3278 Justin.
979 3229 1024 3277 Ι.
1044 3229 1092 3277 3.
1217 3257 1224 3264 ·

623 3294 737 3342 363.
757 3294 808 3343 4.
840 3294 1027 3342 Bonam
1051 3298 1256 3341 mentem
1288 3307 1345 3340 ac
1376 3290 1576 3343 felicita·

556 3365 653 3407 tem
672 3356 763 3425 ipsi
788 3357 873 3407 tibi
897 3372 1068 3433 parare
1097 3356 1270 3423 poteris
1303 3354 1458 3404 studio
1478 3355 1571 3404 vir-

552 3421 670 3473 tutis
711 3438 768 3473 ac
810 3422 1075 3489 sapientiae,
1116 3421 1244 3471 unde
1288 3436 1370 3470 eas
1409 3428 1573 3487 optare

555 3488 752 3537 stultum
779 3496 866 3539 est.
898 3490 1050 3537 semita
1069 3490 1176 3537 vitoe
1194 3487 1471 3550 tranquille,
1494 3485 1574 3534 via

554 3551 619 3599 ad
635 3554 783 3603 vitam
804 3554 1108 3619 tranquillam
1127 3568 1185 3602 ac
1204 3553 1412 3601 beatam.
1456 3552 1571 3601 365.

551 3616 666 3664 366.
723 3618 918 3666 Nullum
942 3635 1124 3676 viamen,
1145 3617 1326 3666 nullam
1359 3623 1566 3682 potesta-

552 3686 669 3735 tem,
712 3682 914 3730 Fortvma
955 3682 1097 3732 habet
1139 3683 1188 3731 in
1224 3680 1454 3738 homines,
1475 3679 1566 3728 mi·

552 3743 682 3792 nime
704 3743 755 3791 in
774 3746 1004 3795 studiosos
1023 3762 1077 3794 sa
1109 3746 1265 3795 ientiae
1287 3761 1353 3794 ac»
1364 3744 1566 3802 virtutis,

553 3808 638 3873 qui
669 3809 814 3859 animi
843 3763 1180 3878 cupiditatibus
1209 3809 1460 3877 imperant,
1480 3824 1566 3859 ne-

1476 2986 1576 3027 rex,

1657 1566 1749 1615 que
1777 1559 1971 1601 externa
2001 1558 2241 1603 sectantur
2274 1552 2418 1610 bona,
2439 1567 2549 1618 quae
2567 1554 2678 1603 sub·

1649 1614 1781 1680 jecta
1820 1625 1930 1665 sunt
1965 1617 2196 1682 fortune„
2221 1616 2307 1667 sed
2356 1617 2519 1673 animi,
2568 1634 2675 1683 qnae

1654 1695 1771 1730 vera
1800 1690 1912 1730 sunt
1947 1682 2089 1738 bona,
2116 1696 2271 1747 neque
2303 1696 2335 1730 a
2368 1682 2561 1731 fortuna
2593 1698 2675 1731 no·

1656 1744 1731 1793 bis
1764 1744 1934 1794 auferri
1968 1753 2193 1812 possunt:
2238 1745 2320 1810 qui
2359 1762 2469 1796 vero
2506 1761 2676 1799 causas

1650 1825 1806 1858 rerum
1852 1825 1947 1859 non
1995 1810 2112 1859 satis
2164 1810 2353 1860 solerter
2406 1811 2675 1876 explorant,

1650 1875 1901 1947 pravisque
1933 1874 2272 1939 cupiditatibus
2303 1875 2565 1933 ducuntur,
2593 1893 2675 1951 per

1650 1938 1996 2003 inprudentiam
2026 1955 2102 1988 res
2128 1940 2360 1989 humanas
2390 1955 2485 1987 non
2510 1939 2676 1991 divma

1649 2003 1959 2068 providentia,
1978 2004 2064 2053 sed
2097 2005 2315 2054 Fortuna
2348 2004 2539 2053 arbitrio
2574 2005 2673 2070 regi

1649 2067 1936 2126 existimant,
1975 2069 2051 2118 vel
2089 2068 2230 2117 tacite
2267 2069 2403 2134 quasi
2441 2069 2673 2118 confiten-

1647 2139 1739 2189 tur,
1780 2140 1829 2180 et
1881 2131 2010 2191 huic,
2054 2140 2296 2197 tamquam
2346 2133 2541 2190 auctori,
2589 2134 2671 2183 tri·

1647 2196 1817 2253 buunt,
1857 2214 1970 2261 quae
2010 2197 2125 2262 ipsis
2166 2198 2311 2263 culpa
2353 2213 2442 2246 sua
2484 2199 2674 2247 contin·

1647 2269 1782 2373 funt.
1848 2262 2034 2311 Numen
2064 2263 2216 2327 poetis
2244 2264 2448 2327 primum
2470 2263 2569 2312 Dei
2589 2278 2671 2312 vo·

1668 2333 1822 2383 nutas,
1844 2334 1893 2375 et
1930 2325 2259 2392 quodcumque
2292 2327 2395 2393 ejus
2420 2327 2670 2385 indicium,

1646 2390 1881 2465 monitum
1932 2390 2288 2466 oraculumque,
2341 2390 2515 2441 deinde
2570 2393 2671 2457 ejus

1645 2455 2668 2593 ggifssffinsscmiufflssffrgussgisnipzssi

1646 2584 1851 2648 demque
1886 2584 2016 2634 illius
2051 2585 2129 2633 vel
2160 2593 2347 2643 natura,
2381 2586 2462 2636 vel
2495 2601 2664 2635 nomen
2733 2606 2736 2609 ¹

1647 2664 1832 2713 quoque
1867 2664 1924 2697 ac
1962 2650 2129 2698 titulus
2160 2649 2349 2699 dicitur.
2412 2650 2466 2700 Si
2502 2659 2663 2700 tamen

1645 2712 1751 2776 quis
1782 2721 1968 2779 propter
1991 2729 2082 2769 ·ea‚⁷
2095 2729 2204 2778 quae
2245 2730 2356 2763 mox
2387 2722 2663 2778 sequuntur,

1644 2778 1805 2834 verba,
1835 2795 1912 2826 nos
1943 2788 1988 2827 te
2005 2778 2210 2843 facimus
2238 2779 2398 2836 Deam,
2420 2779 2662 2844 vulgarem

1643 2844 1770 2890 vocis
1788 2840 2023 2891 notionem
2058 2843 2257 2892 retinere
2278 2843 2429 2899 malit,
2452 2845 2536 2906 (ut
2558 2845 2662 2892 nul·

1641 2908 1735 2954 lum
1753 2924 1920 2955 numen
1939 2908 2066 2955 habes
2084 2907 2146 2955 sit
2171 2906 2238 2955 id.
2258 2907 2341 2972 qd.
2362 2907 2549 2956 nullum
2571 2923 2658 2956 nu·

1639 2985 1749 3019 men
1775 2987 1854 3029 es,
1872 2988 1914 3021 s.
1936 2987 2030 3020 non
2062 2972 2291 3037 es,-Dea)
2318 2971 2537 3035 equidem
2569 2987 2662 3021 non

1639 3049 1801 3148 erge,
1836 3051 2303 3149 .s„¹3‡{22?s..
2322 3036 2564 3149 &aaz
2579 3037 2661 3152 «ι’.

1641 3163 1746 3227 (ubl
1767 3181 1923 3213 nomen
1944 3180 2034 3230 pro⁴
2045 3181 2211 3212 numen
2230 3164 2416 3228 legitur,
2438 3180 2535 3229 quo
2550 3180 2657 3214 sen·

1641 3242 1697 3276 su
1714 3228 1881 3278 Cicero
1899 3229 2043 3277 dixit:
2068 3228 2299 3293 Ignorutio
2317 3246 2471 3278 rerum
2487 3240 2534 3278 et
2549 3246 2658 3278 eau-

1638 3307 1792 3340 samm
1815 3293 2035 3342 Fortuna
2052 3309 2209 3342 nomen
2233 3294 2437 3358 induxit)
2459 3301 2508 3343 et
2527 3309 2657 3360 repe·

1637 3364 1799 3406 tuntur
1820 3357 2069 3407 inf.-X1V.
2090 3361 2202 3407 315.
2222 3358 2339 3407 316.
2359 3359 2461 3414 ubi,
2484 3367 2539 3407 ut
2555 3359 2605 3407 b.
2622 3359 2655 3408 1.

1635 3419 1686 3468 in
1717 3421 1951 3487 plerisque
1983 3421 2115 3471 libris
2148 3422 2374 3488 reperitur
2403 3425 2482 3472 sed
2512 3433 2572 3479 te,
2604 3431 2652 3471 et

1637 3485 1833 3534 Nullum
1864 3504 2029 3536 numen
2061 3489 2193 3544 abest,
2229 3486 2277 3535 h.
2312 3502 2356 3536 e.
2388 3502 2554 3536 omnes
2587 3487 2653 3536 dii

1634 3549 1794 3600 favent
1828 3559 1877 3600 et
1912 3552 2086 3601 adsunt
2113 3551 2188 3607 iis,
2216 3551 2301 3616 qui
2335 3567 2432 3600 non
2462 3560 2652 3609 temere,

1630 3614 1714 3664 sed
1751 3615 1945 3666 consilio
1982 3624 2031 3665 et
2067 3616 2317 3692 prudentia
2352 3631 2430 3664 res
2464 3623 2649 3680 gerunt.

1629 3678 1743 3729 366.
1778 3682 1978 3730 lommus
1998 3692 2041 3730 te
2070 3697 2123 3730 ιιι
2152 3682 2273 3739 eoelo,
2295 3681 2454 3730 locum¹
2486 3680 2578 3731 tibi
2606 3681 2653 3729 in

1628 3745 1753 3818 coelo
1791 3747 1979 3805 damus,
2021 3747 2069 3795 h.
2100 3761 2149 3797 e.
2189 3753 2238 3796 te
2281 3745 2333 3795 in
2374 3746 2492 3795 deos
2533 3745 2650 3796 refe·

1629 3824 1789 3860 rimus.
2095 3848 2098 3849 γ
2445 3846 2449 3851 -
