2978 4920
580 338 716 406 170

672 505 1072 592 Proecipites;
1121 513 1197 576 ut
1225 523 1379 566 saxa
1397 500 1587 589 jugis
1608 501 1913 587 abrupta,
1940 498 2177 586 quibus
2192 510 2386 563 mons

684 605 1125 681 Subtrahitur,
1154 602 1447 688 clivoque
1474 601 1647 667 latus
1674 602 1987 688 pendente
2016 599 2280 664 recedit:

1306 328 1975 412 JUVENALIS

2547 597 2679 664 650

677 707 866 773 Illam
889 729 1011 792 ego
1039 725 1166 768 non
1196 700 1654 789 tulerim,·quae
1684 713 2035 789 computat,
2052 712 2131 766 fet
2155 699 2357 765 scelus
2385 700 2603 788 ingens

677 811 844 873 Sana
870 804 1041 871 facit.

1135 806 1435 892 Spectant
1465 804 1841 869 subeuntem
1872 803 2008 867 sata
2035 801 2243 868 mariti

672 906 1012 982 Alcestim,
1041 916 1129 984 et,
1163 902 1382 968 similis
1414 902 1467 967 si
1498 903 1887 991 permutatio
1916 902 2128 977 detur,

678 1009 896 1074 Morte
927 1005 1045 1072 viri
1078 1005 1348 1094 cupiente
1368 1005 1642 1070 animam
1675 1027 1924 1070 servare
1954 1003 2237 1069 catellae.·

681 1109 1045 1174 Obcurrent
1074 1106 1295 1171 multoe
1327 1105 1446 1170 tibi
1477 1105 1731 1172 Belides
1760 1117 1956 1192 atque
1985 1103 2343 1194 Eriphylae:

2546 1102 2679 1167 655

678 1213 874 1276 Mane
901 1208 1453 1295 Clytoemnestram
1482 1207 1701 1273 nullus
1725 1229 1852 1272 non
1881 1207 2060 1272 vicus
2088 1206 2375 1272 habebit:

680 1313 825 1376 Hoc
849 1322 1102 1375 tantum
1132 1310 1352 1387 refert,
1382 1308 1561 1395 quod
1593 1309 1918 1398 Tyndaris
1945 1307 2055 1372 illa
2080 1308 2417 1394 bipennem

682 1411 997 1477 Insulsam
1028 1421 1093 1475 et
1121 1410 1367 1476 fatuam
1397 1409 1633 1476 dextra
1656 1409 1943 1497 laevaque
1974 1408 2255 1475 tenebat:

680 1514 775 1577 At
806 1534 979 1577 nunc
1004 1534 1106 1576 res
1134 1511 1352 1599 agitur
1381 1511 1560 1578 tenui
1591 1510 1890 1599 pulmone
1918 1510 2195 1584 rubetae3

591 1721 689 1767 dia.
708 1721 847 1782 jecur
870 1716 1130 1764 incendente
1142 1730 1160 1772 ,·
1189 1731 1234 1762 v.
1259 1717 1439 1776 sup.ad
1464 1716 1506 1762 1.
1524 1716 1609 1765 46.

580 1784 813 1848 seruntur
830 1782 1109 1844 prm-ipim,
1132 1779 1423 1841 (namsuror
1447 1784 1607 1842 iraque

593 1847 1116 1909 mentempraecipitont,
1128 1843 1378 1904 Virg.AEn.
1396 1844 1460 1890 11.
1471 1845 1618 1902 316.)’

594 1919 777 1973 quanto
799 1912 984 1971 impetu
1008 1917 1156 1969 prona
1175 1913 1324 1954 ruunt
1337 1910 1603 1970 saxa‘jugu'e

595 1977 837 2022 montium
860 1975 1075 2034 abrupta,
1100 1974 1243 2019 tatere
1265 1976 1452 2026 montis,
1473 1980 1600 2017 tam-

596 2053 744 2101 quam
778 2039 1099 2096 fundamento
1136 2044 1184 2082 et
1222 2035 1377 2084 fulcro
1414 2050 1602 2090 eorum,

596 2103 825 2150 subtracto
846 2109 894 2147 et
913 2100 1153 2147 recedente.
1213 2099 1446 2147 Pr'aeclara
1472 2107 1604 2146 eom·-

598 2166 782 2226 paratlo
810 2179 872 2211 cx
905 2166 1007 2226 ipsa
1041 2179 1202 2211 rerum
1238 2170 1410 2212 natura
1440 2166 1609 2225 petita,

597 2245 709 2291 quae
731 2223 876 2288 simul
899 2229 1050 2275 animi
1082 2229 1399 2276 adfectionem
1436 2243 1487 2275 re
1519 2228 1610 2274 sub

598 2305 768 2341 sensus
780 2295 979 2340 cadente
990 2294 1267 2352 adumbrat,
1275 2295 1401 2353 quod
1416 2301 1611 2353 compa-

578 2414 580 2417 Α
599 2361 736 2405 randi
754 2369 908 2419 genus
919 2358 1258 2405 suavissimum
1274 2364 1362 2405 est.
1380 2358 1612 2420 Cf.Hom.

600 2423 659 2472 11.
677 2420 726 2474 ν’.
746 2421 855 2471 137.
877 2433 977 2485 seq.
1000 2429 1049 2469 et
1066 2422 1202 2486 Vir-g.
1222 2422 1334 2472 AEn.
1350 2423 1475 2470 XII.
1493 2419 1611 2481 684,

600 2502 732 2550 seqq.
751 2486 834 2535 ubi
854 2500 900 2535 v.
926 2489 1109 2549 Heyne.
1134 2489 1272 2546 clivo,
1291 2489 1492 2547 vertice,
1494 2502 1609 2549 pen-

599 2553 747 2608 dente,
763 2558 811 2599 et
830 2554 1021 2600 ruinam
1044 2554 1319 2601 minitante.
1454 2606 1460 2611 ,

664 2618 774 2666 651.
809 2632 906 2680 quae
924 2622 1175 2680 computat,
1196 2625 1406 2679 reputat,
1428 2619 1606 2664 delibe-

600 2690 694 2741 rat,
706 2684 846 2731 certo
852 2679 1038 2743 judicio
1056 2685 1212 2729 scelus
1229 2690 1341 2730 ante
1363 2682 1609 2741 expendit,

597 2747 747 2808 ‘quam
766 2747 1072 2807 adgreditur3
1099 2748 1190 2807 nisi
1205 2748 1372 2793 malis:
1404 2758 1537 2807 quae,
1554 2754 1611 2809 ut

603 2813 849 2874 Eriphyle,
889 2812 1127 2857 rationem
1167 2813 1236 2858 rei
1275 2813 1506 2868 subputat
1537 2810 1625 2855 vel*

602 2878 847 2934 subducit,
882 2877 946 2920 ad
976 2875 1217 2921 calculum
1250 2875 1388 2934 quasi
1422 2880 1614 2920 revocat

604 2942 812 2998 facinus,
833 2945 882 2986 et
915 2940 1322 2995 emolumentum,
1344 2939 1472 2997 quod
1504 2939 1616 2983 inde

606 3007 666 3050 ad
690 3016 739 3050 se
763 3004 1015 3049 redundet.
1071 2998 1149 3049 Sic
1171 3017 1245 3063 ap.
1273 2996 1441 3049 Senec.
1462 3003 1615 3062 Epist.

611 3068 687 3116 14.
721 3068 868 3113 Nemo
882 3067 941 3112 ad
957 3066 1207 3112 humanum
1225 3067 1498 3127 sanguinem
1508 3079 1617 3126 pro·

603 3138 709 3193 pter
731 3128 881 3191 ipsum
905 3131 1045 3183 venit,
1067 3135 1150 3175 aut
1170 3131 1415 3176 admodum
1444 3131 1582 3189 pauci
1596 3147 1615 3178 .·

604 3197 764 3258 plures
797 3197 1077 3253 computant,
1116 3202 1253 3254 quam
1288 3194 1495 3240 oderunt.
1539 3191 1616 3240 Cf.

609 3275 717 3321 sup.
737 3260 799 3307 ad
824 3272 869 3302 v.
892 3258 1002 3305 199.
1020 3265 1069 3303 et
1092 3258 1203 3305 638.
1269 3259 1414 3313 Sana,
1437 3260 1616 3303 mentis

607 3334 826 3384 compos,
842 3323 945 3368 sine
967 3322 1159 3369 adfectu
1184 3323 1355 3378 animi,
1373 3323 1498 3380 inpr.
1516 3323 1615 3376 irae,

608 3382 719 3451 ‹juae
743 3387 964 3435 homines
997 3400 1126 3446 soepe
1158 3388 1315 3433 reddit
1350 3386 1545 3432 insanos
1578 3390 1628 3433 s.‘

609 3456 841 3511 furentes.
866 3448 945 3498 Cf.
970 3464 1077 3510 sup.
1103 3451 1171 3511 11.
1198 3451 1275 3498 18.
1294 3460 1424 3511 seqq.

673 3518 785 3566 652.
810 3518 1028 3577 Spectant
1050 3508 1287 3578 ejusmodi
1307 3516 1530 3562 mulieres
1545 3516 1619 3561 in-

611 3585 794 3644 probae,
809 3584 858 3627 in
879 3582 1021 3627 ludia.
1038 3581 1257 3628 Alcestim
1272 3578 1619 3642 subcuntevnfh-

611 3656 662 3694 ta
697 3640 877 3700 mariti,
901 3650 1106 3691 moriem
1132 3656 1219 3706 pro
1240 3660 1315 3700 eo,
1339 3646 1488 3690 vitam
1519 3646 1620 3692 Ad-

611 3713 732 3758 meti
768 3711 928 3755 mariti
973 3717 1128 3754 morte
1161 3724 1249 3754 sua
1284 3711 1618 3756 redimentem.

612 3776 734 3840 (Res
759 3782 872 3818 nola
893 3779 953 3817 ex
989 3772 1155 3832 Eurlp.
1181 3766 1439 3826 Alcestide,
1474 3773 1626 3833 Apol·

613 3839 709 3887 lod.
738 3838 775 3882 l.
797 3837 842 3882 9.
882 3836 957 3882 15.
990 3843 1039 3880 et
1067 3837 1249 3898 Hygin.
1281 3839 1317 3884 f.
1349 3836 1451 3897 51.)
1515 3836 1626 3885 653.

601 3902 891 3966 permutatio
913 3902 1082 3945 mortis
1100 3915 1113 3944 ε
1150 3915 1259 3947 nain
1280 3903 1530 3947 oraculum
1551 3903 1626 3947 vel

614 3970 777 4016 Parcae
810 3965 1050 4017 dixerant,
1084 3964 1366 4019 Admetum,
1401 3967 1627 4024 quamvis

615 4024 809 4080 finitum
826 4032 951 4073 esset
972 4029 1183 4086 spatium
1209 4030 1340 4083 vitae,
1359 4043 1453 4072 non
1480 4031 1624 4073 mori-

613 4108 778 4145 turum
802 4093 926 4148 esse,
949 4091 990 4135 si
1006 4084 1130 4136 alius
1148 4104 1234 4150 pro
1249 4107 1307 4138 eo
1324 4093 1447 4138 mori
1466 4094 1626 4140 vellet.

628 4151 650 4173 '⁸'
678 4155 789 4207 654.
825 4156 1020 4203 Nostroe
1044 4156 1269 4201 mulieres
1302 4157 1507 4201 cariores
1540 4158 1625 4202 ha-

611 4230 726 4274 bent
744 4222 930 4270 catulos
953 4230 1085 4276 suos,
1107 4231 1254 4280 quam
1278 4221 1495 4266 maritoS.

643 4282 787 4337 '‘655.
823 4284 932 4335 656.
971 4285 1140 4330 Romae
1174 4287 1355 4331 multas
1396 4285 1624 4332 mulieres

614 4353 819 4418 reperies
834 4350 1016 4397 similes
1033 4345 1288 4407 Baianus,
1305 4350 1553 4411 Eriphylen
1575 4359 1625 4398 ct

1673 1716 2051 1778 clytemnestra
2083 1716 2270 1765 Belides
2302 1719 2403 1763 sive
2423 1719 2687 1771 Danaides,

1670 1783 1710 1828 1.
1748 1783 1857 1828 tiliae
1899 1782 2058 1828 Danai
2096 1787 2145 1826 et
2190 1789 2359 1841 neptes
2394 1784 2521 1839 Beli,
2554 1785 2681 1845 regis
2699 1822 2709 1832 .

1671 1848 1982 1907 Argivorum,
2013 1849 2183 1902 eodem
2220 1848 2298 1891 die
2332 1849 2532 1893 totidem
2575 1849 2682 1893 filiis

1667 1911 1860 1973 AEgypti
1877 1910 2280 1970 patrui,Mempbi
2295 1913 2682 1971 regnantismub·

1669 1983 1753 2030 tae,
1776 1990 1886 2034 quae
1905 1980 2048 2020 suum
2064 1988 2274 2034 quaeque
2288 1977 2542 2034 maritum,
2560 1991 2683 2036 prae·

1671 2046 1744 2090 ter
1791 2053 1939 2084 unam
1990 2039 2447 2099 Hypermnestmm,
2482 2055 2681 2087 uxorem

1673 2103 1874 2164 Lyncei,
1920 2103 2076 2162 prima
2116 2112 2255 2149 nocte
2289 2104 2604 2158 interfecisse.
2636 2103 2692 2151 σι’·

1673 2169 1786 2213 hinc
1829 2168 1959 2226 apud
1990 2166 2171 2216 inferos
2216 2168 2265 2213 in
2305 2168 2432 2215 dolia
2478 2170 2683 2228 pertusis

1674 2232 1838 2277 fundis
1850 2245 2025 2293 aquam
2041 2232 2295 2278 infundere
2306 2232 2471 2278 dieunt
2478 2248 2552 2280 ur.
2570 2232 2683 2279 Eri-

1666 2295 1826 2357 phyle,
1840 2296 1976 2341 Talai
1995 2296 2110 2351 mia,
2129 2309 2263 2341 soror
2284 2297 2483 2343 Adrasti
2500 2306 2549 2344 et
2567 2313 2693 2348 uxor.

1676 2361 1960 2420 Amphiarai
1996 2363 2137 2415 vatis,
2160 2365 2271 2422 q‘uae
2304 2363 2560 2420 maritum,
2582 2364 2696 2426 latiq-

1676 2421 1883 2484 t'antem,
1907 2439 1968 2473 ne
1981 2427 2040 2472 ad
2065 2426 2246 2472 bellum
2268 2424 2578 2483 Thebanum,
2591 2443 2686 2489 quo

1675 2504 1726 2536 se
1742 2491 2010 2553 periturum
2029 2491 2336 2550 praevidcret,
2356 2493 2594 2550 proficisci
2607 2508 2685 2539 co-

1674 2561 1889 2615 geretur,
1924 2556 2095 2600 monili
2140 2554 2352 2601 Cadmeo
2396 2570 2426 2602 a
2464 2558 2685 2617 Polynice

1669 2628 1925 2678 conrupta,
1947 2619 2175 2678 prodidit,
2194 2624 2245 2664 et
2279 2626 2460 2679 postea,
2481 2636 2633 2682 quum
2657 2636 2687 2667 a

1672 2680 1980 2729 Thersandro
2012 2684 2207 2743 peplum
2248 2685 2534 2744 adcepisset,
2572 2688 2685 2732 Alc·

1673 2761 1914 2799 moeonem
1937 2762 2129 2807 quoque
2154 2748 2307 2794 lilium
2331 2751 2392 2795 ad
2416 2763 2550 2796 arma
2574 2764 2686 2796 cum

1681 2811 1909 2870 Epigonis
1925 2813 2155 2871 capienda
2169 2814 2405 2858 adducere
2417 2825 2587 2860 conata
2600 2821 2693 2861 cst.

1680 2876 1790 2922 656.
1829 2875 2253 2949 Clytaemnestram,
2283 2891 2394 2936 quae
2429 2880 2690 2936 Agamem·

1682 2950 1858 2985 nonem
1885 2941 2133 2995 maritum,
2155 2956 2184 2987 a
2217 2940 2343 2987 bello
2377 2939 2590 3004 Trojano
2619 2959 2693 2990 re·

1685 3017 1896 3058 versum,
1917 3019 2007 3064 ope
2030 3005 2238 3063 AEgistbi
2261 3007 2483 3061 adulteri,
2498 3009 2692 3066 bipenni

1681 3069 2002 3116 obtruncavit.
2067 3068 2220 3116 Mune
2273 3084 2366 3116 vox
2412 3070 2690 3131 inportuna,

1681 3133 1758 3178 cui
1784 3132 1906 3179 forte
1923 3135 2317 3180 substituendum
2338 3135 2496 3180 Poeue.

1747 3194 2022 3245 657-659.
2053 3198 2334 3251 xxm-mlv}
2374 3200 2491 3245 dicit
2534 3208 2699 3260 poeta,

1681 3260 1763 3305 hoc
1785 3265 1966 3306 tantum
1999 3262 2172 3324 referre
2192 3265 2292 3310 sive
2315 3265 2544 3310 interesse
2569 3266 2695 3311 inter

1681 3325 2102 3386 Clytaemnestram
2128 3332 2175 3372 et
2189 3324 2416 3373 mulieres
2432 3329 2701 3386 Romanas,

1680 3390 1808 3451 quod
1836 3390 1918 3434 illa
1940 3392 2048 3436 rudi
2065 3405 2122 3437 ac
2141 3393 2349 3450 simplici
2371 3395 2538 3449 modo,
2559 3399 2692 3440 utra-

1681 3462 1776 3512 que
1812 3462 1962 3500 t'nanu
2001 3458 2051 3499 et
2084 3457 2280 3515 bipenni
2315 3469 2422 3512 usa,
2460 3454 2694 3504 maritum

1683 3518 1929 3574 ceciderit,
1949 3520 2027 3564 hae
2045 3528 2202 3566 autem
2228 3518 2400 3582 majori
2424 3529 2543 3575 arte,
2560 3523 2693 3568 calli-

1686 3580 1838 3628 ditate
1853 3593 1910 3628 ac
1924 3585 2212 3647 subtilitate,
2235 3599 2383 3644 parva
2403 3584 2505 3631 scil.
2525 3588 2703 3637 reneni

1687 3648 2054 3717 portionqffilam
2078 3648 2310 3704 adhibita,
2330 3650 2388 3695 ad
2406 3653 2614 3697 eundem
2645 3654 2697 3698 fi-

1688 3722 1799 3756 nem
1837 3713 2133 3771 perveniant.
2197 3713 2428 3773 Tyndaris
2460 3714 2562 3773 illa,
2584 3716 2697 3777 ely-

1689 3772 1994 3834 taemnestra,
2026 3776 2260 3839 Tyndari,
2293 3779 2418 3840 regis
2451 3778 2708 3840 Spartani,

1689 3846 1738 3884 et
1762 3840 1904 3886 Ledoe
1930 3843 2042 3888 filia.
2085 3842 2317 3888 Inmlsam
2340 3842 2606 3905 etfiaeluam,
2624 3861 2704 3892 ru·

1691 3902 1801 3949 dem
1837 3911 1884 3950 et
1908 3906 2191 3960 inhabilem,
2215 3922 2368 3967 neque
2391 3908 2599 3966 mulieri,
2624 3924 2704 3955 ne-

1691 3980 1785 4027 que
1806 3969 1872 4014 rei
1897 3971 2013 4014 satis
2036 3979 2215 4030 aptam.
2252 3971 2346 4018 Sed
2363 3967 2706 4033 adjectivapo-

1693 4033 1789 4076 tius
1813 4045 1897 4090 pro
1918 4036 2155 4080 adverbiis
2179 4036 2350 4094 posita,
2368 4036 2442 4080 vel
2464 4039 2524 4082 ad
2547 4040 2705 4095 ipsam

1692 4095 2018 4154 Tyndaridem
2039 4100 2284 4146 reserenda
2307 4107 2438 4145 sunt.
2483 4101 2595 4148 659.
2614 4117 2706 4155 res,

1689 4162 1845 4219 caedes
1868 4163 2170 4209 maritorum.
2196 4165 2414 4224 sul-moue
2441 4166 2629 4220 rubeat,
2655 4182 2709 4216 v.

1688 4236 1795 4283 sup.
1817 4226 1876 4269 ad
1904 4224 1944 4272 I.
1969 4226 2048 4273 70.

1754 4290 1868 4335 660.
1889 4289 1927 4333 1.
1954 4291 2042 4338 Sed
2059 4299 2208 4336 tamen
2231 4292 2422 4355 ctfi’rro
2437 4308 2513 4339 res
2536 4308 2703 4354 agere-

1689 4357 1769 4398 tm·
1790 4368 1817 4399 a
1853 4354 1998 4401 Rom.
2030 4357 2333 4413 mulieribus,
2358 4360 2399 4404 si
2423 4360 2629 4404 maritus
2651 4374 2704 4406 se
2790 4372 2793 4375 ’
