<?xml version="1.0" encoding="UTF-8"?>
<!DOCTYPE html PUBLIC "-//W3C//DTD XHTML 1.0 Transitional//EN"
    "http://www.w3.org/TR/xhtml1/DTD/xhtml1-transitional.dtd">
<html xmlns="http://www.w3.org/1999/xhtml" xml:lang="en" lang="en">
 <head>
  <title>
</title>
<meta http-equiv="Content-Type" content="text/html;charset=utf-8" />
  <meta name='ocr-system' content='tesseract 3.04.00' />
  <meta name='ocr-capabilities' content='ocr_page ocr_carea ocr_par ocr_line ocrx_word'/>
</head>
<body>
  <div class='ocr_page' id='page_1' title='image "./satiraexviadopt00juvegoog/satiraexviadopt00juvegoog_0391.png"; bbox 0 0 2978 4920; ppageno 0'>
   <div class='ocr_carea' id='block_1_1' title="bbox 566 278 694 352">
    <p class='ocr_par' dir='ltr' id='par_1_1' title="bbox 566 278 694 352">
     <span class='ocr_line' id='line_1_1' title="bbox 566 278 694 352; baseline -0.008 -10"><span class='ocrx_word' id='word_1_1' title='bbox 566 278 694 352; x_wconf 63' lang='lat'><strong>310</strong></span> 
     </span>
    </p>
   </div>
   <div class='ocr_carea' id='block_1_2' title="bbox 656 453 2261 541">
    <p class='ocr_par' dir='ltr' id='par_1_2' title="bbox 656 453 2261 541">
     <span class='ocr_line' id='line_1_2' title="bbox 656 453 2261 541; baseline -0.004 -17"><span class='ocrx_word' id='word_1_2' title='bbox 656 462 781 524; x_wconf 88' lang='lat' dir='ltr'><strong>Per</strong></span> <span class='ocrx_word' id='word_1_3' title='bbox 809 457 1079 525; x_wconf 80' lang='lat' dir='ltr'><strong>calamos</strong></span> <span class='ocrx_word' id='word_1_4' title='bbox 1109 455 1441 521; x_wconf 74' lang='lat' dir='ltr'><strong>venatricis</strong></span> <span class='ocrx_word' id='word_1_5' title='bbox 1468 454 1962 541; x_wconf 79' lang='lat' dir='ltr'><strong>pharetramque</strong></span> <span class='ocrx_word' id='word_1_6' title='bbox 1994 453 2261 532; x_wconf 86' lang='lat' dir='ltr'><strong>Puellae,</strong></span> 
     </span>
    </p>
   </div>
   <div class='ocr_carea' id='block_1_3' title="bbox 1273 267 1943 335">
    <p class='ocr_par' dir='ltr' id='par_1_3' title="bbox 1273 267 1943 335">
     <span class='ocr_line' id='line_1_3' title="bbox 1273 267 1943 335; baseline 0.003 -2"><span class='ocrx_word' id='word_1_7' title='bbox 1273 267 1943 335; x_wconf 85' lang='lat' dir='ltr'><strong>JUVENALIS</strong></span> 
     </span>
    </p>
   </div>
   <div class='ocr_carea' id='block_1_4' title="bbox 654 557 2469 950">
    <p class='ocr_par' dir='ltr' id='par_1_4' title="bbox 654 557 2398 852">
     <span class='ocr_line' id='line_1_4' title="bbox 655 557 2398 650; baseline -0.005 -21"><span class='ocrx_word' id='word_1_8' title='bbox 655 564 908 650; x_wconf 78' lang='lat' dir='ltr'>Perque</span> <span class='ocrx_word' id='word_1_9' title='bbox 937 575 1147 639; x_wconf 89' lang='lat' dir='ltr'><strong>tuum,</strong></span> <span class='ocrx_word' id='word_1_10' title='bbox 1179 572 1362 649; x_wconf 88' lang='lat' dir='ltr'><strong>pater</strong></span> <span class='ocrx_word' id='word_1_11' title='bbox 1391 560 1630 646; x_wconf 83' lang='lat' dir='ltr'><strong>AEgaei,</strong></span> <span class='ocrx_word' id='word_1_12' title='bbox 1663 560 1987 645; x_wconf 87' lang='lat' dir='ltr'><strong>Neptune,</strong></span> <span class='ocrx_word' id='word_1_13' title='bbox 2021 557 2398 624; x_wconf 81' lang='lat' dir='ltr'><strong>tridentem:</strong></span> 
     </span>
     <span class='ocr_line' id='line_1_5' title="bbox 654 658 2332 746; baseline -0.004 -15"><span class='ocrx_word' id='word_1_14' title='bbox 654 665 865 730; x_wconf 86' lang='lat' dir='ltr'><strong>Addit</strong></span> <span class='ocrx_word' id='word_1_15' title='bbox 895 678 957 729; x_wconf 92' lang='lat' dir='ltr'><strong>et</strong></span> <span class='ocrx_word' id='word_1_16' title='bbox 991 662 1344 726; x_wconf 90' lang='lat' dir='ltr'><strong>Herculeos</strong></span> <span class='ocrx_word' id='word_1_17' title='bbox 1372 684 1557 725; x_wconf 84' lang='lat' dir='ltr'><strong>arcus</strong></span> <span class='ocrx_word' id='word_1_18' title='bbox 1586 660 1964 746; x_wconf 78' lang='lat' dir='ltr'><strong>hastamque</strong></span> <span class='ocrx_word' id='word_1_19' title='bbox 1998 658 2332 738; x_wconf 75' lang='lat' dir='ltr'><strong>Minervae,</strong></span> 
     </span>
     <span class='ocr_line' id='line_1_6' title="bbox 654 762 2274 852; baseline -0.004 -22"><span class='ocrx_word' id='word_1_20' title='bbox 654 764 991 852; x_wconf 84' lang='lat' dir='ltr'><strong>Quidquid</strong></span> <span class='ocrx_word' id='word_1_21' title='bbox 1021 764 1258 829; x_wconf 85' lang='lat' dir='ltr'><strong>habent</strong></span> <span class='ocrx_word' id='word_1_22' title='bbox 1292 762 1563 827; x_wconf 89' lang='lat' dir='ltr'><strong>telorum</strong></span> <span class='ocrx_word' id='word_1_23' title='bbox 1595 762 2084 828; x_wconf 85' lang='lat' dir='ltr'><strong>armamentaria</strong></span> <span class='ocrx_word' id='word_1_24' title='bbox 2112 762 2274 825; x_wconf 89' lang='lat' dir='ltr'><strong>coeli.</strong></span> 
     </span>
    </p>

    <p class='ocr_par' dir='ltr' id='par_1_5' title="bbox 656 860 2469 950">
     <span class='ocr_line' id='line_1_7' title="bbox 656 860 2469 950; baseline -0.003 -20"><span class='ocrx_word' id='word_1_25' title='bbox 656 867 724 930; x_wconf 90' lang='lat' dir='ltr'><strong>Si</strong></span> <span class='ocrx_word' id='word_1_26' title='bbox 754 889 904 930; x_wconf 90' lang='lat' dir='ltr'><strong>vero</strong></span> <span class='ocrx_word' id='word_1_27' title='bbox 935 877 997 930; x_wconf 91' lang='lat' dir='ltr'><strong>et</strong></span> <span class='ocrx_word' id='word_1_28' title='bbox 1027 877 1208 950; x_wconf 88' lang='lat' dir='ltr'><strong>pater</strong></span> <span class='ocrx_word' id='word_1_29' title='bbox 1237 876 1372 936; x_wconf 86' lang='lat' dir='ltr'><strong>est;</strong></span> <span class='ocrx_word' id='word_1_30' title='bbox 1426 861 1795 940; x_wconf 88' lang='lat' dir='ltr'><strong>Comedam,</strong></span> <span class='ocrx_word' id='word_1_31' title='bbox 1827 861 2059 947; x_wconf 86' lang='lat' dir='ltr'><strong>inquit,</strong></span> <span class='ocrx_word' id='word_1_32' title='bbox 2094 860 2302 926; x_wconf 86' lang='lat' dir='ltr'><strong>flebile</strong></span> <span class='ocrx_word' id='word_1_33' title='bbox 2332 863 2469 926; x_wconf 85' lang='lat' dir='ltr'><strong>nati</strong></span> 
     </span>
    </p>
   </div>
   <div class='ocr_carea' id='block_1_5' title="bbox 661 962 2122 1052">
    <p class='ocr_par' dir='ltr' id='par_1_6' title="bbox 661 962 2122 1052">
     <span class='ocr_line' id='line_1_8' title="bbox 661 962 2122 1052; baseline -0.003 -23"><span class='ocrx_word' id='word_1_34' title='bbox 661 965 953 1052; x_wconf 88' lang='lat' dir='ltr'><strong>Sinciput</strong></span> <span class='ocrx_word' id='word_1_35' title='bbox 984 964 1155 1041; x_wconf 85' lang='lat' dir='ltr'><strong>elixi,</strong></span> <span class='ocrx_word' id='word_1_36' title='bbox 1193 962 1554 1049; x_wconf 79' lang='lat' dir='ltr'><strong>Pharioque</strong></span> <span class='ocrx_word' id='word_1_37' title='bbox 1586 962 1896 1027; x_wconf 86' lang='lat' dir='ltr'><strong>madentis</strong></span> <span class='ocrx_word' id='word_1_38' title='bbox 1925 973 2122 1026; x_wconf 87' lang='lat' dir='ltr'><strong>aceto.</strong></span> 
     </span>
    </p>
   </div>
   <div class='ocr_carea' id='block_1_6' title="bbox 2583 965 2667 1025">
    <p class='ocr_par' dir='ltr' id='par_1_7' title="bbox 2583 965 2667 1025">
     <span class='ocr_line' id='line_1_9' title="bbox 2583 965 2667 1025; baseline 0 0"><span class='ocrx_word' id='word_1_39' title='bbox 2583 965 2667 1025; x_wconf 87' lang='grc'><strong>85</strong></span> 
     </span>
    </p>
   </div>
   <div class='ocr_carea' id='block_1_7' title="bbox 658 1063 2418 1456">
    <p class='ocr_par' dir='ltr' id='par_1_8' title="bbox 660 1063 2331 1339">
     <span class='ocr_line' id='line_1_10' title="bbox 751 1063 2331 1150; baseline -0.001 -20"><span class='ocrx_word' id='word_1_40' title='bbox 751 1068 937 1140; x_wconf 90' lang='lat' dir='ltr'><strong>Sunt,</strong></span> <span class='ocrx_word' id='word_1_41' title='bbox 970 1065 1037 1130; x_wconf 91' lang='lat' dir='ltr'><strong>in</strong></span> <span class='ocrx_word' id='word_1_42' title='bbox 1069 1067 1372 1130; x_wconf 85' lang='lat' dir='ltr'><strong>Fortunae</strong></span> <span class='ocrx_word' id='word_1_43' title='bbox 1401 1064 1519 1150; x_wconf 90' lang='lat' dir='ltr'><strong>qui</strong></span> <span class='ocrx_word' id='word_1_44' title='bbox 1548 1063 1801 1128; x_wconf 82' lang='lat' dir='ltr'><strong>casibus</strong></span> <span class='ocrx_word' id='word_1_45' title='bbox 1829 1063 2042 1127; x_wconf 89' lang='lat' dir='ltr'><strong>omnia</strong></span> <span class='ocrx_word' id='word_1_46' title='bbox 2069 1077 2331 1148; x_wconf 88' lang='lat' dir='ltr'><strong>ponant,</strong></span> 
     </span>
     <span class='ocr_line' id='line_1_11' title="bbox 662 1163 2155 1241; baseline -0.002 -10"><span class='ocrx_word' id='word_1_47' title='bbox 662 1169 757 1231; x_wconf 89' lang='lat' dir='ltr'><strong>Et</strong></span> <span class='ocrx_word' id='word_1_48' title='bbox 789 1166 964 1232; x_wconf 92' lang='lat' dir='ltr'><strong>nullo</strong></span> <span class='ocrx_word' id='word_1_49' title='bbox 994 1166 1253 1231; x_wconf 89' lang='lat' dir='ltr'><strong>credant</strong></span> <span class='ocrx_word' id='word_1_50' title='bbox 1283 1165 1595 1229; x_wconf 89' lang='lat' dir='ltr'><strong>mundum</strong></span> <span class='ocrx_word' id='word_1_51' title='bbox 1627 1175 1868 1228; x_wconf 88' lang='lat' dir='ltr'><strong>rectore</strong></span> <span class='ocrx_word' id='word_1_52' title='bbox 1897 1163 2155 1241; x_wconf 87' lang='lat' dir='ltr'><strong>moveri,</strong></span> 
     </span>
     <span class='ocr_line' id='line_1_12' title="bbox 660 1265 2026 1339; baseline -0.003 -6"><span class='ocrx_word' id='word_1_53' title='bbox 660 1271 910 1335; x_wconf 85' lang='lat' dir='ltr'><strong>Natura</strong></span> <span class='ocrx_word' id='word_1_54' title='bbox 940 1265 1231 1333; x_wconf 79' lang='lat' dir='ltr'><strong>volvente</strong></span> <span class='ocrx_word' id='word_1_55' title='bbox 1262 1267 1428 1331; x_wconf 87' lang='lat' dir='ltr'><strong>vices</strong></span> <span class='ocrx_word' id='word_1_56' title='bbox 1457 1278 1521 1331; x_wconf 91' lang='lat' dir='ltr'><strong>et</strong></span> <span class='ocrx_word' id='word_1_57' title='bbox 1551 1266 1712 1331; x_wconf 90' lang='lat' dir='ltr'><strong>lucis</strong></span> <span class='ocrx_word' id='word_1_58' title='bbox 1741 1278 1803 1331; x_wconf 91' lang='lat' dir='ltr'><strong>et</strong></span> <span class='ocrx_word' id='word_1_59' title='bbox 1835 1266 1983 1330; x_wconf 85' lang='lat' dir='ltr'><strong>anni</strong></span> <span class='ocrx_word' id='word_1_60' title='bbox 2007 1292 2026 1339; x_wconf 87' lang='lat'>;</span> 
     </span>
    </p>

    <p class='ocr_par' dir='ltr' id='par_1_9' title="bbox 658 1366 2418 1456">
     <span class='ocr_line' id='line_1_13' title="bbox 658 1366 2418 1456; baseline -0.002 -22"><span class='ocrx_word' id='word_1_61' title='bbox 658 1371 882 1456; x_wconf 90' lang='lat' dir='ltr'><strong>Atque</strong></span> <span class='ocrx_word' id='word_1_62' title='bbox 911 1369 1056 1433; x_wconf 91' lang='lat' dir='ltr'><strong>ideo</strong></span> <span class='ocrx_word' id='word_1_63' title='bbox 1084 1368 1383 1455; x_wconf 86' lang='lat' dir='ltr'><strong>intrepidi</strong></span> <span class='ocrx_word' id='word_1_64' title='bbox 1415 1390 1839 1454; x_wconf 87' lang='lat' dir='ltr'><strong>quaecumque</strong></span> <span class='ocrx_word' id='word_1_65' title='bbox 1870 1366 2095 1431; x_wconf 86' lang='lat' dir='ltr'><strong>altaria</strong></span> <span class='ocrx_word' id='word_1_66' title='bbox 2123 1379 2418 1452; x_wconf 88' lang='lat' dir='ltr'><strong>tangunt.</strong></span> 
     </span>
    </p>
   </div>
   <div class='ocr_carea' id='block_1_8' title="bbox 652 1467 2267 1554">
    <p class='ocr_par' dir='ltr' id='par_1_10' title="bbox 652 1467 2267 1554">
     <span class='ocr_line' id='line_1_14' title="bbox 652 1467 2267 1554; baseline -0.002 -20"><span class='ocrx_word' id='word_1_67' title='bbox 652 1472 774 1534; x_wconf 89' lang='lat' dir='ltr'><strong>Est</strong></span> <span class='ocrx_word' id='word_1_68' title='bbox 804 1470 987 1547; x_wconf 79' lang='lat' dir='ltr'><strong>aliuS,</strong></span> <span class='ocrx_word' id='word_1_69' title='bbox 1019 1480 1306 1534; x_wconf 88' lang='lat' dir='ltr'><strong>metuens</strong></span> <span class='ocrx_word' id='word_1_70' title='bbox 1334 1491 1413 1533; x_wconf 92' lang='lat' dir='ltr'><strong>ne</strong></span> <span class='ocrx_word' id='word_1_71' title='bbox 1442 1467 1680 1531; x_wconf 85' lang='lat' dir='ltr'><strong>crimen</strong></span> <span class='ocrx_word' id='word_1_72' title='bbox 1707 1489 1898 1554; x_wconf 87' lang='lat' dir='ltr'><strong>poena</strong></span> <span class='ocrx_word' id='word_1_73' title='bbox 1926 1480 2267 1552; x_wconf 87' lang='lat' dir='ltr'><strong>sequatur:</strong></span> 
     </span>
    </p>
   </div>
   <div class='ocr_carea' id='block_1_9' title="bbox 2527 1471 2658 1538">
    <p class='ocr_par' dir='ltr' id='par_1_11' title="bbox 2527 1471 2658 1538">
     <span class='ocr_line' id='line_1_15' title="bbox 2527 1471 2658 1538; baseline 0 0"><span class='ocrx_word' id='word_1_74' title='bbox 2527 1529 2530 1534; x_wconf 96' lang='lat'><strong>.</strong></span> <span class='ocrx_word' id='word_1_75' title='bbox 2575 1471 2658 1538; x_wconf 87' lang='grc'><strong>90</strong></span> 
     </span>
    </p>
   </div>
   <div class='ocr_carea' id='block_1_10' title="bbox 649 1567 2450 1957">
    <p class='ocr_par' dir='ltr' id='par_1_12' title="bbox 649 1567 2382 1848">
     <span class='ocr_line' id='line_1_16' title="bbox 649 1567 2382 1658; baseline -0.002 -23"><span class='ocrx_word' id='word_1_76' title='bbox 649 1572 782 1634; x_wconf 94' lang='lat' dir='ltr'><strong>Hic</strong></span> <span class='ocrx_word' id='word_1_77' title='bbox 810 1582 999 1658; x_wconf 89' lang='lat' dir='ltr'><strong>putat</strong></span> <span class='ocrx_word' id='word_1_78' title='bbox 1028 1592 1159 1633; x_wconf 90' lang='lat' dir='ltr'><strong>esse</strong></span> <span class='ocrx_word' id='word_1_79' title='bbox 1189 1569 1361 1632; x_wconf 90' lang='lat' dir='ltr'><strong>Deos</strong></span> <span class='ocrx_word' id='word_1_80' title='bbox 1392 1580 1460 1633; x_wconf 89' lang='lat' dir='ltr'><strong>et</strong></span> <span class='ocrx_word' id='word_1_81' title='bbox 1489 1568 1755 1654; x_wconf 87' lang='lat' dir='ltr'><strong>pejerat,</strong></span> <span class='ocrx_word' id='word_1_82' title='bbox 1786 1578 1981 1653; x_wconf 86' lang='lat' dir='ltr'><strong>atque</strong></span> <span class='ocrx_word' id='word_1_83' title='bbox 2010 1567 2104 1630; x_wconf 85' lang='lat' dir='ltr'><strong>ita</strong></span> <span class='ocrx_word' id='word_1_84' title='bbox 2130 1590 2382 1634; x_wconf 85' lang='lat' dir='ltr'><strong>secum:</strong></span> 
     </span>
     <span class='ocr_line' id='line_1_17' title="bbox 655 1668 2357 1757; baseline -0.002 -21"><span class='ocrx_word' id='word_1_85' title='bbox 655 1674 996 1750; x_wconf 88' lang='lat' dir='ltr'><strong>Decernat,</strong></span> <span class='ocrx_word' id='word_1_86' title='bbox 1029 1669 1481 1757; x_wconf 89' lang='lat' dir='ltr'><strong>quodcumque</strong></span> <span class='ocrx_word' id='word_1_87' title='bbox 1510 1668 1705 1747; x_wconf 89' lang='lat' dir='ltr'><strong>volet,</strong></span> <span class='ocrx_word' id='word_1_88' title='bbox 1736 1668 1817 1732; x_wconf 91' lang='lat' dir='ltr'><strong>de</strong></span> <span class='ocrx_word' id='word_1_89' title='bbox 1846 1691 2108 1756; x_wconf 90' lang='lat' dir='ltr'><strong>corpore</strong></span> <span class='ocrx_word' id='word_1_90' title='bbox 2138 1682 2357 1735; x_wconf 90' lang='lat' dir='ltr'><strong>nostro</strong></span> 
     </span>
     <span class='ocr_line' id='line_1_18' title="bbox 657 1767 1988 1848; baseline -0.004 -11"><span class='ocrx_word' id='word_1_91' title='bbox 657 1773 804 1848; x_wconf 85' lang='lat' dir='ltr'><strong>Isis,</strong></span> <span class='ocrx_word' id='word_1_92' title='bbox 834 1784 899 1837; x_wconf 89' lang='lat' dir='ltr'><strong>et</strong></span> <span class='ocrx_word' id='word_1_93' title='bbox 929 1773 1094 1837; x_wconf 88' lang='lat' dir='ltr'><strong>irato</strong></span> <span class='ocrx_word' id='word_1_94' title='bbox 1123 1770 1311 1835; x_wconf 88' lang='lat' dir='ltr'><strong>feriat</strong></span> <span class='ocrx_word' id='word_1_95' title='bbox 1340 1793 1481 1836; x_wconf 91' lang='lat' dir='ltr'><strong>mea</strong></span> <span class='ocrx_word' id='word_1_96' title='bbox 1509 1769 1752 1834; x_wconf 84' lang='lat' dir='ltr'><strong>lumina</strong></span> <span class='ocrx_word' id='word_1_97' title='bbox 1781 1767 1988 1846; x_wconf 87' lang='lat' dir='ltr'><strong>sistro,</strong></span> 
     </span>
    </p>

    <p class='ocr_par' dir='ltr' id='par_1_13' title="bbox 650 1871 2450 1957">
     <span class='ocr_line' id='line_1_19' title="bbox 650 1871 2450 1957; baseline -0.002 -19"><span class='ocrx_word' id='word_1_98' title='bbox 650 1873 1018 1939; x_wconf 91' lang='lat' dir='ltr'><strong>Dummodo</strong></span> <span class='ocrx_word' id='word_1_99' title='bbox 1051 1873 1148 1936; x_wconf 89' lang='lat' dir='ltr'><strong>vel</strong></span> <span class='ocrx_word' id='word_1_100' title='bbox 1178 1895 1383 1937; x_wconf 83' lang='lat' dir='ltr'><strong>caecus</strong></span> <span class='ocrx_word' id='word_1_101' title='bbox 1414 1884 1683 1949; x_wconf 88' lang='lat' dir='ltr'><strong>teneam,</strong></span> <span class='ocrx_word' id='word_1_102' title='bbox 1715 1893 1876 1956; x_wconf 89' lang='lat' dir='ltr'><strong>quos</strong></span> <span class='ocrx_word' id='word_1_103' title='bbox 1905 1871 2174 1957; x_wconf 85' lang='lat' dir='ltr'><strong>abnego,</strong></span> <span class='ocrx_word' id='word_1_104' title='bbox 2205 1895 2450 1937; x_wconf 88' lang='lat' dir='ltr'><strong>numos.</strong></span> 
     </span>
    </p>
   </div>
   <div class='ocr_carea' id='block_1_11' title="bbox 557 2042 1597 4349">
    <p class='ocr_par' dir='ltr' id='par_1_14' title="bbox 561 2042 1579 2165">
     <span class='ocr_line' id='line_1_20' title="bbox 561 2042 1579 2117; baseline -0.001 -25"><span class='ocrx_word' id='word_1_105' title='bbox 561 2042 675 2093; x_wconf 88' lang='lat' dir='ltr'><strong>inde</strong></span> <span class='ocrx_word' id='word_1_106' title='bbox 693 2058 777 2108; x_wconf 85' lang='lat' dir='ltr'><strong>pro</strong></span> <span class='ocrx_word' id='word_1_107' title='bbox 796 2043 911 2107; x_wconf 86' lang='lat' dir='ltr'><strong>ipsis</strong></span> <span class='ocrx_word' id='word_1_108' title='bbox 930 2042 1133 2117; x_wconf 78' lang='lat' dir='ltr'><strong>Delphis</strong></span> <span class='ocrx_word' id='word_1_109' title='bbox 1156 2042 1358 2117; x_wconf 85' lang='lat' dir='ltr'><strong>ponitur.</strong></span> <span class='ocrx_word' id='word_1_110' title='bbox 1411 2044 1472 2092; x_wconf 87' lang='lat' dir='ltr'><strong>Ei</strong></span> <span class='ocrx_word' id='word_1_111' title='bbox 1491 2046 1579 2106; x_wconf 66' lang='lat' dir='ltr'><strong>spi-</strong></span> 
     </span>
     <span class='ocr_line' id='line_1_21' title="bbox 562 2107 1525 2165; baseline 0 -9"><span class='ocrx_word' id='word_1_112' title='bbox 562 2109 668 2156; x_wconf 77' lang='lat' dir='ltr'><strong>cula</strong></span> <span class='ocrx_word' id='word_1_113' title='bbox 689 2117 739 2155; x_wconf 93' lang='lat' dir='ltr'><strong>et</strong></span> <span class='ocrx_word' id='word_1_114' title='bbox 758 2122 917 2155; x_wconf 87' lang='lat' dir='ltr'><strong>arcum</strong></span> <span class='ocrx_word' id='word_1_115' title='bbox 938 2108 1057 2165; x_wconf 76' lang='lat' dir='ltr'><strong>dari,</strong></span> <span class='ocrx_word' id='word_1_116' title='bbox 1079 2107 1321 2156; x_wconf 78' lang='lat' dir='ltr'><strong>notissima</strong></span> <span class='ocrx_word' id='word_1_117' title='bbox 1341 2124 1415 2156; x_wconf 89' lang='lat' dir='ltr'><strong>res</strong></span> <span class='ocrx_word' id='word_1_118' title='bbox 1436 2117 1525 2156; x_wconf 67' lang='lat' dir='ltr'><strong>est.</strong></span> 
     </span>
    </p>

    <p class='ocr_par' dir='ltr' id='par_1_15' title="bbox 562 2172 1578 2304">
     <span class='ocr_line' id='line_1_22' title="bbox 630 2172 1578 2236; baseline 0 -16"><span class='ocrx_word' id='word_1_119' title='bbox 630 2174 710 2220; x_wconf 92' lang='lat'><strong>80.</strong></span> <span class='ocrx_word' id='word_1_120' title='bbox 734 2174 938 2228; x_wconf 76' lang='lat' dir='ltr'><strong>calamos,</strong></span> <span class='ocrx_word' id='word_1_121' title='bbox 971 2173 1181 2236; x_wconf 78' lang='lat' dir='ltr'><strong>sagittas.</strong></span> <span class='ocrx_word' id='word_1_122' title='bbox 1249 2172 1413 2221; x_wconf 77' lang='lat' dir='ltr'><strong>Puella</strong></span> <span class='ocrx_word' id='word_1_123' title='bbox 1444 2189 1578 2222; x_wconf 78' lang='lat' dir='ltr'><strong>vena·</strong></span> 
     </span>
     <span class='ocr_line' id='line_1_23' title="bbox 562 2236 1224 2304; baseline 0.002 -21"><span class='ocrx_word' id='word_1_124' title='bbox 562 2237 651 2284; x_wconf 70' lang='lat' dir='ltr'><strong>trix</strong></span> <span class='ocrx_word' id='word_1_125' title='bbox 671 2244 742 2284; x_wconf 82' lang='lat' dir='ltr'><strong>est</strong></span> <span class='ocrx_word' id='word_1_126' title='bbox 750 2236 963 2303; x_wconf 61' lang='lat' dir='ltr'><strong>&#39;&#39;Aga-uus</strong></span> <span class='ocrx_word' id='word_1_127' title='bbox 985 2236 1224 2304; x_wconf 59' lang='lat' dir='ltr'><strong>hypo-iga.</strong></span> 
     </span>
    </p>

    <p class='ocr_par' dir='ltr' id='par_1_16' title="bbox 559 2300 1579 2880">
     <span class='ocr_line' id='line_1_24' title="bbox 626 2300 1578 2366; baseline 0.001 -18"><span class='ocrx_word' id='word_1_128' title='bbox 626 2301 707 2348; x_wconf 90' lang='lat' dir='ltr'><strong>8l.</strong></span> <span class='ocrx_word' id='word_1_129' title='bbox 730 2300 931 2358; x_wconf 77' lang='lat' dir='ltr'><strong>Tridem,</strong></span> <span class='ocrx_word' id='word_1_130' title='bbox 965 2301 1147 2365; x_wconf 86' lang='lat' dir='ltr'><strong>insigne</strong></span> <span class='ocrx_word' id='word_1_131' title='bbox 1181 2300 1413 2366; x_wconf 87' lang='lat' dir='ltr'><strong>Neptuni,</strong></span> <span class='ocrx_word' id='word_1_132' title='bbox 1449 2301 1578 2364; x_wconf 91' lang='lat' dir='ltr'><strong>quod</strong></span> 
     </span>
     <span class='ocr_line' id='line_1_25' title="bbox 561 2364 1577 2428; baseline 0.003 -17"><span class='ocrx_word' id='word_1_133' title='bbox 561 2372 724 2413; x_wconf 84' lang='lat' dir='ltr'><strong>tamen</strong></span> <span class='ocrx_word' id='word_1_134' title='bbox 743 2374 792 2413; x_wconf 89' lang='lat' dir='ltr'><strong>et</strong></span> <span class='ocrx_word' id='word_1_135' title='bbox 811 2366 970 2414; x_wconf 81' lang='lat' dir='ltr'><strong>Nereo</strong></span> <span class='ocrx_word' id='word_1_136' title='bbox 1003 2367 1217 2414; x_wconf 83' lang='lat' dir='ltr'><strong>tribuitur</strong></span> <span class='ocrx_word' id='word_1_137' title='bbox 1250 2381 1280 2414; x_wconf 88' lang='lat' dir='ltr'><strong>a</strong></span> <span class='ocrx_word' id='word_1_138' title='bbox 1302 2364 1436 2428; x_wconf 86' lang='lat' dir='ltr'><strong>Virg.</strong></span> <span class='ocrx_word' id='word_1_139' title='bbox 1458 2366 1577 2414; x_wconf 88' lang='lat' dir='ltr'><strong>AEn.</strong></span> 
     </span>
     <span class='ocr_line' id='line_1_26' title="bbox 562 2429 1579 2492; baseline 0 -14"><span class='ocrx_word' id='word_1_140' title='bbox 562 2429 636 2478; x_wconf 92' lang='lat'><strong>11.</strong></span> <span class='ocrx_word' id='word_1_141' title='bbox 658 2431 771 2479; x_wconf 88' lang='lat'><strong>418.</strong></span> <span class='ocrx_word' id='word_1_142' title='bbox 841 2430 1082 2492; x_wconf 68' lang='lat' dir='ltr'><strong>Neptunus</strong></span> <span class='ocrx_word' id='word_1_143' title='bbox 1100 2431 1236 2480; x_wconf 82' lang='lat' dir='ltr'><strong>docte</strong></span> <span class='ocrx_word' id='word_1_144' title='bbox 1258 2429 1430 2478; x_wconf 86' lang='lat' dir='ltr'><strong>dicitur</strong></span> <span class='ocrx_word' id='word_1_145' title='bbox 1449 2440 1579 2491; x_wconf 79' lang='lat' dir='ltr'><strong>puter</strong></span> 
     </span>
     <span class='ocr_line' id='line_1_27' title="bbox 562 2494 1575 2560; baseline 0.002 -19"><span class='ocrx_word' id='word_1_146' title='bbox 562 2494 716 2558; x_wconf 75' lang='lat' dir='ltr'><strong>AEgaei</strong></span> <span class='ocrx_word' id='word_1_147' title='bbox 735 2510 802 2544; x_wconf 88' lang='lat' dir='ltr'><strong>sc.</strong></span> <span class='ocrx_word' id='word_1_148' title='bbox 826 2495 981 2550; x_wconf 86' lang='lat' dir='ltr'><strong>maris,</strong></span> <span class='ocrx_word' id='word_1_149' title='bbox 1002 2496 1081 2557; x_wconf 88' lang='lat' dir='ltr'><strong>(ut</strong></span> <span class='ocrx_word' id='word_1_150' title='bbox 1101 2511 1179 2560; x_wconf 83' lang='lat' dir='ltr'><strong>ap.</strong></span> <span class='ocrx_word' id='word_1_151' title='bbox 1196 2496 1366 2543; x_wconf 85' lang='lat' dir='ltr'><strong>Horat.</strong></span> <span class='ocrx_word' id='word_1_152' title='bbox 1387 2494 1484 2543; x_wconf 92' lang='lat' dir='ltr'><strong>Od.</strong></span> <span class='ocrx_word' id='word_1_153' title='bbox 1503 2495 1575 2543; x_wconf 95' lang='lat' dir='ltr'><strong>II.</strong></span> 
     </span>
     <span class='ocr_line' id='line_1_28' title="bbox 568 2559 1572 2624; baseline 0.002 -18"><span class='ocrx_word' id='word_1_154' title='bbox 568 2559 645 2606; x_wconf 88' lang='lat'><strong>16.</strong></span> <span class='ocrx_word' id='word_1_155' title='bbox 676 2561 725 2607; x_wconf 88' lang='lat'><strong>2.</strong></span> <span class='ocrx_word' id='word_1_156' title='bbox 758 2566 806 2607; x_wconf 88' lang='lat' dir='ltr'><strong>et</strong></span> <span class='ocrx_word' id='word_1_157' title='bbox 828 2559 959 2624; x_wconf 83' lang='lat' dir='ltr'><strong>Virg.</strong></span> <span class='ocrx_word' id='word_1_158' title='bbox 982 2561 1099 2608; x_wconf 84' lang='lat' dir='ltr'><strong>AEn.</strong></span> <span class='ocrx_word' id='word_1_159' title='bbox 1130 2559 1249 2607; x_wconf 87' lang='lat' dir='ltr'>XII.</span> <span class='ocrx_word' id='word_1_160' title='bbox 1285 2559 1425 2619; x_wconf 85' lang='lat'><strong>366.)</strong></span> <span class='ocrx_word' id='word_1_161' title='bbox 1458 2575 1572 2624; x_wconf 80' lang='lat' dir='ltr'><strong>quo·</strong></span> 
     </span>
     <span class='ocr_line' id='line_1_29' title="bbox 564 2622 1574 2690; baseline 0.001 -20"><span class='ocrx_word' id='word_1_162' title='bbox 564 2622 691 2675; x_wconf 81' lang='lat' dir='ltr'><strong>niam</strong></span> <span class='ocrx_word' id='word_1_163' title='bbox 721 2622 772 2671; x_wconf 87' lang='lat' dir='ltr'><strong>in</strong></span> <span class='ocrx_word' id='word_1_164' title='bbox 805 2639 861 2672; x_wconf 91' lang='lat' dir='ltr'><strong>eo</strong></span> <span class='ocrx_word' id='word_1_165' title='bbox 891 2624 1131 2690; x_wconf 81' lang='lat' dir='ltr'><strong>praecipua</strong></span> <span class='ocrx_word' id='word_1_166' title='bbox 1160 2623 1288 2672; x_wconf 89' lang='lat' dir='ltr'><strong>illius</strong></span> <span class='ocrx_word' id='word_1_167' title='bbox 1320 2622 1457 2671; x_wconf 82' lang='lat' dir='ltr'><strong>sedes</strong></span> <span class='ocrx_word' id='word_1_168' title='bbox 1486 2632 1574 2680; x_wconf 71' lang='lat' dir='ltr'><strong>est,</strong></span> 
     </span>
     <span class='ocr_line' id='line_1_30' title="bbox 561 2687 1574 2753; baseline 0.002 -20"><span class='ocrx_word' id='word_1_169' title='bbox 561 2687 687 2735; x_wconf 89' lang='lat' dir='ltr'><strong>unde</strong></span> <span class='ocrx_word' id='word_1_170' title='bbox 706 2695 754 2735; x_wconf 85' lang='lat' dir='ltr'><strong>et</strong></span> <span class='ocrx_word' id='word_1_171' title='bbox 774 2687 875 2752; x_wconf 82' lang='lat' dir='ltr'><strong>ipse</strong></span> <span class='ocrx_word' id='word_1_172' title='bbox 895 2690 1075 2752; x_wconf 69' lang='lat' dir='ltr'><strong>AEgoeus</strong></span> <span class='ocrx_word' id='word_1_173' title='bbox 1102 2696 1312 2737; x_wconf 85' lang='lat' dir='ltr'><strong>vocatur.</strong></span> <span class='ocrx_word' id='word_1_174' title='bbox 1333 2704 1381 2737; x_wconf 86' lang='lat' dir='ltr'><strong>v.</strong></span> <span class='ocrx_word' id='word_1_175' title='bbox 1413 2688 1574 2753; x_wconf 90' lang='lat' dir='ltr'><strong>Intpp.</strong></span> 
     </span>
     <span class='ocr_line' id='line_1_31' title="bbox 561 2750 1576 2813; baseline 0.001 -14"><span class='ocrx_word' id='word_1_176' title='bbox 561 2750 696 2813; x_wconf 81' lang='lat' dir='ltr'><strong>Virg.</strong></span> <span class='ocrx_word' id='word_1_177' title='bbox 716 2752 833 2799; x_wconf 88' lang='lat' dir='ltr'><strong>AEn.</strong></span> <span class='ocrx_word' id='word_1_178' title='bbox 857 2753 1060 2801; x_wconf 75' lang='lat'><strong>111..74.</strong></span> <span class='ocrx_word' id='word_1_179' title='bbox 1084 2752 1184 2800; x_wconf 90' lang='lat' dir='ltr'><strong>Cur</strong></span> <span class='ocrx_word' id='word_1_180' title='bbox 1202 2767 1309 2800; x_wconf 86' lang='lat' dir='ltr'><strong>vero</strong></span> <span class='ocrx_word' id='word_1_181' title='bbox 1328 2760 1457 2812; x_wconf 80' lang='lat' dir='ltr'><strong>pater</strong></span> <span class='ocrx_word' id='word_1_182' title='bbox 1472 2768 1576 2800; x_wconf 86' lang='lat' dir='ltr'><strong>ma·</strong></span> 
     </span>
     <span class='ocr_line' id='line_1_32' title="bbox 559 2812 1448 2880; baseline 0.003 -19"><span class='ocrx_word' id='word_1_183' title='bbox 559 2812 622 2863; x_wconf 77' lang='lat' dir='ltr'><strong>ris</strong></span> <span class='ocrx_word' id='word_1_184' title='bbox 644 2815 919 2880; x_wconf 86' lang='lat' dir='ltr'><strong>adpelletur,</strong></span> <span class='ocrx_word' id='word_1_185' title='bbox 941 2833 988 2864; x_wconf 88' lang='lat' dir='ltr'><strong>v.</strong></span> <span class='ocrx_word' id='word_1_186' title='bbox 1010 2830 1114 2879; x_wconf 86' lang='lat' dir='ltr'><strong>sup.</strong></span> <span class='ocrx_word' id='word_1_187' title='bbox 1135 2815 1198 2863; x_wconf 83' lang='lat' dir='ltr'><strong>ad</strong></span> <span class='ocrx_word' id='word_1_188' title='bbox 1219 2815 1311 2864; x_wconf 90' lang='lat' dir='ltr'><strong>VI.</strong></span> <span class='ocrx_word' id='word_1_189' title='bbox 1334 2817 1448 2864; x_wconf 88' lang='grc'><strong>394.</strong></span> 
     </span>
    </p>

    <p class='ocr_par' dir='ltr' id='par_1_17' title="bbox 561 2878 1576 3050">
     <span class='ocr_line' id='line_1_33' title="bbox 629 2878 1575 2942; baseline 0.001 -16"><span class='ocrx_word' id='word_1_190' title='bbox 629 2880 708 2926; x_wconf 87' lang='grc'><strong>82.</strong></span> <span class='ocrx_word' id='word_1_191' title='bbox 734 2880 942 2928; x_wconf 74' lang='lat' dir='ltr'><strong>Herculis</strong></span> <span class='ocrx_word' id='word_1_192' title='bbox 961 2896 1094 2927; x_wconf 78' lang='lat' dir='ltr'><strong>arcus</strong></span> <span class='ocrx_word' id='word_1_193' title='bbox 1113 2889 1162 2927; x_wconf 85' lang='lat' dir='ltr'><strong>et</strong></span> <span class='ocrx_word' id='word_1_194' title='bbox 1186 2878 1369 2942; x_wconf 69' lang='lat' dir='ltr'><strong>sagitte</strong></span> <span class='ocrx_word' id='word_1_195' title='bbox 1392 2879 1575 2935; x_wconf 77' lang='lat' dir='ltr'><strong>fatales,</strong></span> 
     </span>
     <span class='ocr_line' id='line_1_34' title="bbox 561 2942 1576 3050; baseline 0.003 -60"><span class='ocrx_word' id='word_1_196' title='bbox 561 2956 617 3050; x_wconf 52' lang='lat' dir='ltr'><strong>pc</strong></span> <span class='ocrx_word' id='word_1_197' title='bbox 641 2942 895 2992; x_wconf 87' lang='lat' dir='ltr'><strong>Philocteti</strong></span> <span class='ocrx_word' id='word_1_198' title='bbox 914 2943 1038 2991; x_wconf 85' lang='lat' dir='ltr'><strong>dono</strong></span> <span class='ocrx_word' id='word_1_199' title='bbox 1070 2943 1212 2992; x_wconf 79' lang='lat' dir='ltr'><strong>datae.</strong></span> <span class='ocrx_word' id='word_1_200' title='bbox 1235 2960 1282 2992; x_wconf 85' lang='lat' dir='ltr'><strong>v.</strong></span> <span class='ocrx_word' id='word_1_201' title='bbox 1305 2942 1368 2993; x_wconf 90' lang='lat' dir='ltr'><strong>ad</strong></span> <span class='ocrx_word' id='word_1_202' title='bbox 1394 2943 1576 3008; x_wconf 83' lang='lat' dir='ltr'><strong>Hygini</strong></span> 
     </span>
    </p>

    <p class='ocr_par' dir='ltr' id='par_1_18' title="bbox 563 3070 1576 3180">
     <span class='ocr_line' id='line_1_35' title="bbox 602 3070 1576 3123; baseline 0.005 -8"><span class='ocrx_word' id='word_1_203' title='bbox 602 3112 609 3115; x_wconf 81' lang='grc'>,</span> <span class='ocrx_word' id='word_1_204' title='bbox 626 3070 707 3119; x_wconf 85' lang='grc'><strong>83.</strong></span> <span class='ocrx_word' id='word_1_205' title='bbox 740 3072 1098 3123; x_wconf 71' lang='lat' dir='ltr'><strong>Amammtaria</strong></span> <span class='ocrx_word' id='word_1_206' title='bbox 1118 3072 1216 3121; x_wconf 58' lang='lat' dir='ltr'><strong>cauli</strong></span> <span class='ocrx_word' id='word_1_207' title='bbox 1238 3073 1386 3122; x_wconf 82' lang='lat' dir='ltr'><strong>facete</strong></span> <span class='ocrx_word' id='word_1_208' title='bbox 1406 3071 1576 3120; x_wconf 89' lang='lat' dir='ltr'><strong>dicun·</strong></span> 
     </span>
     <span class='ocr_line' id='line_1_36' title="bbox 563 3138 657 3180; baseline 0.011 -2"><span class='ocrx_word' id='word_1_209' title='bbox 563 3138 657 3180; x_wconf 88' lang='lat' dir='ltr'><strong>tur.</strong></span> 
     </span>
    </p>

    <p class='ocr_par' dir='ltr' id='par_1_19' title="bbox 558 3196 1581 3371">
     <span class='ocr_line' id='line_1_37' title="bbox 604 3196 1577 3260; baseline 0.003 -15"><span class='ocrx_word' id='word_1_210' title='bbox 604 3196 710 3253; x_wconf 83' lang='lat'><strong>84.</strong></span> <span class='ocrx_word' id='word_1_211' title='bbox 733 3197 812 3246; x_wconf 87' lang='grc'><strong>85.</strong></span> <span class='ocrx_word' id='word_1_212' title='bbox 834 3198 946 3246; x_wconf 90' lang='lat' dir='ltr'><strong>Non</strong></span> <span class='ocrx_word' id='word_1_213' title='bbox 977 3206 1159 3247; x_wconf 84' lang='lat' dir='ltr'><strong>tantum</strong></span> <span class='ocrx_word' id='word_1_214' title='bbox 1179 3202 1361 3259; x_wconf 79' lang='lat' dir='ltr'><strong>jurabit</strong></span> <span class='ocrx_word' id='word_1_215' title='bbox 1391 3217 1470 3260; x_wconf 79' lang='lat' dir='ltr'><strong>per</strong></span> <span class='ocrx_word' id='word_1_216' title='bbox 1502 3217 1577 3248; x_wconf 80' lang='lat' dir='ltr'><strong>ca-</strong></span> 
     </span>
     <span class='ocr_line' id='line_1_38' title="bbox 558 3261 1581 3371; baseline 0.006 -64"><span class='ocrx_word' id='word_1_217' title='bbox 558 3271 647 3371; x_wconf 59' lang='lat' dir='ltr'><strong>put</strong></span> <span class='ocrx_word' id='word_1_218' title='bbox 662 3261 781 3335; x_wconf 67' lang='lat' dir='ltr'><strong>filii,</strong></span> <span class='ocrx_word' id='word_1_219' title='bbox 802 3270 857 3310; x_wconf 88' lang='lat' dir='ltr'><strong>ut</strong></span> <span class='ocrx_word' id='word_1_220' title='bbox 887 3263 1101 3310; x_wconf 87' lang='lat' dir='ltr'><strong>solebant</strong></span> <span class='ocrx_word' id='word_1_221' title='bbox 1133 3271 1303 3326; x_wconf 85' lang='lat' dir='ltr'><strong>patres,</strong></span> <span class='ocrx_word' id='word_1_222' title='bbox 1328 3264 1429 3318; x_wconf 86' lang='lat' dir='ltr'><strong>sed,</strong></span> <span class='ocrx_word' id='word_1_223' title='bbox 1452 3264 1581 3327; x_wconf 89' lang='lat' dir='ltr'><strong>quod</strong></span> 
     </span>
    </p>

    <p class='ocr_par' dir='ltr' id='par_1_20' title="bbox 557 3324 1597 4153">
     <span class='ocr_line' id='line_1_39' title="bbox 593 3324 1573 3392; baseline -0.001 -15"><span class='ocrx_word' id='word_1_224' title='bbox 593 3324 840 3382; x_wconf 76' lang='lat' dir='ltr'><strong>ombilius,</strong></span> <span class='ocrx_word' id='word_1_225' title='bbox 854 3342 925 3384; x_wconf 82' lang='lat' dir='ltr'><strong>se,</strong></span> <span class='ocrx_word' id='word_1_226' title='bbox 945 3327 1167 3391; x_wconf 73' lang='lat' dir='ltr'><strong>Th5estae</strong></span> <span class='ocrx_word' id='word_1_227' title='bbox 1184 3328 1417 3392; x_wconf 81' lang='lat' dir='ltr'><strong>exemplo,</strong></span> <span class='ocrx_word' id='word_1_228' title='bbox 1438 3344 1573 3376; x_wconf 88' lang='lat' dir='ltr'><strong>man·</strong></span> 
     </span>
     <span class='ocr_line' id='line_1_40' title="bbox 560 3388 1236 3455; baseline 0.006 -19"><span class='ocrx_word' id='word_1_229' title='bbox 560 3388 842 3440; x_wconf 85' lang='lat' dir='ltr'><strong>ducaturum</strong></span> <span class='ocrx_word' id='word_1_230' title='bbox 884 3390 968 3439; x_wconf 83' lang='lat' dir='ltr'><strong>lilii</strong></span> <span class='ocrx_word' id='word_1_231' title='bbox 1019 3390 1236 3455; x_wconf 80' lang='lat' dir='ltr'><strong>sinciput.</strong></span> 
     </span>
     <span class='ocr_line' id='line_1_41' title="bbox 560 3454 1572 3530; baseline 0.004 -29"><span class='ocrx_word' id='word_1_232' title='bbox 560 3454 662 3504; x_wconf 85' lang='lat' dir='ltr'><strong>scil.</strong></span> <span class='ocrx_word' id='word_1_233' title='bbox 695 3456 735 3502; x_wconf 87' lang='lat' dir='ltr'><strong>si</strong></span> <span class='ocrx_word' id='word_1_234' title='bbox 768 3456 979 3505; x_wconf 90' lang='lat' dir='ltr'><strong>mentior.</strong></span> <span class='ocrx_word' id='word_1_235' title='bbox 1045 3456 1253 3517; x_wconf 75' lang='lat' dir='ltr'><strong>sinciput</strong></span> <span class='ocrx_word' id='word_1_236' title='bbox 1269 3457 1425 3530; x_wconf 78' lang='lat' dir='ltr'><strong>flebile</strong></span> <span class='ocrx_word' id='word_1_237' title='bbox 1455 3461 1572 3515; x_wconf 79' lang='lat' dir='ltr'><strong>nati,</strong></span> 
     </span>
     <span class='ocr_line' id='line_1_42' title="bbox 559 3515 1576 3584; baseline 0.003 -17"><span class='ocrx_word' id='word_1_238' title='bbox 559 3515 606 3563; x_wconf 86' lang='lat' dir='ltr'><strong>h·</strong></span> <span class='ocrx_word' id='word_1_239' title='bbox 629 3534 670 3568; x_wconf 88' lang='lat' dir='ltr'><strong>e.</strong></span> <span class='ocrx_word' id='word_1_240' title='bbox 702 3519 886 3578; x_wconf 84' lang='lat' dir='ltr'><strong>flebilis,</strong></span> <span class='ocrx_word' id='word_1_241' title='bbox 909 3519 1159 3570; x_wconf 84' lang='lat' dir='ltr'><strong>miserandi</strong></span> <span class='ocrx_word' id='word_1_242' title='bbox 1187 3527 1303 3569; x_wconf 78' lang='lat' dir='ltr'><strong>nati.</strong></span> <span class='ocrx_word' id='word_1_243' title='bbox 1369 3522 1576 3584; x_wconf 76' lang='lat' dir='ltr'><strong>Simiput</strong></span> 
     </span>
     <span class='ocr_line' id='line_1_43' title="bbox 558 3585 1572 3658; baseline 0.008 -30"><span class='ocrx_word' id='word_1_244' title='bbox 558 3587 709 3629; x_wconf 85' lang='lat' dir='ltr'><strong>totum</strong></span> <span class='ocrx_word' id='word_1_245' title='bbox 747 3595 905 3658; x_wconf 85' lang='lat' dir='ltr'><strong>caput,</strong></span> <span class='ocrx_word' id='word_1_246' title='bbox 946 3593 997 3634; x_wconf 90' lang='lat' dir='ltr'><strong>ut</strong></span> <span class='ocrx_word' id='word_1_247' title='bbox 1034 3585 1225 3651; x_wconf 86' lang='lat' dir='ltr'><strong>passim,</strong></span> <span class='ocrx_word' id='word_1_248' title='bbox 1264 3585 1353 3634; x_wconf 87' lang='lat' dir='ltr'><strong>etsi</strong></span> <span class='ocrx_word' id='word_1_249' title='bbox 1387 3587 1572 3651; x_wconf 81' lang='lat' dir='ltr'><strong>proprie</strong></span> 
     </span>
     <span class='ocr_line' id='line_1_44' title="bbox 557 3644 1569 3724; baseline 0.009 -34"><span class='ocrx_word' id='word_1_250' title='bbox 557 3645 636 3691; x_wconf 85' lang='lat' dir='ltr'><strong>vel</strong></span> <span class='ocrx_word' id='word_1_251' title='bbox 657 3644 898 3698; x_wconf 72' lang='lat' dir='ltr'><strong>dimidiam</strong></span> <span class='ocrx_word' id='word_1_252' title='bbox 920 3650 1023 3713; x_wconf 85' lang='lat' dir='ltr'><strong>ejus</strong></span> <span class='ocrx_word' id='word_1_253' title='bbox 1043 3658 1244 3724; x_wconf 85' lang='lat' dir='ltr'><strong>partem,</strong></span> <span class='ocrx_word' id='word_1_254' title='bbox 1262 3649 1425 3713; x_wconf 89' lang='lat' dir='ltr'><strong>(quasi</strong></span> <span class='ocrx_word' id='word_1_255' title='bbox 1444 3654 1569 3699; x_wconf 72' lang='lat' dir='ltr'><strong>mni·</strong></span> 
     </span>
     <span class='ocr_line' id='line_1_45' title="bbox 557 3709 1567 3778; baseline 0.011 -24"><span class='ocrx_word' id='word_1_256' title='bbox 557 3709 719 3771; x_wconf 69' lang='lat' dir='ltr'><strong>caput)</strong></span> <span class='ocrx_word' id='word_1_257' title='bbox 742 3712 818 3758; x_wconf 87' lang='lat' dir='ltr'><strong>vel</strong></span> <span class='ocrx_word' id='word_1_258' title='bbox 837 3712 1033 3775; x_wconf 79' lang='lat' dir='ltr'><strong>priorem</strong></span> <span class='ocrx_word' id='word_1_259' title='bbox 1054 3723 1122 3762; x_wconf 76' lang='lat' dir='ltr'><strong>ita</strong></span> <span class='ocrx_word' id='word_1_260' title='bbox 1150 3713 1243 3764; x_wconf 88' lang='lat' dir='ltr'><strong>dici</strong></span> <span class='ocrx_word' id='word_1_261' title='bbox 1262 3722 1448 3778; x_wconf 87' lang='lat' dir='ltr'><strong>putant.</strong></span> <span class='ocrx_word' id='word_1_262' title='bbox 1468 3732 1567 3764; x_wconf 79' lang='lat' dir='ltr'><strong>ace-</strong></span> 
     </span>
     <span class='ocr_line' id='line_1_46' title="bbox 559 3773 1568 3841; baseline 0.011 -23"><span class='ocrx_word' id='word_1_263' title='bbox 559 3781 626 3829; x_wconf 80' lang='lat' dir='ltr'><strong>to,</strong></span> <span class='ocrx_word' id='word_1_264' title='bbox 657 3773 955 3824; x_wconf 88' lang='lat' dir='ltr'><strong>condimento</strong></span> <span class='ocrx_word' id='word_1_265' title='bbox 992 3777 1177 3841; x_wconf 80' lang='lat' dir='ltr'><strong>capitis.</strong></span> <span class='ocrx_word' id='word_1_266' title='bbox 1243 3779 1434 3833; x_wconf 76' lang='lat' dir='ltr'><strong>Phario,</strong></span> <span class='ocrx_word' id='word_1_267' title='bbox 1476 3781 1568 3828; x_wconf 86' lang='lat' dir='ltr'><strong>AE-</strong></span> 
     </span>
     <span class='ocr_line' id='line_1_47' title="bbox 558 3833 1575 3909; baseline 0.01 -27"><span class='ocrx_word' id='word_1_268' title='bbox 558 3836 747 3909; x_wconf 76' lang='lat' dir='ltr'><strong>gyptio:</strong></span> <span class='ocrx_word' id='word_1_269' title='bbox 805 3853 915 3885; x_wconf 90' lang='lat' dir='ltr'><strong>nam</strong></span> <span class='ocrx_word' id='word_1_270' title='bbox 956 3833 1148 3896; x_wconf 78' lang='lat' dir='ltr'><strong>Pharos,</strong></span> <span class='ocrx_word' id='word_1_271' title='bbox 1183 3856 1332 3904; x_wconf 84' lang='lat' dir='ltr'><strong>parva</strong></span> <span class='ocrx_word' id='word_1_272' title='bbox 1373 3844 1440 3891; x_wconf 88' lang='lat' dir='ltr'><strong>AE</strong></span> <span class='ocrx_word' id='word_1_273' title='bbox 1539 3843 1575 3891; x_wconf 86' lang='lat' dir='ltr'><strong>ti</strong></span> 
     </span>
     <span class='ocr_line' id='line_1_48' title="bbox 557 3900 1575 3978; baseline 0.008 -31"><span class='ocrx_word' id='word_1_274' title='bbox 557 3915 649 3949; x_wconf 78' lang='lat' dir='ltr'><strong>ins.</strong></span> <span class='ocrx_word' id='word_1_275' title='bbox 672 3900 746 3964; x_wconf 89' lang='lat' dir='ltr'><strong>(v.</strong></span> <span class='ocrx_word' id='word_1_276' title='bbox 769 3900 832 3948; x_wconf 87' lang='lat' dir='ltr'><strong>ad</strong></span> <span class='ocrx_word' id='word_1_277' title='bbox 853 3901 946 3950; x_wconf 91' lang='lat' dir='ltr'><strong>VI.</strong></span> <span class='ocrx_word' id='word_1_278' title='bbox 970 3903 1076 3966; x_wconf 88' lang='lat'><strong>83.)</strong></span> <span class='ocrx_word' id='word_1_279' title='bbox 1098 3911 1242 3952; x_wconf 87' lang='lat' dir='ltr'><strong>totam</strong></span> <span class='ocrx_word' id='word_1_280' title='bbox 1275 3907 1451 3978; x_wconf 87' lang='lat' dir='ltr'><strong>passim</strong></span> <span class='ocrx_word' id='word_1_281' title='bbox 1554 3936 1575 3945; x_wconf 92' lang='lat'><strong>·</strong></span> 
     </span>
     <span class='ocr_line' id='line_1_49' title="bbox 560 3964 1597 4030; baseline 0.007 -18"><span class='ocrx_word' id='word_1_282' title='bbox 560 3973 756 4029; x_wconf 84' lang='lat' dir='ltr'><strong>gyptum</strong></span> <span class='ocrx_word' id='word_1_283' title='bbox 793 3964 1044 4029; x_wconf 57' lang='lat' dir='ltr'><strong>designat„</strong></span> <span class='ocrx_word' id='word_1_284' title='bbox 1091 3969 1220 4030; x_wconf 71' lang='lat' dir='ltr'><strong>AEgy</strong></span> <span class='ocrx_word' id='word_1_285' title='bbox 1256 3977 1372 4017; x_wconf 80' lang='lat' dir='ltr'><strong>tium</strong></span> <span class='ocrx_word' id='word_1_286' title='bbox 1416 3978 1597 4018; x_wconf 81' lang='lat' dir='ltr'><strong>autem·</strong></span> 
     </span>
     <span class='ocr_line' id='line_1_50' title="bbox 557 4029 1577 4086; baseline 0.006 -9"><span class='ocrx_word' id='word_1_287' title='bbox 557 4029 953 4086; x_wconf 69' lang='lat' dir='ltr'><strong>acetumlaudant</strong></span> <span class='ocrx_word' id='word_1_288' title='bbox 985 4030 1199 4080; x_wconf 82' lang='lat' dir='ltr'><strong>Martial.</strong></span> <span class='ocrx_word' id='word_1_289' title='bbox 1267 4033 1369 4081; x_wconf 92' lang='grc' dir='ltr'><strong>ΙΙΙ.</strong></span> <span class='ocrx_word' id='word_1_290' title='bbox 1393 4035 1504 4082; x_wconf 91' lang='grc'><strong>122.</strong></span> <span class='ocrx_word' id='word_1_291' title='bbox 1528 4043 1577 4084; x_wconf 88' lang='lat' dir='ltr'><strong>et</strong></span> 
     </span>
     <span class='ocr_line' id='line_1_51' title="bbox 560 4093 1488 4153; baseline 0.002 -11"><span class='ocrx_word' id='word_1_292' title='bbox 560 4093 820 4149; x_wconf 73' lang='lat' dir='ltr'><strong>Athenaeus</strong></span> <span class='ocrx_word' id='word_1_293' title='bbox 843 4094 916 4143; x_wconf 91' lang='grc' dir='ltr'><strong>ΙΙ.</strong></span> <span class='ocrx_word' id='word_1_294' title='bbox 936 4096 1017 4142; x_wconf 90' lang='lat'><strong>26.</strong></span> <span class='ocrx_word' id='word_1_295' title='bbox 1027 4095 1122 4143; x_wconf 77' lang='lat' dir='ltr'><strong>.ubi</strong></span> <span class='ocrx_word' id='word_1_296' title='bbox 1140 4111 1185 4143; x_wconf 84' lang='lat' dir='ltr'><strong>v.</strong></span> <span class='ocrx_word' id='word_1_297' title='bbox 1212 4095 1420 4144; x_wconf 84' lang='lat' dir='ltr'><strong>Casaub.</strong></span> <span class='ocrx_word' id='word_1_298' title='bbox 1483 4148 1488 4153; x_wconf 61' lang='grc'>,</span> 
     </span>
    </p>

    <p class='ocr_par' dir='ltr' id='par_1_21' title="bbox 562 4159 1575 4289">
     <span class='ocr_line' id='line_1_52' title="bbox 596 4159 1575 4216; baseline 0.008 -13"><span class='ocrx_word' id='word_1_299' title='bbox 596 4196 601 4203; x_wconf 89' lang='grc'><strong>.</strong></span> <span class='ocrx_word' id='word_1_300' title='bbox 625 4159 866 4208; x_wconf 80' lang='lat'><strong>86-119.</strong></span> <span class='ocrx_word' id='word_1_301' title='bbox 909 4159 1079 4208; x_wconf 81' lang='lat' dir='ltr'><strong>Causae</strong></span> <span class='ocrx_word' id='word_1_302' title='bbox 1121 4167 1451 4216; x_wconf 77' lang='lat' dir='ltr'><strong>memorantur,</strong></span> <span class='ocrx_word' id='word_1_303' title='bbox 1492 4177 1575 4211; x_wconf 88' lang='lat' dir='ltr'><strong>cur</strong></span> 
     </span>
     <span class='ocr_line' id='line_1_53' title="bbox 562 4222 1528 4289; baseline 0.004 -18"><span class='ocrx_word' id='word_1_304' title='bbox 562 4222 700 4272; x_wconf 87' lang='lat' dir='ltr'><strong>multi</strong></span> <span class='ocrx_word' id='word_1_305' title='bbox 718 4222 930 4273; x_wconf 87' lang='lat' dir='ltr'><strong>homines</strong></span> <span class='ocrx_word' id='word_1_306' title='bbox 949 4223 1157 4289; x_wconf 81' lang='lat' dir='ltr'><strong>pejerare</strong></span> <span class='ocrx_word' id='word_1_307' title='bbox 1180 4239 1276 4273; x_wconf 89' lang='lat' dir='ltr'><strong>non</strong></span> <span class='ocrx_word' id='word_1_308' title='bbox 1297 4223 1528 4276; x_wconf 83' lang='lat' dir='ltr'><strong>dubitent.</strong></span> 
     </span>
    </p>

    <p class='ocr_par' dir='ltr' id='par_1_22' title="bbox 597 4288 1571 4349">
     <span class='ocr_line' id='line_1_54' title="bbox 597 4288 1571 4349; baseline 0.008 -14"><span class='ocrx_word' id='word_1_309' title='bbox 597 4324 603 4336; x_wconf 86' lang='lat'><strong>.</strong></span> <span class='ocrx_word' id='word_1_310' title='bbox 626 4288 833 4345; x_wconf 70' lang='lat'><strong>86—-88-</strong></span> <span class='ocrx_word' id='word_1_311' title='bbox 856 4290 903 4339; x_wconf 87' lang='lat' dir='ltr'>N</span> <span class='ocrx_word' id='word_1_312' title='bbox 906 4296 997 4339; x_wconf 74' lang='lat' dir='ltr'><strong>otae</strong></span> <span class='ocrx_word' id='word_1_313' title='bbox 1029 4297 1145 4340; x_wconf 77' lang='lat' dir='ltr'><strong>sunt</strong></span> <span class='ocrx_word' id='word_1_314' title='bbox 1169 4289 1412 4349; x_wconf 67' lang='lat' dir='ltr'><strong>sententiae</strong></span> <span class='ocrx_word' id='word_1_315' title='bbox 1441 4298 1571 4343; x_wconf 85' lang='lat' dir='ltr'><strong>vete·</strong></span> 
     </span>
    </p>
   </div>
   <div class='ocr_carea' id='block_1_12' title="bbox 1481 3410 1573 3448">
    <p class='ocr_par' dir='ltr' id='par_1_23' title="bbox 1481 3410 1573 3448">
     <span class='ocr_line' id='line_1_55' title="bbox 1481 3410 1573 3448; baseline -0.011 -8"><span class='ocrx_word' id='word_1_316' title='bbox 1481 3410 1573 3448; x_wconf 83' lang='lat' dir='ltr'><strong>am,</strong></span> 
     </span>
    </p>
   </div>
   <div class='ocr_carea' id='block_1_13' title="bbox 1633 2041 2672 4351">
    <p class='ocr_par' dir='ltr' id='par_1_24' title="bbox 1640 2041 2672 2686">
     <span class='ocr_line' id='line_1_56' title="bbox 1649 2041 2668 2108; baseline 0.001 -18"><span class='ocrx_word' id='word_1_317' title='bbox 1649 2058 1754 2090; x_wconf 90' lang='lat' dir='ltr'><strong>rum</strong></span> <span class='ocrx_word' id='word_1_318' title='bbox 1776 2041 2174 2108; x_wconf 88' lang='lat' dir='ltr'><strong>philosophorum,</strong></span> <span class='ocrx_word' id='word_1_319' title='bbox 2190 2041 2276 2106; x_wconf 84' lang='lat' dir='ltr'><strong>qui</strong></span> <span class='ocrx_word' id='word_1_320' title='bbox 2295 2042 2429 2091; x_wconf 84' lang='lat' dir='ltr'><strong>Deos</strong></span> <span class='ocrx_word' id='word_1_321' title='bbox 2450 2045 2528 2091; x_wconf 86' lang='lat' dir='ltr'><strong>vel</strong></span> <span class='ocrx_word' id='word_1_322' title='bbox 2551 2058 2668 2098; x_wconf 80' lang='lat' dir='ltr'><strong>esse.</strong></span> 
     </span>
     <span class='ocr_line' id='line_1_57' title="bbox 1644 2106 2670 2163; baseline 0.001 -9"><span class='ocrx_word' id='word_1_323' title='bbox 1644 2107 1737 2163; x_wconf 83' lang='lat' dir='ltr'><strong>vel,</strong></span> <span class='ocrx_word' id='word_1_324' title='bbox 1771 2116 1825 2154; x_wconf 88' lang='lat' dir='ltr'><strong>ut</strong></span> <span class='ocrx_word' id='word_1_325' title='bbox 1857 2108 1900 2154; x_wconf 91' lang='lat' dir='ltr'><strong>E</strong></span> <span class='ocrx_word' id='word_1_326' title='bbox 1933 2107 2094 2163; x_wconf 85' lang='lat' dir='ltr'><strong>icurei,</strong></span> <span class='ocrx_word' id='word_1_327' title='bbox 2130 2121 2203 2154; x_wconf 65' lang='lat' dir='ltr'><strong>res</strong></span> <span class='ocrx_word' id='word_1_328' title='bbox 2235 2106 2472 2155; x_wconf 86' lang='lat' dir='ltr'><strong>humanas</strong></span> <span class='ocrx_word' id='word_1_329' title='bbox 2503 2123 2670 2156; x_wconf 81' lang='lat' dir='ltr'><strong>curare</strong></span> 
     </span>
     <span class='ocr_line' id='line_1_58' title="bbox 1643 2124 2671 2235; baseline 0.002 -17"><span class='ocrx_word' id='word_1_330' title='bbox 1643 2124 2231 2235; x_wconf 55' lang='lat' dir='ltr'><strong>negabant,K*aturamque</strong></span> <span class='ocrx_word' id='word_1_331' title='bbox 2243 2171 2505 2221; x_wconf 88' lang='lat' dir='ltr'><strong>credebant</strong></span> <span class='ocrx_word' id='word_1_332' title='bbox 2516 2188 2547 2220; x_wconf 89' lang='lat' dir='ltr'><strong>a</strong></span> <span class='ocrx_word' id='word_1_333' title='bbox 2563 2173 2671 2220; x_wconf 89' lang='lat' dir='ltr'><strong>Deo</strong></span> 
     </span>
     <span class='ocr_line' id='line_1_59' title="bbox 1644 2234 2672 2285; baseline 0.003 -3"><span class='ocrx_word' id='word_1_334' title='bbox 1644 2235 1878 2284; x_wconf 87' lang='lat' dir='ltr'><strong>diversam</strong></span> <span class='ocrx_word' id='word_1_335' title='bbox 1909 2251 2028 2284; x_wconf 88' lang='lat' dir='ltr'><strong>esse.</strong></span> <span class='ocrx_word' id='word_1_336' title='bbox 2094 2234 2235 2285; x_wconf 80' lang='lat' dir='ltr'><strong>Cous.</strong></span> <span class='ocrx_word' id='word_1_337' title='bbox 2266 2235 2394 2284; x_wconf 87' lang='lat' dir='ltr'><strong>Plin.</strong></span> <span class='ocrx_word' id='word_1_338' title='bbox 2424 2237 2504 2284; x_wconf 90' lang='lat'><strong>11.</strong></span> <span class='ocrx_word' id='word_1_339' title='bbox 2541 2238 2590 2284; x_wconf 89' lang='grc'><strong>7.</strong></span> <span class='ocrx_word' id='word_1_340' title='bbox 2624 2245 2672 2285; x_wconf 88' lang='lat' dir='ltr'><strong>et</strong></span> 
     </span>
     <span class='ocr_line' id='line_1_60' title="bbox 1642 2299 2667 2364; baseline 0 -17"><span class='ocrx_word' id='word_1_341' title='bbox 1642 2299 1807 2349; x_wconf 86' lang='lat' dir='ltr'><strong>Barth.</strong></span> <span class='ocrx_word' id='word_1_342' title='bbox 1824 2299 1886 2348; x_wconf 88' lang='lat' dir='ltr'><strong>ad</strong></span> <span class='ocrx_word' id='word_1_343' title='bbox 1898 2299 2151 2349; x_wconf 85' lang='lat' dir='ltr'><strong>Claudian.</strong></span> <span class='ocrx_word' id='word_1_344' title='bbox 2164 2299 2216 2347; x_wconf 90' lang='lat' dir='ltr'><strong>in</strong></span> <span class='ocrx_word' id='word_1_345' title='bbox 2230 2300 2398 2348; x_wconf 78' lang='lat' dir='ltr'><strong>Rnfln.</strong></span> <span class='ocrx_word' id='word_1_346' title='bbox 2410 2301 2455 2348; x_wconf 92' lang='lat'><strong>1.</strong></span> <span class='ocrx_word' id='word_1_347' title='bbox 2482 2302 2526 2347; x_wconf 90' lang='lat'><strong>1.</strong></span> <span class='ocrx_word' id='word_1_348' title='bbox 2537 2315 2667 2364; x_wconf 84' lang='lat' dir='ltr'><strong>seqq.</strong></span> 
     </span>
     <span class='ocr_line' id='line_1_61' title="bbox 1640 2365 2671 2428; baseline 0 -16"><span class='ocrx_word' id='word_1_349' title='bbox 1640 2380 1689 2428; x_wconf 89' lang='lat' dir='ltr'><strong>p.</strong></span> <span class='ocrx_word' id='word_1_350' title='bbox 1727 2365 2064 2413; x_wconf 83' lang='lat'><strong>1077—1094.</strong></span> <span class='ocrx_word' id='word_1_351' title='bbox 2097 2368 2243 2413; x_wconf 82' lang='lat' dir='ltr'><strong>omnia</strong></span> <span class='ocrx_word' id='word_1_352' title='bbox 2277 2373 2466 2425; x_wconf 68' lang='lat' dir='ltr'><strong>portant,</strong></span> <span class='ocrx_word' id='word_1_353' title='bbox 2507 2380 2671 2413; x_wconf 88' lang='lat' dir='ltr'><strong>omnes</strong></span> 
     </span>
     <span class='ocr_line' id='line_1_62' title="bbox 1641 2427 2669 2479; baseline 0.001 -3"><span class='ocrx_word' id='word_1_354' title='bbox 1641 2443 1715 2477; x_wconf 86' lang='lat' dir='ltr'><strong>res</strong></span> <span class='ocrx_word' id='word_1_355' title='bbox 1779 2427 2011 2479; x_wconf 85' lang='lat' dir='ltr'><strong>humanas</strong></span> <span class='ocrx_word' id='word_1_356' title='bbox 2072 2428 2299 2478; x_wconf 85' lang='lat' dir='ltr'><strong>contineri</strong></span> <span class='ocrx_word' id='word_1_357' title='bbox 2377 2429 2669 2478; x_wconf 84' lang='lat' dir='ltr'><strong>existiment.</strong></span> 
     </span>
     <span class='ocr_line' id='line_1_63' title="bbox 1641 2493 2666 2558; baseline 0.002 -17"><span class='ocrx_word' id='word_1_358' title='bbox 1641 2494 1719 2541; x_wconf 91' lang='grc'><strong>87.</strong></span> <span class='ocrx_word' id='word_1_359' title='bbox 1740 2498 1916 2550; x_wconf 78' lang='lat' dir='ltr'><strong>nwveri,</strong></span> <span class='ocrx_word' id='word_1_360' title='bbox 1937 2493 2204 2558; x_wconf 81' lang='lat' dir='ltr'><strong>gubernari.</strong></span> <span class='ocrx_word' id='word_1_361' title='bbox 2269 2495 2348 2542; x_wconf 90' lang='lat'><strong>88.</strong></span> <span class='ocrx_word' id='word_1_362' title='bbox 2368 2494 2558 2542; x_wconf 79' lang='lat' dir='ltr'><strong>Natura</strong></span> <span class='ocrx_word' id='word_1_363' title='bbox 2574 2496 2666 2543; x_wconf 79' lang='lat' dir='ltr'><strong>vol-</strong></span> 
     </span>
     <span class='ocr_line' id='line_1_64' title="bbox 1641 2556 2666 2616; baseline 0.001 -11"><span class='ocrx_word' id='word_1_364' title='bbox 1641 2567 1767 2605; x_wconf 78' lang='lat' dir='ltr'><strong>vente</strong></span> <span class='ocrx_word' id='word_1_365' title='bbox 1808 2561 1937 2615; x_wconf 76' lang='lat' dir='ltr'><strong>vices,</strong></span> <span class='ocrx_word' id='word_1_366' title='bbox 1983 2556 2255 2606; x_wconf 86' lang='lat' dir='ltr'><strong>moderante</strong></span> <span class='ocrx_word' id='word_1_367' title='bbox 2301 2556 2666 2616; x_wconf 85' lang='lat' dir='ltr'><strong>vicissitudines,</strong></span> 
     </span>
     <span class='ocr_line' id='line_1_65' title="bbox 1642 2623 2360 2686; baseline -0.001 -16"><span class='ocrx_word' id='word_1_368' title='bbox 1642 2631 1694 2670; x_wconf 86' lang='lat' dir='ltr'><strong>ut</strong></span> <span class='ocrx_word' id='word_1_369' title='bbox 1717 2639 1745 2671; x_wconf 91' lang='lat' dir='ltr'><strong>a</strong></span> <span class='ocrx_word' id='word_1_370' title='bbox 1781 2657 1792 2671; x_wconf 86' lang='lat'><strong>.</strong></span> <span class='ocrx_word' id='word_1_371' title='bbox 1816 2623 1951 2686; x_wconf 86' lang='lat' dir='ltr'><strong>Virg.</strong></span> <span class='ocrx_word' id='word_1_372' title='bbox 1976 2623 2093 2670; x_wconf 84' lang='lat' dir='ltr'><strong>AEn.</strong></span> <span class='ocrx_word' id='word_1_373' title='bbox 2118 2623 2222 2671; x_wconf 87' lang='grc' dir='ltr'><strong>ΙΙΙ.</strong></span> <span class='ocrx_word' id='word_1_374' title='bbox 2244 2623 2360 2670; x_wconf 86' lang='grc'><strong>376.</strong></span> 
     </span>
    </p>

    <p class='ocr_par' dir='ltr' id='par_1_25' title="bbox 1640 2686 2668 2815">
     <span class='ocr_line' id='line_1_66' title="bbox 1704 2686 2668 2751; baseline 0.002 -18"><span class='ocrx_word' id='word_1_375' title='bbox 1704 2687 1733 2734; x_wconf 88' lang='lat'><strong>8</strong></span> <span class='ocrx_word' id='word_1_376' title='bbox 1771 2720 1784 2733; x_wconf 94' lang='lat'><strong>.</strong></span> <span class='ocrx_word' id='word_1_377' title='bbox 1809 2689 1991 2737; x_wconf 63' lang='lat' dir='ltr'><strong>Altam</strong></span> <span class='ocrx_word' id='word_1_378' title='bbox 2011 2696 2090 2735; x_wconf 81' lang='lat' dir='ltr'><strong>tan</strong></span> <span class='ocrx_word' id='word_1_379' title='bbox 2157 2695 2225 2741; x_wconf 82' lang='lat' dir='ltr'><strong>nt,</strong></span> <span class='ocrx_word' id='word_1_380' title='bbox 2247 2686 2330 2749; x_wconf 90' lang='lat' dir='ltr'><strong>qui</strong></span> <span class='ocrx_word' id='word_1_381' title='bbox 2365 2686 2439 2734; x_wconf 86' lang='lat' dir='ltr'><strong>vel</strong></span> <span class='ocrx_word' id='word_1_382' title='bbox 2471 2702 2668 2751; x_wconf 77' lang='lat' dir='ltr'><strong>precan-</strong></span> 
     </span>
     <span class='ocr_line' id='line_1_67' title="bbox 1640 2750 2619 2815; baseline -0.001 -16"><span class='ocrx_word' id='word_1_383' title='bbox 1640 2758 1732 2806; x_wconf 83' lang='lat' dir='ltr'><strong>tur,</strong></span> <span class='ocrx_word' id='word_1_384' title='bbox 1753 2752 1827 2799; x_wconf 84' lang='lat' dir='ltr'><strong>vel</strong></span> <span class='ocrx_word' id='word_1_385' title='bbox 1846 2752 2024 2815; x_wconf 86' lang='lat' dir='ltr'><strong>jurant.</strong></span> <span class='ocrx_word' id='word_1_386' title='bbox 2044 2751 2084 2799; x_wconf 97' lang='lat' dir='ltr'>C</span> <span class='ocrx_word' id='word_1_387' title='bbox 2108 2784 2121 2798; x_wconf 94' lang='lat'><strong>.</strong></span> <span class='ocrx_word' id='word_1_388' title='bbox 2142 2750 2226 2797; x_wconf 83' lang='lat' dir='ltr'><strong>inf.</strong></span> <span class='ocrx_word' id='word_1_389' title='bbox 2249 2750 2313 2798; x_wconf 88' lang='lat' dir='ltr'><strong>ad</strong></span> <span class='ocrx_word' id='word_1_390' title='bbox 2335 2751 2483 2800; x_wconf 87' lang='lat' dir='ltr'><strong>XIV.</strong></span> <span class='ocrx_word' id='word_1_391' title='bbox 2505 2752 2619 2799; x_wconf 86' lang='lat'><strong>219.</strong></span> 
     </span>
    </p>

    <p class='ocr_par' dir='ltr' id='par_1_26' title="bbox 1633 2815 2667 4351">
     <span class='ocr_line' id='line_1_68' title="bbox 1703 2815 2663 2879; baseline -0.001 -15"><span class='ocrx_word' id='word_1_392' title='bbox 1703 2817 1947 2865; x_wconf 85' lang='lat'><strong>90—105.</strong></span> <span class='ocrx_word' id='word_1_393' title='bbox 1980 2815 2218 2864; x_wconf 82' lang='lat' dir='ltr'><strong>Praeclare</strong></span> <span class='ocrx_word' id='word_1_394' title='bbox 2248 2815 2540 2879; x_wconf 71' lang='lat' dir='ltr'><strong>perjurorum</strong></span> <span class='ocrx_word' id='word_1_395' title='bbox 2561 2815 2663 2863; x_wconf 86' lang='lat' dir='ltr'><strong>ani-</strong></span> 
     </span>
     <span class='ocr_line' id='line_1_69' title="bbox 1641 2879 2667 2944; baseline -0.001 -18"><span class='ocrx_word' id='word_1_396' title='bbox 1641 2894 1745 2928; x_wconf 86' lang='lat' dir='ltr'><strong>mus</strong></span> <span class='ocrx_word' id='word_1_397' title='bbox 1766 2879 2091 2928; x_wconf 85' lang='lat' dir='ltr'><strong>adumbratur.</strong></span> <span class='ocrx_word' id='word_1_398' title='bbox 2155 2881 2236 2928; x_wconf 85' lang='lat'><strong>93.</strong></span> <span class='ocrx_word' id='word_1_399' title='bbox 2259 2879 2444 2943; x_wconf 87' lang='lat' dir='ltr'><strong>Perjuri</strong></span> <span class='ocrx_word' id='word_1_400' title='bbox 2471 2880 2533 2927; x_wconf 82' lang='lat' dir='ltr'><strong>ab</strong></span> <span class='ocrx_word' id='word_1_401' title='bbox 2551 2879 2667 2944; x_wconf 83' lang='lat' dir='ltr'><strong>ipsis</strong></span> 
     </span>
     <span class='ocr_line' id='line_1_70' title="bbox 1641 2942 2662 3018; baseline 0 -28"><span class='ocrx_word' id='word_1_402' title='bbox 1641 2943 1931 3018; x_wconf 44' lang='lat' dir='ltr'><strong>Diis-poena,</strong></span> <span class='ocrx_word' id='word_1_403' title='bbox 1953 2951 2002 2992; x_wconf 86' lang='lat' dir='ltr'><strong>et</strong></span> <span class='ocrx_word' id='word_1_404' title='bbox 2023 2942 2302 3013; x_wconf 78' lang='lat' dir='ltr'><strong>plerumque</strong></span> <span class='ocrx_word' id='word_1_405' title='bbox 2324 2943 2522 3015; x_wconf 76' lang='lat' dir='ltr'><strong>quidem</strong></span> <span class='ocrx_word' id='word_1_406' title='bbox 2542 2959 2662 3008; x_wconf 72' lang='lat' dir='ltr'><strong>pre-</strong></span> 
     </span>
     <span class='ocr_line' id='line_1_71' title="bbox 1641 3008 2666 3127; baseline 0 -8"><span class='ocrx_word' id='word_1_407' title='bbox 1641 3008 2490 3127; x_wconf 56' lang='lat' dir='ltr'><strong>{2223132{2.⁰f233‘3f.⁰z”35352.</strong></span> <span class='ocrx_word' id='word_1_408' title='bbox 2502 3008 2666 3120; x_wconf 59' lang='lat' dir='ltr'><strong>⁰522}ss</strong></span> 
     </span>
     <span class='ocr_line' id='line_1_72' title="bbox 1645 3135 2667 3200; baseline 0 -18"><span class='ocrx_word' id='word_1_409' title='bbox 1645 3136 1688 3184; x_wconf 91' lang='lat' dir='ltr'><strong>I.</strong></span> <span class='ocrx_word' id='word_1_410' title='bbox 1710 3138 1751 3184; x_wconf 93' lang='lat'><strong>1.</strong></span> <span class='ocrx_word' id='word_1_411' title='bbox 1766 3139 1846 3185; x_wconf 84' lang='lat'><strong>51.</strong></span> <span class='ocrx_word' id='word_1_412' title='bbox 1858 3152 1991 3200; x_wconf 89' lang='lat' dir='ltr'><strong>seqq.</strong></span> <span class='ocrx_word' id='word_1_413' title='bbox 2004 3136 2183 3185; x_wconf 80' lang='lat' dir='ltr'><strong>Jacobs</strong></span> <span class='ocrx_word' id='word_1_414' title='bbox 2196 3135 2667 3186; x_wconf 87' lang='lat' dir='ltr'><strong>adAnthol.Gr.Vol.</strong></span> 
     </span>
     <span class='ocr_line' id='line_1_73' title="bbox 1645 3199 2661 3265; baseline -0.002 -18"><span class='ocrx_word' id='word_1_415' title='bbox 1645 3200 1718 3247; x_wconf 90' lang='grc' dir='ltr'><strong>ΙΙ.</strong></span> <span class='ocrx_word' id='word_1_416' title='bbox 1739 3201 1800 3248; x_wconf 92' lang='lat' dir='ltr'><strong>P.</strong></span> <span class='ocrx_word' id='word_1_417' title='bbox 1819 3200 1893 3249; x_wconf 90' lang='grc' dir='ltr'><strong>ΙΙ.</strong></span> <span class='ocrx_word' id='word_1_418' title='bbox 1916 3218 1964 3265; x_wconf 89' lang='lat' dir='ltr'><strong>p.</strong></span> <span class='ocrx_word' id='word_1_419' title='bbox 1986 3201 2098 3249; x_wconf 85' lang='lat'><strong>466.</strong></span> <span class='ocrx_word' id='word_1_420' title='bbox 2119 3209 2169 3248; x_wconf 90' lang='lat' dir='ltr'><strong>et</strong></span> <span class='ocrx_word' id='word_1_421' title='bbox 2200 3201 2231 3249; x_wconf 90' lang='lat' dir='ltr'>J</span> <span class='ocrx_word' id='word_1_422' title='bbox 2237 3200 2453 3249; x_wconf 83' lang='lat' dir='ltr'><strong>ablonski</strong></span> <span class='ocrx_word' id='word_1_423' title='bbox 2486 3199 2661 3249; x_wconf 83' lang='lat' dir='ltr'><strong>Panth.</strong></span> 
     </span>
     <span class='ocr_line' id='line_1_74' title="bbox 1645 3264 2663 3329; baseline -0.001 -17"><span class='ocrx_word' id='word_1_424' title='bbox 1645 3265 1850 3329; x_wconf 85' lang='lat' dir='ltr'><strong>AEgypt.</strong></span> <span class='ocrx_word' id='word_1_425' title='bbox 1870 3266 1931 3312; x_wconf 91' lang='lat' dir='ltr'><strong>T.</strong></span> <span class='ocrx_word' id='word_1_426' title='bbox 1952 3264 1994 3311; x_wconf 88' lang='lat'><strong>1.</strong></span> <span class='ocrx_word' id='word_1_427' title='bbox 2016 3281 2064 3328; x_wconf 91' lang='lat' dir='ltr'><strong>p.</strong></span> <span class='ocrx_word' id='word_1_428' title='bbox 2093 3265 2201 3312; x_wconf 91' lang='grc'><strong>111.</strong></span> <span class='ocrx_word' id='word_1_429' title='bbox 2227 3266 2336 3313; x_wconf 87' lang='grc'><strong>112.</strong></span> <span class='ocrx_word' id='word_1_430' title='bbox 2359 3265 2455 3314; x_wconf 82' lang='lat' dir='ltr'><strong>¹ubi</strong></span> <span class='ocrx_word' id='word_1_431' title='bbox 2486 3271 2663 3319; x_wconf 86' lang='lat' dir='ltr'><strong>monet,</strong></span> 
     </span>
     <span class='ocr_line' id='line_1_75' title="bbox 1639 3327 2666 3392; baseline 0 -17"><span class='ocrx_word' id='word_1_432' title='bbox 1639 3343 1861 3392; x_wconf 88' lang='lat' dir='ltr'><strong>magnam</strong></span> <span class='ocrx_word' id='word_1_433' title='bbox 1882 3343 2067 3392; x_wconf 86' lang='lat' dir='ltr'><strong>semper</strong></span> <span class='ocrx_word' id='word_1_434' title='bbox 2086 3327 2229 3376; x_wconf 74' lang='lat' dir='ltr'><strong>fuisse</strong></span> <span class='ocrx_word' id='word_1_435' title='bbox 2248 3338 2297 3376; x_wconf 92' lang='lat' dir='ltr'><strong>et</strong></span> <span class='ocrx_word' id='word_1_436' title='bbox 2327 3345 2430 3378; x_wconf 86' lang='lat' dir='ltr'><strong>esse</strong></span> <span class='ocrx_word' id='word_1_437' title='bbox 2454 3327 2596 3377; x_wconf 87' lang='lat' dir='ltr'><strong>hodie</strong></span> <span class='ocrx_word' id='word_1_438' title='bbox 2616 3327 2666 3375; x_wconf 90' lang='lat' dir='ltr'><strong>in</strong></span> 
     </span>
     <span class='ocr_line' id='line_1_76' title="bbox 1639 3392 2661 3458; baseline 0 -18"><span class='ocrx_word' id='word_1_439' title='bbox 1639 3394 1853 3458; x_wconf 84' lang='lat' dir='ltr'><strong>AEgypto</strong></span> <span class='ocrx_word' id='word_1_440' title='bbox 1886 3407 2123 3441; x_wconf 88' lang='lat' dir='ltr'><strong>coecorum</strong></span> <span class='ocrx_word' id='word_1_441' title='bbox 2144 3393 2516 3450; x_wconf 87' lang='lat' dir='ltr'><strong>multitudinem,</strong></span> <span class='ocrx_word' id='word_1_442' title='bbox 2537 3392 2661 3441; x_wconf 83' lang='lat' dir='ltr'><strong>hanc</strong></span> 
     </span>
     <span class='ocr_line' id='line_1_77' title="bbox 1638 3456 2663 3522; baseline 0.002 -19"><span class='ocrx_word' id='word_1_443' title='bbox 1638 3471 1748 3506; x_wconf 86' lang='lat' dir='ltr'><strong>vero</strong></span> <span class='ocrx_word' id='word_1_444' title='bbox 1780 3457 2050 3506; x_wconf 86' lang='lat' dir='ltr'><strong>coecitatem</strong></span> <span class='ocrx_word' id='word_1_445' title='bbox 2083 3472 2114 3505; x_wconf 86' lang='lat' dir='ltr'><strong>a</strong></span> <span class='ocrx_word' id='word_1_446' title='bbox 2144 3456 2479 3522; x_wconf 83' lang='lat' dir='ltr'><strong>superstitiosis</strong></span> <span class='ocrx_word' id='word_1_447' title='bbox 2511 3457 2663 3505; x_wconf 87' lang='lat' dir='ltr'><strong>homi-</strong></span> 
     </span>
     <span class='ocr_line' id='line_1_78' title="bbox 1638 3519 2660 3576; baseline 0.004 -9"><span class='ocrx_word' id='word_1_448' title='bbox 1638 3519 1777 3569; x_wconf 87' lang='lat' dir='ltr'><strong>nibus</strong></span> <span class='ocrx_word' id='word_1_449' title='bbox 1799 3521 1945 3570; x_wconf 88' lang='lat' dir='ltr'><strong>Isidis</strong></span> <span class='ocrx_word' id='word_1_450' title='bbox 1966 3522 2064 3576; x_wconf 82' lang='lat' dir='ltr'><strong>irae,</strong></span> <span class='ocrx_word' id='word_1_451' title='bbox 2087 3536 2183 3569; x_wconf 87' lang='lat' dir='ltr'><strong>non</strong></span> <span class='ocrx_word' id='word_1_452' title='bbox 2216 3522 2513 3571; x_wconf 83' lang='lat' dir='ltr'><strong>naturalibus</strong></span> <span class='ocrx_word' id='word_1_453' title='bbox 2546 3536 2660 3571; x_wconf 88' lang='lat' dir='ltr'><strong>cau·</strong></span> 
     </span>
     <span class='ocr_line' id='line_1_79' title="bbox 1634 3584 2665 3650; baseline 0.002 -18"><span class='ocrx_word' id='word_1_454' title='bbox 1634 3584 1714 3639; x_wconf 90' lang='lat' dir='ltr'><strong>sis,</strong></span> <span class='ocrx_word' id='word_1_455' title='bbox 1741 3585 1898 3635; x_wconf 82' lang='lat' dir='ltr'><strong>tribui.</strong></span> <span class='ocrx_word' id='word_1_456' title='bbox 1965 3585 2102 3634; x_wconf 88' lang='lat' dir='ltr'><strong>Idem</strong></span> <span class='ocrx_word' id='word_1_457' title='bbox 2134 3584 2195 3634; x_wconf 86' lang='lat' dir='ltr'><strong>de</strong></span> <span class='ocrx_word' id='word_1_458' title='bbox 2229 3585 2320 3639; x_wconf 81' lang='lat' dir='ltr'><strong>hac</strong></span> <span class='ocrx_word' id='word_1_459' title='bbox 2342 3586 2457 3636; x_wconf 87' lang='lat' dir='ltr'><strong>Dea</strong></span> <span class='ocrx_word' id='word_1_460' title='bbox 2477 3585 2665 3650; x_wconf 81' lang='lat' dir='ltr'><strong>copiose</strong></span> 
     </span>
     <span class='ocr_line' id='line_1_80' title="bbox 1633 3648 2661 3724; baseline 0.002 -27"><span class='ocrx_word' id='word_1_461' title='bbox 1633 3648 1731 3713; x_wconf 82' lang='lat' dir='ltr'><strong>egit</strong></span> <span class='ocrx_word' id='word_1_462' title='bbox 1749 3649 1863 3698; x_wconf 89' lang='lat' dir='ltr'><strong>ibid.</strong></span> <span class='ocrx_word' id='word_1_463' title='bbox 1886 3650 1942 3697; x_wconf 90' lang='lat' dir='ltr'><strong>T.</strong></span> <span class='ocrx_word' id='word_1_464' title='bbox 1966 3650 2039 3698; x_wconf 91' lang='lat'><strong>11.</strong></span> <span class='ocrx_word' id='word_1_465' title='bbox 2056 3666 2106 3724; x_wconf 87' lang='lat' dir='ltr'><strong>p.</strong></span> <span class='ocrx_word' id='word_1_466' title='bbox 2121 3652 2171 3698; x_wconf 85' lang='lat'><strong>3.</strong></span> <span class='ocrx_word' id='word_1_467' title='bbox 2192 3664 2326 3714; x_wconf 82' lang='lat' dir='ltr'><strong>seqq.</strong></span> <span class='ocrx_word' id='word_1_468' title='bbox 2349 3650 2484 3699; x_wconf 71' lang='lat' dir='ltr'><strong>Isidis</strong></span> <span class='ocrx_word' id='word_1_469' title='bbox 2503 3658 2661 3699; x_wconf 85' lang='lat' dir='ltr'><strong>autem</strong></span> 
     </span>
     <span class='ocr_line' id='line_1_81' title="bbox 1634 3712 2663 3778; baseline -0.001 -15"><span class='ocrx_word' id='word_1_470' title='bbox 1634 3728 1768 3763; x_wconf 81' lang='lat' dir='ltr'><strong>sacra</strong></span> <span class='ocrx_word' id='word_1_471' title='bbox 1809 3730 1836 3762; x_wconf 88' lang='lat' dir='ltr'><strong>e</strong></span> <span class='ocrx_word' id='word_1_472' title='bbox 1884 3712 2145 3778; x_wconf 79' lang='lat' dir='ltr'><strong>peregrinis</strong></span> <span class='ocrx_word' id='word_1_473' title='bbox 2188 3714 2395 3763; x_wconf 82' lang='lat' dir='ltr'><strong>maxime</strong></span> <span class='ocrx_word' id='word_1_474' title='bbox 2438 3714 2663 3778; x_wconf 77' lang='lat' dir='ltr'><strong>vigebant</strong></span> 
     </span>
     <span class='ocr_line' id='line_1_82' title="bbox 1636 3776 2663 3843; baseline 0.003 -18"><span class='ocrx_word' id='word_1_475' title='bbox 1636 3777 1824 3835; x_wconf 69' lang='lat' dir='ltr'><strong>Romae,</strong></span> <span class='ocrx_word' id='word_1_476' title='bbox 1845 3785 1895 3826; x_wconf 87' lang='lat' dir='ltr'><strong>et</strong></span> <span class='ocrx_word' id='word_1_477' title='bbox 1917 3776 2368 3842; x_wconf 88' lang='lat' dir='ltr'><strong>superstitiosissime</strong></span> <span class='ocrx_word' id='word_1_478' title='bbox 2385 3779 2663 3843; x_wconf 79' lang='lat' dir='ltr'><strong>agebantur.</strong></span> 
     </span>
     <span class='ocr_line' id='line_1_83' title="bbox 1641 3841 2663 3907; baseline 0.002 -17"><span class='ocrx_word' id='word_1_479' title='bbox 1641 3841 1720 3890; x_wconf 83' lang='lat' dir='ltr'><strong>Cf.</strong></span> <span class='ocrx_word' id='word_1_480' title='bbox 1762 3842 1934 3907; x_wconf 84' lang='lat' dir='ltr'><strong>Heyne</strong></span> <span class='ocrx_word' id='word_1_481' title='bbox 1971 3842 2037 3890; x_wconf 86' lang='lat' dir='ltr'><strong>ad</strong></span> <span class='ocrx_word' id='word_1_482' title='bbox 2071 3841 2250 3891; x_wconf 86' lang='lat' dir='ltr'><strong>Tibull.</strong></span> <span class='ocrx_word' id='word_1_483' title='bbox 2285 3843 2331 3892; x_wconf 95' lang='lat' dir='ltr'><strong>I.</strong></span> <span class='ocrx_word' id='word_1_484' title='bbox 2362 3844 2414 3891; x_wconf 88' lang='grc'><strong>3.</strong></span> <span class='ocrx_word' id='word_1_485' title='bbox 2447 3844 2533 3891; x_wconf 86' lang='grc'><strong>23.</strong></span> <span class='ocrx_word' id='word_1_486' title='bbox 2566 3858 2663 3906; x_wconf 84' lang='lat' dir='ltr'><strong>seq.</strong></span> 
     </span>
     <span class='ocr_line' id='line_1_84' title="bbox 1639 3905 2663 3972; baseline 0.003 -20"><span class='ocrx_word' id='word_1_487' title='bbox 1639 3905 1846 3960; x_wconf 76' lang='lat' dir='ltr'><strong>Sim-um,</strong></span> <span class='ocrx_word' id='word_1_488' title='bbox 1890 3921 1985 3970; x_wconf 89' lang='lat' dir='ltr'><strong>quo</strong></span> <span class='ocrx_word' id='word_1_489' title='bbox 2029 3905 2121 3954; x_wconf 87' lang='lat' dir='ltr'><strong>Isis</strong></span> <span class='ocrx_word' id='word_1_490' title='bbox 2163 3915 2213 3955; x_wconf 92' lang='lat' dir='ltr'><strong>et</strong></span> <span class='ocrx_word' id='word_1_491' title='bbox 2253 3907 2524 3957; x_wconf 82' lang='lat' dir='ltr'><strong>sacerdotes</strong></span> <span class='ocrx_word' id='word_1_492' title='bbox 2564 3908 2663 3972; x_wconf 78' lang='lat' dir='ltr'><strong>ejus</strong></span> 
     </span>
     <span class='ocr_line' id='line_1_85' title="bbox 1638 3970 2664 4034; baseline 0.004 -18"><span class='ocrx_word' id='word_1_493' title='bbox 1638 3971 1904 4025; x_wconf 83' lang='lat' dir='ltr'><strong>utebantur,</strong></span> <span class='ocrx_word' id='word_1_494' title='bbox 1949 3979 2053 4019; x_wconf 85' lang='lat' dir='ltr'><strong>erat</strong></span> <span class='ocrx_word' id='word_1_495' title='bbox 2084 3985 2271 4019; x_wconf 77' lang='lat' dir='ltr'><strong>oeneum</strong></span> <span class='ocrx_word' id='word_1_496' title='bbox 2313 3970 2664 4034; x_wconf 85' lang='lat' dir='ltr'><strong>rotundumque</strong></span> 
     </span>
     <span class='ocr_line' id='line_1_86' title="bbox 1639 4033 2662 4099; baseline 0.002 -19"><span class='ocrx_word' id='word_1_497' title='bbox 1639 4034 1993 4099; x_wconf 86' lang='lat' dir='ltr'><strong>crepitaculum,</strong></span> <span class='ocrx_word' id='word_1_498' title='bbox 2050 4050 2081 4083; x_wconf 88' lang='lat' dir='ltr'><strong>a</strong></span> <span class='ocrx_word' id='word_1_499' title='bbox 2133 4033 2351 4091; x_wconf 62' lang='grc' dir='ltr'><strong>πίω-θαι,</strong></span> <span class='ocrx_word' id='word_1_500' title='bbox 2393 4043 2662 4090; x_wconf 81' lang='lat' dir='ltr'><strong>concutere,</strong></span> 
     </span>
     <span class='ocr_line' id='line_1_87' title="bbox 1637 4097 2662 4164; baseline 0.001 -18"><span class='ocrx_word' id='word_1_501' title='bbox 1637 4097 1705 4146; x_wconf 86' lang='lat' dir='ltr'><strong>sic</strong></span> <span class='ocrx_word' id='word_1_502' title='bbox 1745 4098 1943 4154; x_wconf 86' lang='lat' dir='ltr'><strong>dietum,</strong></span> <span class='ocrx_word' id='word_1_503' title='bbox 1985 4097 2038 4146; x_wconf 90' lang='lat' dir='ltr'><strong>in</strong></span> <span class='ocrx_word' id='word_1_504' title='bbox 2080 4097 2217 4162; x_wconf 86' lang='lat' dir='ltr'><strong>cujus</strong></span> <span class='ocrx_word' id='word_1_505' title='bbox 2245 4106 2392 4164; x_wconf 80' lang='lat' dir='ltr'><strong>parte</strong></span> <span class='ocrx_word' id='word_1_506' title='bbox 2428 4114 2486 4147; x_wconf 81' lang='lat' dir='ltr'><strong>su</strong></span> <span class='ocrx_word' id='word_1_507' title='bbox 2570 4099 2582 4110; x_wconf 86' lang='lat'><strong><em>&#39;</em></strong></span> <span class='ocrx_word' id='word_1_508' title='bbox 2615 4113 2662 4147; x_wconf 86' lang='lat' dir='ltr'><strong>re</strong></span> 
     </span>
     <span class='ocr_line' id='line_1_88' title="bbox 1638 4162 2660 4220; baseline 0.002 -11"><span class='ocrx_word' id='word_1_509' title='bbox 1638 4162 1744 4212; x_wconf 81' lang='lat' dir='ltr'><strong>felis</strong></span> <span class='ocrx_word' id='word_1_510' title='bbox 1779 4178 1887 4213; x_wconf 86' lang='lat' dir='ltr'><strong>cum</strong></span> <span class='ocrx_word' id='word_1_511' title='bbox 1929 4162 2048 4211; x_wconf 87' lang='lat' dir='ltr'><strong>facie</strong></span> <span class='ocrx_word' id='word_1_512' title='bbox 2088 4163 2316 4220; x_wconf 81' lang='lat' dir='ltr'><strong>humana,</strong></span> <span class='ocrx_word' id='word_1_513' title='bbox 2352 4163 2406 4210; x_wconf 91' lang='lat' dir='ltr'><strong>in</strong></span> <span class='ocrx_word' id='word_1_514' title='bbox 2448 4162 2458 4172; x_wconf 85' lang='lat'><strong>‘</strong></span> <span class='ocrx_word' id='word_1_515' title='bbox 2515 4163 2660 4215; x_wconf 82' lang='lat' dir='ltr'><strong>eriore</strong></span> 
     </span>
     <span class='ocr_line' id='line_1_89' title="bbox 1639 4227 2659 4292; baseline -0.002 -17"><span class='ocrx_word' id='word_1_516' title='bbox 1639 4227 1730 4276; x_wconf 85' lang='lat' dir='ltr'><strong>Isis</strong></span> <span class='ocrx_word' id='word_1_517' title='bbox 1760 4227 1947 4292; x_wconf 86' lang='lat' dir='ltr'><strong>sculpta</strong></span> <span class='ocrx_word' id='word_1_518' title='bbox 1977 4233 2095 4276; x_wconf 86' lang='lat' dir='ltr'><strong>erat.</strong></span> <span class='ocrx_word' id='word_1_519' title='bbox 2162 4227 2281 4291; x_wconf 86' lang='lat' dir='ltr'><strong>Ejus</strong></span> <span class='ocrx_word' id='word_1_520' title='bbox 2307 4243 2390 4288; x_wconf 79' lang='lat' dir='ltr'><strong>per</strong></span> <span class='ocrx_word' id='word_1_521' title='bbox 2420 4238 2659 4292; x_wconf 69' lang='lat' dir='ltr'><strong>angtmam</strong></span> 
     </span>
     <span class='ocr_line' id='line_1_90' title="bbox 1637 4293 2654 4351; baseline 0 -11"><span class='ocrx_word' id='word_1_522' title='bbox 1637 4293 1865 4351; x_wconf 74' lang='lat' dir='ltr'><strong>laminam,</strong></span> <span class='ocrx_word' id='word_1_523' title='bbox 1899 4295 1961 4341; x_wconf 66' lang='lat' dir='ltr'><strong>in⁴</strong></span> <span class='ocrx_word' id='word_1_524' title='bbox 1984 4294 2163 4342; x_wconf 77' lang='lat' dir='ltr'><strong>modum</strong></span> <span class='ocrx_word' id='word_1_525' title='bbox 2191 4294 2327 4342; x_wconf 76' lang='lat' dir='ltr'><strong>baltei</strong></span> <span class='ocrx_word' id='word_1_526' title='bbox 2357 4302 2654 4346; x_wconf 65' lang='lat' dir='ltr'><strong>reem-vatam,</strong></span> 
     </span>
    </p>
   </div>
  </div>
 </body>
</html>
