2978 4920
1012 338 1464 405 SATIRA
1538 339 1653 405 vl.

2246 343 2373 410 1³27

373 510 535 575 Inde
563 509 785 575 domos
813 510 1085 575 abeunt:
1131 522 1207 575 tu
1237 510 1439 575 calcas
1465 482 1615 573 luce
1636 531 1885 575 reversa

372 612 528 698 Conj
539 611 677 696 ugis
705 610 952 674 urinam
984 633 1246 697 magnos
1276 610 1530 674 visurus
1557 610 1806 676 amicos.
1836 658 1841 664 ·

368 713 542 776 Nota
570 714 766 776 Bonae
793 723 1033 776 secreta
1052 713 1232 790 Deae,
1262 732 1463 798 quum
1494 709 1652 775 tibia
1679 711 1929 777 lumbos

372 812 633 890 Incitat,
665 824 730 877 et
758 835 955 876 cornu
983 813 1221 899 pariter
1240 811 1516 897 vinoque
1542 811 1840 878 feruntur

2239 815 2367 879 315

370 910 726 990 Adtonitae,
755 913 1124 998 crinemque
1146 922 1383 990 rotant,
1414 911 1796 998 ululantque
1826 913 2047 1001 Priapi

368 1012 716 1076 Maenades.

805 1014 863 1077 O
891 1025 1171 1099 quantus
1200 1020 1355 1078 tunc
1383 1012 1509 1076 illis
1539 1013 1859 1078 mentibus
1884 1014 2076 1077 ardor
2154 1068 2159 1071 .
2250 1072 2255 1073 ff

368 1112 784 1177 Concubitus!
833 1137 981 1209 quae
1011 1137 1138 1178 vox
1167 1114 1435 1179 saltante
1463 1112 1726 1177 libidine
1753 1118 1769 1178 !
1817 1125 2098 1201 quantus

369 1213 490 1278 Ille
518 1214 674 1277 meri
702 1214 931 1279 veteris
958 1237 1073 1302 per
1094 1237 1281 1279 crura
1309 1214 1634 1278 madentia
1661 1219 1942 1280 torrens!

269 1397 404 1442 doris
423 1397 586 1445 oblitae
604 1413 665 1446 ne
686 1401 887 1447 obscura
903 1402 1099 1461 quidem
1126 1407 1281 1457 nocte,

269 1462 360 1506 sed
382 1462 662 1519 splendente
681 1465 798 1510 luna
818 1466 1150 1511 committunt.
1188 1478 1283 1509 mo-

270 1528 441 1570 ventur
467 1527 702 1587 voluptati
729 1529 1034 1588 indulgentes
1066 1535 1115 1574 et
1148 1529 1282 1587 equi-

267 1595 444 1634 tantos.
474 1589 556 1639 Τὴν
568 1590 767 1653 κεφαλὴ
782 1590 921 1648 ναίεις,
939 1591 1019 1640 καὶ
1033 1591 1111 1643 «τήν
1128 1590 1276 1653 πυγὴν

264 1649 494 1706 ae'vaeu'ucv
507 1654 592 1717 Ἐς
601 1656 681 1718 μὶν
687 1657 956 1718 putrefit-inv,
973 1656 1014 1704 ἓν
1026 1654 1068 1704 31
1082 1671 1279 1722 τιμησ-

260 1714 409 1778 pinu,
427 1719 587 1779 Epigr.
603 1720 766 1769 XXV.
779 1725 828 1768 in
845 1724 1084 1771 Huschkii
1097 1723 1273 1769 Annal.

263 1783 379 1829 crit.
392 1797 441 1842 p.
453 1782 566 1832 246.
606 1785 719 1834 312.
739 1788 967 1849 conjugis
978 1784 1076 1833 t'uae
1088 1787 1274 1832 urinam

262 1845 437 1902 calcas,
467 1852 743 1907 praeteriens
774 1865 905 1897 aram
941 1851 1211 1903 Pudicitiae,
1234 1857 1284 1894 et

258 1911 471 1966 visurus,
486 1914 797 1971 salutaturuS,
809 1917 976 1963 amicos
987 1928 1281 1974 magnos-‚po-

260 1980 427 2020 tentes
446 1990 503 2022 ac
525 1979 725 2034 nobiles,
749 1986 993 2038 patronos,
1018 1979 1099 2038 qui
1134 1992 1164 2023 a
1196 1979 1279 2024 cli·

262 2039 463 2085 entibus
477 2039 572 2087 luce
584 2044 741 2100 prima
759 2045 1043 2090 salutantur.
1079 2044 1153 2089 Cf.
1168 2056 1275 2102 sup.

263 2101 310 2150 Ι.
329 2102 408 2150 33.
434 2113 481 2150 et
504 2104 599 2152 111.
625 2106 731 2153 184,
1251 2102 1256 2107 ’

327 2166 604 2217 314—345.
637 2171 736 2216 Alii
758 2185 845 2217 nec
866 2171 1029 2216 minus
1052 2170 1164 2216 foedi
1193 2172 1275 2217 de-

254 2231 544 2279 scribuntur
576 2235 819 2294 nimisque
850 2236 912 2280 ad
945 2236 1105 2280 vivum
1137 2235 1275 2295 quasi

254 2305 544 2343 resecantur
564 2299 765 2344 effectus
797 2300 1063 2355 ebrietatis„
1086 2305 1134 2343 et
1167 2305 1270 2343 stu-

252 2373 351 2420 pra
384 2358 616 2419 nefanda,
657 2364 832 2421 quibus
865 2375 997 2407 sacra
1039 2362 1185 2408 etiam
1220 2369 1269 2407 et

250 2425 553 2472 ceremonias
575 2425 810 2479 Deorum,
824 2426 947 2485 inpr.
978 2427 1120 2472 Bonoe
1136 2427 1267 2485 Deoe,

252 2490 569 2549 polluuntur.
618 2491 696 2536 De
717 2492 808 2536 hac
840 2489 945 2535 Dea
976 2488 1174 2551 ejusque
1197 2505 1268 2537 sa-

243 2551 505 2612 'cris,quae
528 2553 579 2599 in
602 2567 846 2600 summam
865 2556 1043 2599 sensim
1068 2556 1276 2612 turpitu-

250 2619 428 2664 diuem
447 2617 817 2677 degenerabant,
831 2619 892 2663 cf.
910 2632 1017 2678 sup.
1034 2621 1092 2665 ad
1110 2619 1271 2667 11.86.

249 2695 360 2740 seq.
382 2681 519 2727 Nota
546 2688 742 2742 propter
763 2696 957 2728 summa
990 2684 1188 2744 flagitia,
1215 2685 1271 2729 -in

253 2748 342 2793 his
384 2746 531 2791 sacris
565 2746 808 2792 committi
851 2748 1007 2793 solita.
1074 2749 1139 2795 Et
1160 2749 1274 2798 ,haec

253 2811 433 2868 utique
455 2811 641 2856 notiora
662 2815 798 2868 sunt,
822 2825 968 2873 quam
998 2809 1137 2872 ips‘ae,
1163 2807 1269 2871 qui-

239 2877 354 2932 ,bus
378 2875 482 2919 Dea
502 2875 763 2933 colebatur,
779 2876 1079 2922 ceremoniae.
1137 2874 1270 2926 Nota

254 2946 429 2987 autem
468 2940 621 2985 facete
649 2938 879 2987 dicuntur
910 2945 1097 2995 secreta,
1138 2942 1186 2987 h.
1224 2955 1269 2989 e.

251 3015 437 3049 arcana
458 3001 579 3049 Deae
600 3016 753 3060 sacra,
773 3016 802 3047 a
835 3004 949 3049 solis
980 3004 1191 3059 feminiS,
1220 3014 1269 3051 et

253 3068 376 3114 hinc
390 3067 442 3112 in
454 3069 573 3114 locis
590 3068 791 3124 secretis,
805 3067 929 3129 forte
945 3070 1265 3115 subterraneis

239 3145 316 3188 ,ac
337 3131 607 3189 fornicatis,
632 3138 689 3177 ut
722 3131 877 3190 Priapi
900 3144 1034 3179 sacra
1053 3129 1148 3179 non
1173 3134 1264 3179 mi·

255 3208 353 3242 nus
371 3192 543 3256 inpura
562 3197 612 3241 in
630 3202 813 3257 cryptae
833 3209 1040 3252 recessu,
1057 3198 1261 3244 celebra·

255 3266 326 3311 ta.
347 3260 479 3305 unde
500 3263 687 3305 antrum
701 3260 788 3307 inf.
803 3273 851 3307 v.
865 3258 978 3307 328.
995 3268 1043 3319 et
1059 3265 1268 3321 opertum

252 3323 356 3369 Cic.
373 3324 544 3369 Parad-
562 3319 634 3368 4.·
662 3323 782 3370 tibia
803 3324 963 3369 incitat
994 3324 1166 3371 lumbos
1198 3327 1259 3371 ad

250 3388 555 3451 saltandum,
575 3386 710 3449 (nam
733 3389 794 3434 ad
815 3388 980 3433 tibiam
1002 3389 1053 3434 in
1086 3390 1162 3435 his
1183 3402 1259 3434 sa-

232 3451 349 3507 ,cris
365 3452 564 3497 saltasse
580 3450 822 3505 mulieres,
835 3458 884 3497 et
900 3449 1013 3499 hi‘nc
1033 3453 1257 3499 Clodium

241 3529 449 3575 equoque
494 3516 661 3562 habitu
693 3516 898 3575 psaltriae
930 3517 990 3561 iis
1026 3518 1255 3575 adfuisse,

249 3586 429 3640 praeter
446 3580 565 3625 alios
585 3581 724 3626 docet
745 3581 873 3626 Plut.
893 3582 943 3626 in
967 3581 1088 3627 Coes.
1108 3587 1157 3627 et
1180 3582 1258 3642 Ci-

251 3640 376 3700 cer.)
399 3644 472 3689 vel
496 3644 654 3702 potius
675 3646 750 3698 ad,
766 3645 1014 3691 libidinem
1038 3653 1086 3691 et
1103 3646 1259 3704 pruri-

253 3714 366 3753 tum
391 3721 670 3763 venereum,
686 3716 740 3754 ut
755 3709 949 3755 cri-ssent
967 3710 1166 3766 lumbiS,
1184 3708 1261 3771 (ut

249 3785 393 3829 mox,
418 3784 463 3817 v.
486 3771 620 3829 322.)
642 3785 757 3818 nam
779 3772 921 3819 lumbi
944 3776 1080 3819 sedes
1101 3773 1257 3819 libidi-

251 3836 351 3890 nis,
383 3842 432 3881 et
460 3835 567 3882 haec
589 3836 803 3882 maxime
829 3837 1261 3892 excitaturlascivo

232 3905 403 3959 ,cantu
426 3911 654 3958 sonoque.
690 3915 737 3946 v.
772 3902 833 3946 ad
866 3900 910 3965 1.
941 3900 1022 3948 45.
1057 3897 1149 3949 IX.
1165 3892 1262 3949 59.

249 3963 380 4009 Pers.
398 3963 530 4011 Ι.20.
545 3972 593 4026 et
612 3963 703 4019 IV.
720 3963 801 4011 35.
840 3963 951 4026 315.
969 3963 1121 4011 Cornu
1136 3967 1261 4012 forte

247 4027 318 4072 id.
335 4028 416 4087 qd.
435 4027 562 4078 uhta,
578 4029 671 4074 nisi
686 4030 737 4074 in
754 4029 831 4074 his
848 4030 994 4075 sacris
1008 4030 1257 4090 utriusque

251 4091 350 4136 fuit
369 4104 505 4138 usus.
527 4092 602 4138 cf.
619 4106 726 4153 sup.
750 4095 810 4138 ad
834 4094 906 4141 II.
927 4093 1005 4140 90.
1046 4097 1173 4149 virio,
1199 4101 1255 4143 ut

249 4168 423 4214 magno
443 4160 618 4203 cratere
648 4170 757 4216 sup.
779 4157 846 4220 II.
862 4153 944 4204 87.
981 4159 1065 4205 ubi
1085 4173 1131 4207 v.
1154 4167 1253 4205 not.

247 4218 403 4265 Adton
409 4217 521 4275 itus,
536 4228 590 4266 ut
605 4215 891 4285 {Mene-nasis
901 4237 943 4270 ε.
954 4220 1256 4288 iaceam-735,

249 4295 360 4329 voc.
381 4296 544 4343 propr.
565 4288 626 4331 de
642 4300 875 4333 sensuum
898 4293 1092 4348 stupore
1103 4302 1159 4335 ac
1177 4289 1254 4333 fu-

247 4360 377 4405 rore,
396 4348 543 4395 etiarn
563 4363 713 4404 sacro.
736 4353 812 4399 vel
832 4352 1162 4400 enthusiasmo
1184 4353 1255 4412 di·

1346 1400 1528 1446 vinitus
1547 1399 1762 1446 inmisso.
1786 1400 1861 1446 cf.
1885 1400 2217 1451 Mitschermd
2234 1402 2355 1449 Hor.

1347 1464 1440 1511 Od.
1459 1463 1556 1509 111.
1585 1462 1655 1508 19.
1679 1463 1756 1509 14.
1810 1463 1955 1510 Ferri
1977 1465 2102 1525 inpr.
2127 1466 2356 1512 dicuntur

1346 1529 1561 1589 furentes
1575 1528 1753 1587 quique
1773 1529 1939 1574 animo
1956 1529 2025 1575 ita
2045 1542 2355 1579 commoven-

1342 1601 1439 1649 tur,
1453 1599 1509 1637 ut
1527 1592 1757 1651 nesciant,
1770 1593 1885 1652 quid
1905 1601 2068 1653 agant.
2107 1592 2221 1641 316.
2239 1592 2358 1640 Poe'·

1341 1663 1391 1702 ta
1434 1657 1496 1702 ad
1531 1657 1617 1700 has
1648 1665 1895 1702 matronas
1930 1657 2177 1704 transtulit
2212 1660 2356 1704 verba

1344 1721 1523 1767 Lucani
1549 1720 1590 1765 1.
1612 1717 1729 1778 566,
1751 1722 1812 1767 de
1840 1720 2013 1779 Gallis,
2037 1721 2258 1768 fanaticis
2279 1737 2355 1770 sa·

1339 1784 1613 1833 cerdotibus
1629 1797 1642 1827 ε
1668 1786 1928 1844 crinemque
1940 1790 2136 1832 rotantes
2144 1783 2355 1845 Sangia-

1348 1850 1427 1895 nez·
1467 1846 1658 1908 populis
1702 1849 1941 1894 ulularunt
1992 1851 2148 1896 tristia
2209 1851 2352 1897 Galli.

1346 1912 1550 1965 Quintil.
1584 1911 1677 1957 XI.
1697 1913 1746 1960 3.
1783 1916 1939 1971 caput,
1972 1915 2150 1973 inquit,
2170 1915 2356 1975 jactare

1342 1984 1390 2024 et
1420 1991 1570 2022 comus
1602 1975 1756 2022 ‘roim-e
1776 1978 2047 2038 fanaticum
2086 1984 2170 2025 est.
2203 1979 2352 2038 Apul.

1345 2041 1466 2087 Met.
1482 2041 1626 2087 VIII.
1643 2053 1687 2098 p.
1703 2040 1812 2087 214.
1824 2042 1898 2086 ed.
1914 2041 2045 2088 Elm.
2059 2042 2119 2087 de
2132 2045 2349 2089 sacerdo-

1325 2106 1467 2163 ,tibus
1481 2106 1650 2151 Isidis:
1677 2106 1891 2153 Demi-no
1902 2107 2051 2167 capite
2064 2109 2257 2152 cervices
2276 2107 2348 2152 lu-

1338 2169 1479 2214 bric-is
1517 2171 1824 2228 intorquentes
1864 2171 2077 2224 motibus,
2114 2173 2350 2230 crinesque

1329 2230 1556 2293 pendulos
1572 2237 1773 2279 rotantes
1784 2234 1832 2278 in
1847 2234 2087 2281 circulum.
2133 2234 2189 2279 In
2204 2237 2348 2280 Anti-

1333 2299 1456 2356 patri
1473 2297 1634 2355 Epigr.
1652 2296 1865 2344 XXVII.
1882 2299 1928 2345 2.
1947 2297 2113 2361 (Anal.
2131 2299 2345 2346 Brunck.

1334 2361 1391 2406 Τ.
1409 2362 1478 2406 ΙΙ.
1493 2375 1541 2417 ρ.
1555 2357 2071 2424 13.)Ga11us50pemobs
2084 2358 2224 2409 δηίων
2235 2371 2344 2410 λεῖα·

1334 2426 1530 2483 conani}
1555 2423 1833 2485 πλοκάμους,
1857 2435 1903 2473 et
1939 2442 1985 2473 v.
2024 2426 2096 2473 18.
2121 2424 2276 2479 nim·
2309 2424 2345 2477 ὃ·

1329 2489 1676 2554 ‚ufireovoe'Z-twoe
1694 2489 1851 2551 κῦμαν.
1886 2492 1958 2537 Cf.
1983 2491 2146 2550 Epigr.
2167 2487 2344 2539 adscri-

1319 2563 1478 2614 ·ptum
1514 2568 1619 2612 sup.
1640 2555 1702 2599 ad
1737 2570 1783 2601 v.
1804 2552 1915 2601 311.
1941 2552 2123 2618 Catuli·
2147 2556 2342 2619 Lxm.

1337 2618 1416 2665 23.
1440 2625 1488 2663 et
1507 2617 1627 2663 illud
1649 2611 1784 2679 ῥίψαι
1807 2617 2068 2679 πλοκάμους
2081 2632 2159 2679 ap.
2176 2620 2344 2679 Eurip.

1319 2683 1388 2739 ,in
1425 2683 1607 2729 Bacch.
1648 2697 1693 2729 v.
1729 2682 1838 2731 150.
1871 2682 1984 2730 864.
2017 2690 2064 2727 et
2100 2683 2258 2743 Iphig.
2293 2686 2344 2736 in

1336 2749 1450 2794 Aul.
1487 2745 1596 2793 758.
1639 2746 1829 2794 Ululare
1861 2749 1920 2793 de
1952 2748 2124 2806 quovis
2155 2761 2272 2792 sono
2295 2755 2345 2793 et

1317 2807 1479 2870 ‘cantu
1519 2812 1594 2856 vel
1634 2809 1863 2866 clamore,
1899 2818 1999 2855 tam
2043 2811 2157 2856 laeto
2194 2826 2341 2871 quam

1317 2870 1481 2933 tristi,
1518 2875 1790 2931 adhibetur,
1823 2883 1877 2922 ut
1913 2872 2137 2936 ὂλρλόζυν
2157 2885 2207 2922 et
2245 2874 2343 2924 32·-

1333 2937 1470 3000 λνσγῆ.
1505 2938 1762 2992 Maenades.
1778 2935 1830 2985 ut
1847 2935 2076 2997 Μαινάδες,
2089 2954 2249 3000 propr.
2265 2940 2342 2988 fu·

1332 3007 1472 3049 riosae
1491 3010 1539 3048 et
1560 2999 1682 3049 ive...
1705 3006 1946 3059 muliereS,
1968 3006 2092 3064 inpr.
2118 3007 2342 3064 Bacchae,

1330 3065 1423 3116 ata-3
1445 3066 1506 3115 τῧ
1524 3066 1750 3129 μαίνεσθαι
1780 3068 1851 3115 sic
1884 3071 2042 3115 dictae.
2095 3070 2341 3118 Moenades

1313 3132 1497 3191 ,Priapi
1527 3134 1681 3178 facete
1722 3133 1950 3178 dicuntur
1979 3133 2206 3191 mulieres
2236 3142 2335 3181 tam

1333 3198 1611 3256 vino-quam
1645 3197 1843 3242 libidine
1864 3196 2097 3255 surenteS,
2122 3204 2172 3244 et
2206 3200 2336 3245 Pria-

1331 3274 1468 3320 pum,
1483 3262 1629 3306 deum
1653 3261 1905 3320 inpurum,
1921 3267 1976 3307 ut
1994 3262 2198 3308 Bacchae
2216 3264 2338 3327 Bac·

1324 3326 1492 3381 chum,
1515 3331 1619 3369 tum
1634 3325 1864 3384 colentes,
1879 3333 1982 3371 tum
2002 3327 2181 3371 ululatu
2200 3328 2335 3371 invo—

1322 3395 1487 3436 cantes
1503 3383 1560 3432 'in
1583 3389 1733 3433 Bonae
1759 3390 1879 3434 Deae
1912 3390 2080 3446 sacris,
2104 3403 2214 3448 quae
2232 3392 2334 3436 Pri-

1322 3439 1471 3510 apeiis
1495 3458 1543 3512 et
1568 3453 1941 3502 Bacchanalibus
1975 3453 2154 3508 similia
2173 3451 2338 3508 erantg

1321 3517 1381 3561 de
1393 3530 1488 3575 quo
1506 3531 1549 3559 v.
1565 3515 1692 3562 Plut.
1707 3517 1755 3559 in
1775 3517 1897 3561 Caes.
1909 3523 1957 3560 et
1971 3516 2073 3562 Cic.
2105 3515 2217 3564 318.
2233 3534 2337 3579 quoe

1322 3592 1430 3637 vox,
1443 3593 1589 3638 quam
1606 3580 1793 3625 lascivae
1804 3587 1917 3624 sunt
1929 3585 1978 3623 et
1993 3593 2181 3626 canorae
2197 3596 2335 3629 voces

1322 3656 1488 3690 earum
1505 3644 1528 3689 Ρ
1563 3644 1777 3690 Verbum
1789 3642 1957 3688 souare
1967 3643 2027 3688 de
2049 3644 2334 3695 vehemente

1323 3708 1587 3766 cupiditate
1608 3707 1804 3763 dicitur,
1827 3714 1881 3752 ut
1912 3701 2072 3771 καρδία
2104 3704 2228 3773 τηδᾷ
2257 3715 2334 3761 vel

1325 3766 1501 3833 ἰκτηδᾷ
1522 3772 1765 3830 Aristoph.
1781 3771 1912 3817 Nub.
1932 3786 1979 3819 v.
1999 3771 2136 3819 1393.
2159 3775 2267 3838 (ubi
2286 3792 2333 3827 v.

1309 3836 1541 3893 ‚Kustem
1554 3837 1675 3882 forte
1687 3842 1735 3880 et
1753 3833 1950 3897 ἄλλιτᾳι
1965 3835 2186 3899 ὅφθαλμός
2203 3840 2331 3889 The-

1323 3902 1461 3949 ocrit.
1484 3900 1582 3947 111.
1601 3900 1681 3948 37.
1701 3901 1827 3959 inpr.
1849 3915 1960 3948 veto
1990 3902 2121 3949 κακὰ
2139 3899 2175 3951 δ’
2197 3904 2329 3963 ἰξάλ-

1305 3973 1433 4018 ,am
1465 3963 1619 4029 ymas-be
1639 3980 1717 4025 ap.
1751 3966 1943 4014 Gallim.
1968 3969 2033 4013 H.
2065 3969 2116 4013 in
2151 3969 2256 4015 Cer.
2280 3985 2326 4016 v.

1322 4030 1402 4077 89.
1437 4028 1520 4077 ubi
1545 4032 1651 4076 haec
1672 4038 1722 4075 et
1738 4032 1831 4076 alia
1844 4027 1949 4091 jam
1966 4029 2153 4077 notavit
2175 4034 2327 4079 Erne-

1319 4097 1415 4142 sti.·
1429 4095 1544 4156 319.
1553 4094 1800 4148 Quantum
1815 4095 1932 4141 meri
1945 4097 2107 4141 veteris
2116 4094 2326 4158 (utrum-

1320 4175 1414 4219 que
1433 4174 1546 4206 cum
1569 4161 1778 4217 delectu)
1795 4160 1856 4203 ad
1878 4161 2021 4217 pedes
2041 4160 2208 4204 defluit
2222 4174 2326 4205 ma-

1307 4217 1471 4270 'tronis
1484 4223 1690 4277 lasciviS,
1706 4237 1758 4268 se
1777 4223 2214 4281 commingentibus
2233 4221 2248 4268 !

1381 4288 1497 4346 320.
1518 4287 1729 4348 Santi-ia,
1752 4285 1845 4348 (ai.
1861 4283 2075 4345 Lavffeia,
2098 4282 2324 4349 Laufirqi,

1321 4352 1550 4413 Latgfhla,
1571 4350 1799 4426 Ianfillq)
1822 4356 2042 4406 matrona
2068 4350 2250 4424 lasciva
2271 4359 2323 4414 et

1434 4435 1474 4474 Τ
