2978 4920
579 323 707 392 294

1286 311 1953 379 JUVENALIS

658 501 857 570 Adde
884 513 949 568 et
977 499 1348 579 bascaudas,
1378 513 1443 565 et
1471 499 1646 564 mille
1673 499 1930 577 escaria,
1961 487 2238 565 multum

664 605 912 686 caelati,
941 604 1186 670 biberat
1216 627 1348 690 quo
1374 603 1645 668 callidus
1671 615 1875 668 emtor
1905 603 2194 691 Olynthi.

663 709 792 775 Sed
820 708 967 795 quis
993 728 1163 771 nunc
1190 707 1374 784 alius,
1405 729 1537 793 qua
1564 706 1789 772 mundi
1819 719 2022 793 parte,
2054 707 2199 793 quis
2227 706 2421 771 audet

663 813 957 895 Argento
985 805 1285 895 praeferr'e
1313 820 1509 893 caput
1538 809 1859 893 rebusque
1890 808 2208 873 salutem?
2257 815 2265 849 ³

663 911 776 973 *N
778 932 859 974 on
890 920 1150 996 propter
1179 909 1376 974 vitam
1403 908 1647 973 faciunt
1676 908 2058 995 patrimonia
2086 909 2373 996 quidam,

2576 911 2663 972 50

665 1009 844 1074 *Sed
872 1010 1031 1074 vitio
1058 1009 1208 1074 caeci
1237 1021 1501 1096 propter
1529 1009 1913 1095 patrimonia
1939 1009 2191 1073 vivunt.

663 1112 711 1175 J
713 1120 962 1176 actatur
993 1131 1204 1174 rerum
1235 1109 1491 1174 utilium
1521 1132 1670 1195 pars
1698 1109 1977 1173 maxima
2002 1134 2018 1173 ε
2067 1110 2179 1173 sed
2207 1132 2323 1173 nec

663 1212 916 1276 Damna
943 1211 1171 1275 levant.
1218 1217 1394 1288 tunc,
1423 1209 1703 1274 adversis
1732 1209 2183 1295 urguentibus,
2212 1210 2366 1274 illuc

665 1311 943 1391 Recidit,
974 1324 1049 1377 ut
1078 1311 1316 1375 malum
1343 1311 1516 1374 ferro
1545 1309 1972 1389 submitteret,
2001 1333 2074 1375 ac
2106 1333 2172 1374 se

664 1412 969 1500 Explicat
996 1424 1362 1498 angustum,
1391 1411 1769 1476 discriminis
1798 1411 2028 1476 ultima
2054 1411 2314 1499 quando

2577 1413 2662 1475 55

667 1513 973 1579 Praesidia
999 1513 1366 1592 adferimuS,
1396 1535 1620 1578 navem
1649 1512 1902 1577 factura
1927 1512 2251 1576 minorem.

586 1700 820 1765 picantur,
840 1698 965 1747 hanc
995 1714 1097 1749 esse
1127 1698 1383 1755 Saufeiam,
1404 1699 1465 1748 de
1497 1714 1594 1764 qua

586 1764 1317 1892 {gsssspfdxssfczssflffie‘ffssoxjss
1326 1765 1595 1877 3353.

589 1895 671 1941 46.
702 1892 813 1955 (ubi
843 1909 892 1940 v.
913 1892 1037 1955 not.)
1061 1892 1138 1940 vel
1170 1893 1306 1947 alius,
1329 1892 1389 1940 de
1422 1908 1517 1956 quo
1548 1909 1595 1940 v.

588 1972 693 2020 sup.
718 1956 781 2004 ad
801 1956 895 2004 IV.
916 1958 1023 2005 112.

657 2020 737 2068 46.
755 2022 1009 2076 bascaudas,
1028 2032 1160 2075 vasa,
1193 2017 1274 2066 ubi
1293 2019 1369 2079 (in
1399 2019 1595 2083 quibus)

591 2083 764 2132 calices
791 2084 1085 2138 lavabantur,
1108 2091 1157 2130 et
1173 2084 1404 2143 cacabus;
1437 2084 1597 2133 Schol.

594 2146 802 2196 Concha
834 2161 984 2203 aereae,
1018 2161 1189 2211 genera
1218 2163 1461 2205 vasorum3
1500 2150 1596 2197 Pa-

592 2212 711 2324 {2³⁸⁸
761 2210 865 2276 (cf.
888 2212 1017 2277 Intp.
1036 2210 1248 2260 Martial-
1269 2214 1342 2260 XI
1352 2215 1410 2262 V.
1429 2214 1512 2261 97.
1533 2213 1596 2261 al.

663 2277 700 2339 .)
751 2278 918 2324 escaria
937 2277 1013 2324 vel
1032 2278 1191 2324 cacalia
1208 2291 1274 2324 sc.
1298 2291 1428 2324 vasa.
1475 2279 1596 2325 mul-

590 2349 690 2387 tum
720 2341 879 2397 celati,
915 2341 1064 2390 multa
1101 2355 1228 2397 vasa,
1266 2340 1316 2388 h.
1355 2340 1389 2389 l.
1428 2343 1600 2405 pocula

593 2419 735 2453 aurea
757 2413 1088 2470 argenteaque,
1106 2419 1254 2469 eaque
1272 2405 1455 2453 caelata.
1520 2408 1600 2453 47.

592 2470 876 2519 Poculorum
916 2470 1116 2536 pretium
1159 2478 1355 2533 augetur
1395 2470 1598 2534 antiqui-

593 2540 692 2583 tate
710 2543 760 2583 et
790 2534 1017 2599 dignitate
1035 2535 1238 2607 priorum
1478 2551 1600 2585 rum.

591 2601 759 2648 biberat
775 2614 833 2648 ex
851 2617 951 2662 quo,
975 2600 1144 2664 qulbus
1163 2599 1344 2663 poculis
1365 2614 1475 2648 usus
1497 2600 1595 2648 fue-

590 2672 682 2712 rat.
717 2672 855 2712 emtor
874 2664 1076 2728 Olynthi,
1097 2663 1364 2728 Philippus,
1386 2663 1596 2713 Alexan-

590 2727 664 2775 dri
684 2730 761 2777 Μ.
817 2735 931 2784 ater,
954 2728 1035 2792 qui
1057 2729 1320 2790 Olynthum,
1342 2728 1598 2777 maximam

592 2791 706 2839 olim
737 2793 778 2839 T
894 2792 952 2840 im
981 2792 1161 2847 urbem,
1195 2791 1335 2856 cepit,
1360 2793 1600 2841 Lasthene

591 2864 642 2904 et
690 2856 979 2921 Euthycrate
1104 2855 1217 2903 unia
1254 2857 1508 2920 conruptis.
1551 2874 1597 2905 v.

593 2920 841 2968 Demosth.
863 2920 927 2968 Ol
992 2928 1012 2967 t
1049 2954 1063 2968 .
1082 2919 1299 2989 ssucygi.
1333 2921 1378 2966 Ι.
1397 2922 1477 2969 58.
1498 2934 1598 2985 seq.

589 2991 640 3031 et
671 2984 868 3033 Diodor.
950 2985 1041 3033 VI.
1072 2986 1153 3032 63.
1185 2985 1263 3031 54.
1297 2985 1502 3041 callidus,
1538 2985 1598 3034 de

590 3062 686 3110 quo
706 3064 753 3097 v.
775 3049 807 3097 J
810 3047 953 3096 nstin.
970 3049 1063 3095 IX.
1085 3050 1132 3096 8.
1188 3046 1324 3096 Idem
1346 3048 1599 3114 Philippus

590 3110 747 3173 plumes
764 3111 975 3161 civitates
1005 3111 1135 3168 emit,
1159 3112 1349 3176 (Senec.
1372 3114 1462 3179 Ep.
1483 3115 1595 3177 94.)

590 3182 641 3221 et
657 3176 901 3223 castellum
932 3175 1043 3224 olim
1075 3177 1440 3241 obpugnaturus,
1467 3179 1596 3241 quod

591 3239 921 3303 exploratores,
948 3238 1307 3287 munitissimum
1340 3256 1441 3289 esse
1473 3257 1595 3290 nun-

589 3302 838 3360 tiaverant,
869 3302 1137 3367 quaesivisse
1169 3319 1227 3351 ex
1259 3303 1318 3351 iis
1349 3305 1536 3363 dicitur,
1559 3309 1598 3355 εἰ

586 3368 800 3430 χαλεπὴ
818 3366 955 3422 οὕτως
978 3367 1077 3420 icit,
1094 3367 1179 3420 ὅτε
1191 3365 1291 3430 μήδ’
1303 3367 1387 3417 ἕνον
1403 3381 1592 3435 «goeta-

586 3435 681 3482 θεῖν
726 3433 906 3500 georio·
956 3432 1210 3495 κομίζοντι.
1264 3450 1309 3480 v.
1351 3434 1479 3482 Plut.
1522 3437 1592 3483 A·

585 3514 649 3562 po
680 3497 783 3548 hth.
823 3501 951 3563 Opp.
992 3497 1125 3546 Tom.
1166 3499 1240 3546 II.
1279 3513 1329 3563 p.
1370 3500 1477 3548 178.
1514 3501 1593 3549 ed.

587 3563 650 3610 Fr
669 3570 704 3611 t.
719 3572 770 3612 et
802 3563 904 3613 Cic.
937 3562 1000 3610 ad
1019 3563 1123 3613 Att.
1145 3563 1188 3611 I.
1214 3563 1290 3611 16.
1324 3563 1492 3611 Paculo
1506 3582 1592 3612 au-

582 3642 658 3674 reo
668 3630 865 3686 malcinis
875 3630 1046 3676 ”obdito
1060 3628 1317 3689 Philippum
1332 3644 1478 3691 regem
1486 3631 1588 3677 dor·

584 3692 710 3800 niul-04
724 3693 900 3740 ⁸0me
927 3691 1071 3739 tradit
1101 3691 1227 3743 Plin.
1260 3693 1511 3741 XXXIII.
1542 3694 1590 3742 3.

584 3768 625 3802 ε.
711 3787 726 3801 .
1454 3786 1463 3797 .

650 3818 732 3865 48.
770 3831 870 3880 seq.
911 3818 1061 3868 Poeta
1098 3819 1410 3869 narrationem
1448 3820 1589 3870 inter-

583 3881 986 4009 mam?
1000 3883 1224 3995 3335
1244 3883 1590 4012 ἶιῗξῗὲζρῖἓ·

582 4011 673 4059 bus
691 4010 907 4075 vigentis,
930 4017 978 4058 et
996 4010 1100 4058 laus
1133 4011 1310 4060 Catulli
1343 4013 1587 4062 continen-

580 4081 689 4187 tur-i)
703 4085 857 4138 caput,
886 4074 1047 4124 vitam.
1077 4076 1221 4131 rebus,
1254 4075 1319 4123 rei
1352 4075 1585 4134 familiari,

579 4156 609 4188 o
690 4156 762 4188 us.

608 4156 724 4253 Pl50.
743 4205 824 4254 51.
858 4204 961 4253 Non
982 4213 1162 4266 propter
1189 4205 1342 4260 vitam,
1365 4203 1475 4251 vitae
1507 4221 1585 4254 su-

579 4269 840 4317 stentandae
882 4284 1043 4326 causa,
1071 4267 1264 4332 faciunt
1301 4271 1583 4330 patrimonia,

578 4346 690 4395 opes
714 4334 1192 4398 conligunt,·quidam,
1215 4335 1289 4383 sed
1319 4335 1426 4383 vitio
1455 4338 1581 4392 coeci,

1657 1696 1857 1747 avaritia
1895 1697 2136 1755 excecati,
2177 1706 2355 1759 propter
2395 1700 2671 1760 patrimonia

1657 1766 1830 1817 vivunt,
1858 1770 2028 1827 putant
2058 1778 2110 1811 se
2141 1777 2244 1810 eam
2279 1761 2339 1810 ob
2372 1776 2569 1809 causam
2603 1762 2673 1808 vi-

1659 1843 1783 1882 vere,
1808 1835 1859 1874 ut
1877 1842 1993 1892 opes
2013 1827 2269 1875 cumulent.
2290 1825 2369 1873 Cf.
2389 1841 2497 1890 sup.
2523 1826 2675 1873 VIII.

1660 1894 1739 1940 83.
1760 1892 1839 1939 84.
1859 1898 1906 1939 et
1927 1889 1989 1940 ad
2008 1892 2101 1938 XI.
2127 1892 2203 1938 11.
2268 1888 2364 1937 Sed
2384 1904 2469 1954 pro
2489 1893 2675 1951 quidam

1660 1956 1826 2003 saltem
1847 1955 1940 2018 leg.
1958 1957 2119 2018 quique
2146 1954 2223 2003 vel
2255 1956 2454 2017 quisque,
2474 1968 2538 2001 ne
2568 1952 2676 2001 haec

1658 2020 1867 2068 versibus
1882 2021 1962 2067 48.
1980 2026 2029 2067 et
2044 2019 2125 2067 49.
2139 2025 2423 2084 repugnent:
2462 2025 2514 2065 et
2530 2034 2678 2082 quam

1659 2084 1826 2132 scabra
1871 2090 1943 2130 est
1991 2083 2138 2131 oratio
2174 2083 2336 2148 facem
2375 2085 2677 2143 patrimonia?

1660 2148 1807 2196 Haud
1839 2146 1980 2196 dubie
2010 2146 2157 2212 spurii
2187 2154 2298 2195 sunt
2327 2162 2373 2193 v.
2409 2148 2493 2195 50.
2516 2153 2566 2193 et
2597 2149 2679 2193 51.

1659 2212 1938 2275 laciniaeque
1967 2210 2166 2276 margini
2198 2211 2395 2266 adsutae,
2419 2218 2473 2259 ut
2499 2211 2677 2276 paaeim

1661 2276 1767 2324 aliae
1789 2275 2053 2341 hujusmodi
2075 2275 2383 2324 sententiolae.

1727 2342 1808 2389 52.
1828 2356 1877 2388 se
1916 2374 1929 2386 .
1952 2340 2204 2388 R-etexitur
2221 2340 2319 2387 tela
2340 2340 2560 2403 abrupta.
2592 2339 2674 2386 Ja-
2747 2376 2766 2395 2

1662 2413 1815 2452 ctatur
1833 2404 1884 2452 in
1969 2419 2047 2452 are
2068 2419 2098 2452 a
2117 2404 2311 2453 Catullo
2328 2411 2377 2451 et
2398 2402 2538 2451 sociis
2558 2404 2676 2469 ejuS.

1662 2472 1735 2517 sed
1754 2487 1835 2518 nec
1851 2473 2031 2523 damna,
2047 2469 2233 2533 jactura
2258 2470 2506 2525 bonorum,
2530 2471 2678 2516 levant

1664 2549 1833 2583 navem
1853 2543 1900 2583 et
1929 2533 2205 2599 periculum.
2270 2531 2365 2582 Sed
2397 2533 2507 2581 haec
2540 2533 2675 2599 ellip-

1660 2598 1725 2646 sis
1756 2597 1874 2648 dura
1904 2606 1991 2654 est,
2013 2605 2063 2647 et
2094 2597 2210 2647 forte
2231 2599 2325 2662 leg.
2343 2599 2539 2659 jumnt,
2560 2597 2611 2648 h.
2630 2613 2677 2646 e.

1660 2671 1869 2728 prosunt,
1889 2662 2147 2727 quidquam
2164 2663 2431 2728 proficiunt.

1725 2729 1805 2775 53.
1827 2730 2018 2775 adversis
2035 2727 2144 2775 fatis
2163 2728 2441 2791 urgentibus,
2458 2741 2675 2791 premen-

1662 2789 1804 2847 tibus,
1827 2792 2034 2857 periculo
2056 2799 2307 2840 crescente.
2348 2792 2465 2838 illuc
2496 2793 2676 2847 recidit,

1660 2869 1716 2903 eo
1737 2856 1957 2904 redactus
1975 2864 2073 2904 est:
2108 2871 2219 2905 nam
2242 2872 2312 2904 res
2340 2857 2457 2902 illuc
2477 2854 2558 2902 vel
2588 2857 2677 2903 huc

1659 2923 1820 2967 recidit
1837 2919 2006 2968 dicitur
2023 2936 2128 2985 pro,
2152 2936 2226 2968 res
2254 2936 2311 2968 eo
2336 2918 2443 2983 jam
2474 2919 2617 2967 rediit
2636 2936 2676 2967 a.

1662 2982 1754 3032 huc
1775 2984 1965 3034 redacta
1983 2992 2081 3043 est3
2113 2992 2162 3032 et
2183 2984 2290 3049 syll.
2310 3000 2359 3032 re
2392 2999 2574 3048 anceps
2605 2993 2677 3032 aet

1661 3046 1711 3093 in
1742 3048 1896 3097 verbis
1932 3048 2212 3114 compositis,
2249 3063 2354 3112 quae
2392 3063 2424 3096 a
2464 3063 2675 3096 consona

1659 3110 1906 3177 incipiunt,
1937 3127 1993 3161 ac
2026 3113 2184 3162 brevis
2219 3112 2268 3160 in
2297 3114 2445 3167 redeo,
2485 3114 2674 3168 redoleo,

1660 3175 1873 3241 aliisque,
1894 3193 2003 3242 quae
2018 3177 2178 3226 hiatus
2199 3177 2375 3225 vitandi
2397 3191 2546 3225 causa
2567 3176 2676 3225 lite-

1659 3255 1761 3288 ram
1798 3241 2025 3290 inserunt.
2088 3242 2249 3304 Vulgo
2273 3244 2526 3306 'perperam
2558 3241 2678 3304 legi-

1658 3310 1736 3353 tur
1768 3305 1965 3361 Decidit,
2003 3321 2097 3369 quo
2127 3304 2269 3355 verbo
2308 3313 2465 3354 motus
2505 3322 2533 3355 e
2570 3307 2676 3355 loco

1658 3369 1878 3434 superiori
1897 3370 2145 3419 indicatur.

1722 3436 1802 3482 54.
1823 3435 1991 3482 malum
2007 3433 2159 3499 ferro,
2189 3431 2357 3492 securi,
2379 3435 2671 3490 submitteret,

1656 3497 1937 3548 subcideret.

1720 3565 1802 3611 55.
1825 3563 2003 3611 Recidit
2023 3563 2253 3611 illuc—ac
2275 3579 2318 3612 se
2336 3579 2397 3610 απ
2448 3572 2599 3618 astum,
2622 3561 2673 3610 in

1655 3625 1895 3689 angustias
1948 3626 2221 3683 adductum,
2273 3627 2321 3675 in
2419 3626 2557 3685 'tum,
2600 3627 2673 3674 in-

1652 3690 1886 3754 plicatum
1908 3691 2092 3754 magnis
2123 3691 2481 3740 difficultatibus
2500 3707 2562 3740 ac
2590 3706 2673 3756 pe·

1653 3754 1828 3812 riculis,
1850 3758 2052 3818 explicat,
2074 3755 2268 3821 expedit
2297 3771 2357 3804 ex
2388 3755 2465 3812 iis,
2487 3756 2671 3830 (propr.

1653 3834 1705 3866 se
1727 3828 1906 3868 arctum
1926 3820 2174 3886 expandit,
2189 3827 2458 3877 anvustum,
2477 3836 2573 3884 quo
2594 3836 2668 3868 in-

1654 3882 1812 3933 clusus
1841 3892 1957 3941 erat,
1982 3885 2185 3949 spatium
2208 3862 2452 3947 dilatavit)
2473 3887 2667 3947 qnando,

1652 3949 1890 4011 quoniam,
1934 3949 2313 4013 quandoquidem
2361 3951 2539 3997 idtimis
2577 3951 2667 3997 dis-

1650 4015 1850 4062 criminis
1861 4016 2069 4074 presidia
2082 4016 2142 4062 ad
2165 4017 2344 4069 erimus,
2362 4020 2574 4061 extrema
2587 4027 2668 4078 pe-

1652 4076 1787 4124 riculi
1829 4076 2035 4128 remedia
2066 4078 2127 4126 ad
2163 4078 2359 4133 ibemus,
2403 4093 2561 4125 navem
2575 4078 2665 4143 sa-

1650 4150 1782 4189 ctum
1801 4145 2029 4199 minorem,
2051 4141 2288 4191 leviorem.
2337 4141 2434 4190 Sed
2454 4143 2572 4190 forte
2592 4141 2670 4189 di·

1650 4205 1998 4270 stinguendum,
2021 4224 2075 4254 ac
2094 4223 2138 4256 se
2161 4208 2370 4268 Explicat
2394 4215 2636 4271 angustum
2651 4224 2666 4252 :

1648 4273 1915 4326 discriminis
1951 4273 2131 4329 ultima,
2164 4273 2340 4334 quando
2375 4278 2465 4319 cet.
2505 4269 2582 4335 (h.
2616 4285 2663 4318 e.

1648 4334 1854 4387 maxima
1885 4336 2095 4402 pericula
2131 4342 2242 4385 tunc
2286 4334 2475 4392 adsunt,
2513 4349 2659 4399 quum
