2978 4920
576 335 700 378 xxx
1274 313 1382 372 DE
1428 312 1961 371 EDITIONIBUS

577 483 766 546 tondis
790 481 1173 557 ornandisque
1210 482 1397 551 rebus,
1427 484 1487 540 in
1512 483 1934 540 sententiarum
1964 498 2031 538 ac
2065 481 2370 541 -vorbomm
2409 482 2679 554 delectu,

576 581 920 648 abundan23
964 588 1027 638 et
1053 579 1244 656 dignm
1268 579 1501 637 omnino
1541 588 1702 647 sunt,
1726 597 1857 654 quar
1898 578 1972 634 ab
2014 596 2372 655 unoquoque,
2398 580 2502 655 qui
2541 598 2680 639 non

573 676 741 737 modo
762 693 964 753 sapere
985 673 1116 750 plus
1139 691 1315 750 quam
1349 673 1531 750 plebs,
1556 673 1660 731 sed
1698 673 1939 731 honeste
1976 674 2154 730 etiam
2193 684 2254 731 et
2283 674 2546 748 jucunde
2570 677 2676 733 vi-

572 791 705 832 vore
728 772 905 848 cupit,
931 769 1233 846 diligenter
1258 786 1327 827 ac
1351 767 1609 826 studiose
1629 786 1729 845 per
1754 778 1941 825 totam
1967 769 2150 826 vitam
2177 768 2463 845 leg-amm.
2532 769 2675 829 Ne·

574 886 687 944 que
711 865 982 925 audiendi
1024 865 1194 942 paulo
1232 863 1526 940 rigidiores
1551 880 1769 943 morum
1797 882 2080 933 censores,
2105 866 2207 939 qui
2246 867 2489 923 nimium
2511 867 2676 927 risus

574 963 1034 1038 facetiarumque
1071 961 1316 1037 pretium
1356 978 1482 1017 esse
1521 969 1751 1036 putant,
1792 960 1847 1016 si
1887 960 2206 1018 honestatis
2243 962 2674 1038 probitatisque

466 1112 474 1117 .
575 1057 840 1137 inpendio
865 1066 1161 1125 constent3
1202 1057 1415 1131 quique
1440 1057 1711 1113 obscoena
1732 1056 1861 1113 loca
1893 1056 2109 1132 passim
2139 1057 2326 1126 obvia,
2351 1068 2666 1133 tamquam

574 1175 671 1226 ea,
692 1173 825 1231 qum
862 1152 1132 1231 pudorem
1170 1150 1482 1210 obtendant
1521 1163 1582 1210 et
1621 1159 1868 1209 noceant
1908 1168 2126 1211 morum
2168 1154 2451 1222 castitati,
2492 1153 2666 1212 dam-

575 1262 755 1318 nant:
810 1249 902 1307 vel
951 1244 1231 1317 Persium,
1256 1249 1360 1324 qui
1398 1248 1474 1305 ab
1516 1248 1607 1317 iis,
1655 1249 1706 1304 si
1744 1258 2011 1322 quartam
2053 1250 2344 1326 exceperis
2384 1249 2659 1318 satiram,

574 1346 878 1416 abstinuit,
908 1342 1150 1402 Horatio
1177 1353 1474 1421 propterea
1499 1353 1561 1401 et
1580 1340 1852 1400 Juvenali
1873 1341 2215 1401 anteferunt.
2261 1342 2441 1415 Nam,
2470 1355 2538 1401 ut
2566 1354 2660 1401 ta·

573 1460 758 1513 ceam,
784 1442 1104 1501 honestatis
1126 1440 1469 1518 pudorisque
1497 1441 1611 1497 vim
1637 1459 1744 1497 nec
1785 1459 2005 1517 semper
2031 1459 2136 1498 nec
2165 1443 2351 1499 ubivis
2391 1442 2661 1501 eamdem

574 1561 721 1607 esse,
741 1551 804 1599 et
828 1558 1101 1607 amorem,
1129 1541 1181 1595 si
1207 1557 1320 1596 non
1342 1541 1574 1608 civium,
1596 1539 1722 1613 (qui
1741 1539 1851 1595 soli
1874 1537 2180 1615 disciplina
2194 1539 2446 1615 publica,
2474 1542 2661 1615 majo-

574 1655 700 1695 rum
726 1636 1006 1693 institutis
1029 1634 1360 1708 legibusque
1384 1644 1443 1691 et
1468 1633 1859 1691 formabantur
1881 1647 1942 1691 et
1983 1635 2351 1709 tenebantur)
2376 1645 2534 1693 certe
2557 1652 2659 1713 pe-

573 1732 923 1807 regrinarum
962 1738 1024 1787 et
1061 1728 1473 1799 libertinarum,
1517 1729 1765 1803 aliaque,
1792 1747 1924 1804 quae
1966 1729 2150 1798 nobis,
2204 1746 2445 1805 quorum
2482 1733 2658 1789 verba

573 1829 823 1887 castiora
847 1835 1002 1895 sunt,
1028 1844 1204 1901 quam
1231 1845 1433 1895 mores,
1461 1826 1656 1903 turpia
1679 1826 1962 1895 videntur,
1991 1845 2028 1884 a
2052 1828 2187 1885 vitae
2214 1829 2509 1905 elegantia
2535 1824 2657 1886 Ro-

580 1942 877 1982 manorum
922 1932 982 1980 et
1022 1921 1302 1978 dissoluta
1358 1923 1718 1998 potissimum
1774 1922 2012 1980 licentia
2059 1934 2378 2000 temporum
2430 1925 2658 1984 illorum

575 2019 910 2093 neutiquam
962 2017 1321 2074 abhorruisse
1343 2036 1359 2085 ;
1427 2027 1612 2093 poetae
1661 2017 1899 2084 satirici,
1947 2027 2007 2074 et
2055 2019 2336 2095 praecipue
2398 2017 2658 2079 Juvena·

575 2114 673 2182 lis,
724 2131 840 2170 non
886 2122 1010 2170 tam
1056 2113 1114 2169 id
1139 2121 1397 2188 egerunt,
1439 2121 1509 2167 ut
1547 2112 1787 2169 lectores
1822 2111 1980 2169 mala
2018 2122 2080 2170 et
2122 2116 2307 2190 turpia
2346 2132 2656 2190 cognosce-

572 2220 718 2279 rent,
747 2227 920 2285 quam
960 2218 1029 2265 ut
1067 2227 1140 2266 ea
1178 2209 1636 2266 detestarentur:
1680 2226 1794 2283 quo
1835 2228 2065 2267 nausea»
2090 2210 2383 2268 movendae
2409 2214 2656 2271 consilio

572 2307 757 2364 verbis
803 2306 904 2362 illa.
944 2306 1224 2362 obscoenis
1271 2305 1572 2381 planisque
1616 2316 2029 2381 expresserunt.
2112 2304 2410 2383 Quidquid
2451 2319 2650 2368 autem

572 2402 698 2459 vitii
723 2401 836 2458 illis
860 2400 953 2458 vel
977 2411 1124 2458 aetas
1164 2400 1445 2477 adspersit
1469 2398 1559 2456 vel
1587 2399 1893 2470 institutio,
1921 2400 2091 2459 facile
2132 2401 2189 2458 id
2230 2404 2402 2460 vitari
2444 2407 2653 2483 poterit

572 2518 687 2556 non
712 2507 940 2555 tantum
966 2517 1004 2555 a
1027 2498 1183 2565 viris,
1210 2498 1417 2572 quibus
1442 2497 1746 2553 subactum
1772 2507 1862 2554 est
1891 2498 2174 2572 judicium
2214 2510 2273 2556 et
2312 2511 2513 2575 pectus
2554 2521 2660 2560 sa·-

571 2594 790 2672 pientia
814 2594 1128 2662 munitum,
1159 2592 1259 2650 sed
1283 2593 1461 2649 etiam
1503 2610 1540 2647 a
1567 2592 1896 2666 juvenibus,
1926 2592 2095 2650 modo
2134 2609 2248 2649 non
2288 2595 2496 2652 obtuso
2535 2599 2656 2655 sint

571 2691 819 2767 ingenio,
847 2700 950 2748 aut
975 2689 1160 2746 idonei
1188 2689 1552 2766 praeceptoris
1577 2706 1682 2764 ope
1721 2697 1781 2745 et
1821 2687 2080 2746 consiliis
2107 2689 2387 2746 destituti.
2472 2690 2660 2751 Levia

569 2807 795 2864 quoque
820 2787 925 2843 illa
945 2787 1089 2843 vitia
1122 2794 1306 2862 poetae
1331 2784 1553 2842 satirici
1579 2795 1665 2840 tot
1691 2786 1989 2860 tantisque
2028 2786 2393 2845 redemerunt
2422 2788 2654 2848 virtuti-

571 2888 701 2954 bus,
726 2894 789 2940 et
813 2892 979 2939 tanto
1002 2883 1169 2957 plura
1195 2882 1431 2951 habent,
1459 2898 1588 2956 quae
1614 2882 1781 2938 utilia
1805 2892 1866 2939 et
1890 2882 2187 2959 praeclara,
2214 2902 2388 2958 quam
2413 2903 2546 2961 quoe
2568 2890 2654 2944 vi·

574 2978 893 3058 inperanda
914 2978 1005 3036 vel
1047 2977 1394 3053 ignoscenda
1432 2977 1640 3034 saltem
1662 2977 1946 3047 videntur,
1974 2989 2039 3035 ut
2064 2975 2195 3056 plus
2236 2991 2297 3038 et
2335 2982 2656 3059 voluptatis

570 3086 633 3134 et
656 3075 874 3134 fructus
899 3094 974 3132 ex
1013 3074 1255 3140 illorum,
1281 3091 1456 3149 quam
1482 3091 1555 3131 ex
1584 3072 1825 3133 aliorum
1852 3075 2210 3151 scriptorum,
2237 3085 2358 3133 tam
2388 3089 2648 3138 veterum

570 3191 746 3248 quam
772 3171 1164 3236 recentiorum,
1190 3169 1432 3226 lectione
1459 3168 1534 3225 ad
1559 3187 1663 3226 nos
1703 3169 1998 3228 redundet.
2081 3170 2452 3248 Quantopere
2477 3174 2659 3249 igitur

568 3289 668 3329 eos
690 3267 985 3336 Romanis,
1014 3268 1110 3324 illo
1134 3286 1254 3324 oevo
1278 3265 1617 3334 viventibus,
1640 3277 1700 3325 et
1718 3269 2004 3344 placuisse
2029 3278 2089 3326 et
2114 3267 2393 3345 profuisse
2416 3274 2649 3348 putabi-

570 3359 742 3422 mus?
800 3361 952 3419 Nam
979 3362 1197 3419 satirici
1219 3372 1422 3437 poem,
1450 3363 1550 3436 qui
1576 3379 1758 3422 mores
1784 3355 2115 3422 describunt
2140 3367 2335 3422 saecul'i
2359 3367 2648 3443 populari-

570 3480 779 3536 umque
802 3479 1078 3528 tsuorum,
1132 3459 1331 3516 horum
1378 3477 1603 3533 quoque
1656 3461 1881 3519 animos
1931 3479 2105 3536 quam
2153 3465 2407 3520 maxime
2446 3483 2647 3541 percu·-

570 3560 738 3615 thiat.

1108 3720 1155 3786 ς.
1183 3718 1240 3773 5.
1294 3715 1386 3775 De
1410 3715 1707 3778 Juvenalis
1732 3717 2078 3778 editionibus.

651 3840 721 3898 ln
759 3841 1116 3899 bibliothecis
1155 3853 1214 3899 et
1259 3844 1499 3920 publicis
1548 3854 1609 3902 et
1654 3846 1892 3920 privatis
1934 3846 2138 3922 ingens
2177 3846 2324 3903 latet
2376 3857 2650 3903 numerus·

568 3937 905 4012 scriptorum
929 3934 1229 3994 Juvenalis
1269 3938 1555 4008 codicum,
1582 3941 1683 4015 qui
1721 3940 1973 3997 nondum
2013 3941 2241 3998 excussi
2280 3949 2432 3997 sunt.
2517 3938 2645 3999 Nec

569 4045 763 4091 tamen
803 4032 1158 4102 crediderim,
1184 4035 1430 4094 multum
1470 4036 1602 4094 inde
1644 4037 1720 4094 ad
1757 4047 1983 4114 poetam
2025 4048 2281 4095 nostrum
2306 4036 2532 4120 fructus
2554 4058 2648 4097 res

567 4131 822 4190 divurum
861 4148 1003 4188 esse.
1087 4128 1240 4187 Nam
1280 4130 1451 4209 longe
1489 4136 1807 4192 maximam
1846 4146 2064 4212 partem
2106 4148 2244 4194 sunt
2278 4137 2638 4207 recentiores,

566 4244 750 4302 neque
789 4226 970 4304 digni,
1004 4228 1207 4301 qui-bus
1245 4231 1643 4305 comparandis
1684 4231 2002 4307 quidquam
2047 4232 2315 4311 temporis
2354 4241 2415 4290 et
2455 4250 2644 4312 operae

565 4323 842 4399 inpendas
868 4321 903 4381 τ’
927 4334 985 4380 et
1014 4323 1072 4381 in
1106 4325 1335 4400 optimis
1371 4343 1597 4400 qnoque
1619 4329 1713 4402 (ut
1738 4330 1800 4384 in
1841 4326 1971 4383 MS.
2000 4326 2335 4403 cantabrig.
2362 4328 2635 4401 cnjusle-
