2978 4920
1024 347 1065 405 S
1086 345 1152 405 A
1175 345 1236 405 T
1262 344 1478 409 IRA-
1543 345 1659 406 VI.

2254 348 2375 409 113

368 518 559 595 Quod
593 538 849 580 securus
879 539 1070 593 amerii,
1101 515 1405 601 quodque
1435 514 1583 577 inde
1602 537 1938 602 excerpere
1968 506 2204 602 possis?
2268 574 2273 579 .

373 619 799 682 Chironomon
833 616 1073 680 Ledam
1103 615 1276 680 molli
1308 616 1548 681 saltane
1578 616 1879 703 Bathyllo
2266 630 2273 639 “

367 720 613 783 Tuccia
641 719 862 782 vesicae
879 715 1014 789 ¹non
1044 717 1324 803 inperat:

371 821 546 885 Sicut
571 821 635 884 in
666 820 988 907 amplexu,
1021 820 1306 883 subitum
1338 833 1400 883 et
1431 819 1819 883 miserabile:
1868 821 2132 907 longum

1375 716 1641 803 Appula
1667 718 1910 802 gannit,

2285 823 2369 887 65

369 921 686 986 Adtendit
721 921 1117 1006 Thymelem
1172 920 1531 1006 Thymelen
1562 932 1715 983 tunc
1744 921 1978 985 rustica
2007 923 2209 987 discit.

370 1025 493 1085 Ast
527 1023 686 1100 aliae,
718 1022 968 1108 quoties
998 1022 1201 1085 aulaea
1231 1020 1553 1087 recondita
1583 1036 1845 1100 cessant,

368 1128 458 1188 Et
489 1149 689 1188 vacuo
718 1126 1057 1210 clausoque
1088 1138 1310 1189 sonant
1340 1110 1483 1187 fora
1510 1123 1642 1187 sola
1670 1125 1938 1203 theatr0,

368 1228 592 1311 Atque
621 1249 660 1288 a
688 1224 951 1311 plebeiis
973 1225 1160 1309 longe
1192 1225 1563 1311 Megalesia,
1598 1224 1805 1289 tristes

271 1422 326 1460 et
351 1414 721 1472 amphitheatra.
762 1414 914 1461 Canen·
929 1414 1118 1459 ordines
1136 1427 1191 1458 ac
1216 1426 1288 1457 se·

271 1480 399 1525 dilia
411 1479 605 1530 theatri,
618 1481 677 1525 de
692 1479 865 1538 quibus
879 1493 925 1523 v.
945 1478 1078 1536 LipS.
1090 1478 1150 1523 de
1166 1478 1285 1523 Am-

273 1544 437 1603 phith.
459 1557 499 1588 c.
527 1541 603 1587 13.
626 1555 882 1601 arceo-pere,
897 1541 1090 1601 eligere,
1104 1545 1287 1600 capere.

341 1607 553 1654 63—66.
587 1606 799 1652 Feminae
818 1608 962 1652 etiam
986 1607 1287 1660 castissimae,

271 1674 497 1718 Vestales
516 1678 564 1716 et
586 1673 797 1728 rusticae,
820 1671 1288 1730 inpudicitiam,libi-

271 1741 420 1783 dines
462 1736 804 1793 lasciviamque
837 1737 1029 1780 discunt
1068 1736 1118 1778 in
1160 1735 1287 1780 ludis

272 1802 500 1854 scenicis,
535 1800 659 1858 inpr.
682 1802 741 1843 ab
773 1801 1102 1845 Atellanarum
1124 1800 1284 1844 histri-

266 1867 450 1911 onibus
492 1872 542 1909 et
578 1864 912 1923 pantomimis,
948 1878 1099 1923 eoque
1145 1865 1288 1909 citius

271 1938 325 1974 et
351 1924 679 1987 facilius,'quo
700 1925 880 1987 majore
913 1930 965 1973 hi
988 1936 1090 1973 arte
1110 1942 1185 1973 res
1203 1931 1287 1974 ob-

269 2008 463 2040 scoenas
495 1993 546 2039 in
580 2007 721 2039 scena
748 1993 966 2037 saltando
999 2000 1047 2037 et
1079 1994 1287 2051 gesticu-

271 2061 426 2105 lando
449 2059 741 2118 exprimunt,
768 2071 959 2116 quoque
981 2058 1168 2102 facilius
1191 2058 1285 2102 dis-

269 2130 461 2170 cuntur
504 2137 580 2181 ea,
614 2136 724 2180 quae
757 2123 908 2166 oculis
952 2117 1289 2179 subjiciuntur.

270 2189 356 2233 Cf.
391 2190 453 2233 ad
486 2188 547 2233 V.
587 2186 694 2233 171.
727 2184 985 2244 Bathyllus,
1009 2184 1290 2230 Maecenatis

267 2253 481 2298 libertus
499 2265 555 2297 ac
574 2250 772 2302 deliciae,
787 2247 939 2309 (unde
960 2251 1109 2294 mollis
1119 2265 1135 2304 3
1161 2252 1291 2307 quod

268 2326 444 2363 tamen
468 2317 713 2375 epitheton
736 2315 797 2357 ad
829 2326 1140 2359 communem
1166 2328 1284 2371 quo-

266 2393 375 2440 que
397 2380 809 2439 pantomimorum
844 2378 1098 2423 mollitiem
1122 2377 1289 2431 referri

264 2441 462 2505 potest)
481 2452 529 2489 et
541 2443 740 2504 Pylades
753 2442 962 2501 Augusti
976 2443 1289 2501 temporibuS‚

262 2512 426 2555 sinon
444 2510 604 2568 primi,
617 2514 744 2554 certe
758 2506 1007 2551 clarissimi
1028 2509 1162 2554 fuere
1171 2521 1288 2564 pan-

264 2567 477 2627 tomimi,
495 2575 593 2618 h.e.
610 2578 793 2617 actores
807 2584 846 2615 s.
862 2571 1132 2624 histriones,
1155 2568 1288 2625 ludii,

269 2640 553 2693 saltatoreS,
587 2638 670 2696 qui
709 2648 822 2688 non,
846 2644 901 2680 ut
933 2636 1086 2689 mimi,
1111 2635 1287 2692 verbis,

263 2703 365 2748 'sed
387 2703 489 2748 sola
508 2701 768 2756 saltatione,
792 2707 841 2744 et
863 2712 1104 2744 manuum
1121 2712 1287 2757 corpo-

267 2768 441 2825 risque
493 2766 727 2825 gestibus,
772 2763 1006 2822 quidquid
1049 2763 1098 2807 in
1146 2776 1286 2808 scena

267 2838 520 2889 ageretur,
560 2831 688 2876 muti
732 2830 1001 2887 exprimere
1036 2837 1085 2872 et
1126 2840 1286 2874 mores

268 2895 535 2939 hominum
559 2894 736 2939 imitari
770 2893 1029 2954 (μιμεῖσθαι)
1051 2892 1284 2940 solebant.

269 2958 469 3004 Saliare
484 2957 678 3012 Ledam,
700 2956 881 3019 νομίμως
895 2956 1114 3021 ὅρχιῒσθαι
1131 2950 1286 3016 Λῆἷην,

264 3023 335 3069 'ut
360 3022 529 3067 saltare
545 3021 788 3081 Satyrum,
811 3022 1029 3067 Medeam
1052 3027 1144 3066 cet.
1166 3023 1217 3068 h.
1238 3036 1281 3067 e.

256 3081 464 3134 'Ledam
497 3083 698 3146 ejusque
726 3100 914 3131 amores
944 3098 1179 3130 manuum
1203 3100 1284 3145 ge-

263 3151 585 3196 sticulatione
600 3151 889 3207 exprimere,
907 3150 1182 3212 χειρονομεῖν,
1194 3163 1285 3196 un-

269 3217 331 3262 de
359 3215 459 3261 h.1.
475 3214 603 3258 Leda
624 3214 944 3269 cheironomcs,
956 3212 1214 3277 χειρονῦμος.
1238 3230 1287 3263 v.

273 3293 387 3338 sup.
410 3281 471 3324 ad
494 3279 552 3323 V.
574 3278 680 3323 121.
709 3278 878 3324 Tac-cia
896 3281 977 3333 (al.
1006 3280 1166 3337 Tutia,
1190 3280 1286 3326 Ta-

271 3347 373 3397 cic,
389 3340 579 3401 Tuscia)
600 3343 731 3403 virgo
746 3344 972 3398 Vestalis,
990 3357 1098 3402 quae
1116 3343 1287 3390 hausta

259 3406 433 3455 'cribro
451 3422 575 3466 aqua
596 3408 875 3464 pudicitiam
900 3420 1038 3452 suam
1062 3409 1285 3453 adseruit.

261 3488 322 3533 y.
373 3472 535 3517 Valer.
572 3473 699 3517 Max.
734 3471 873 3518 vm.
917 3470 959 3515 1.
996 3472 1045 3518 5.
1078 3478 1127 3517 et
1160 3473 1284 3519 Plin.

273 3535 529 3585 xxvln.
556 3536 600 3582 2.
626 3543 675 3581 et
696 3536 742 3583 8.
783 3536 1001 3580 Similem
1035 3537 1286 3582 historiam

270 3604 336 3648 de
355 3601 555 3647 Claudia
572 3603 767 3645 narrant
782 3601 904 3647 Plin.
923 3600 1037 3645 VII.
1058 3601 1285 3647 35.'Suet.

272 3663 459 3714 Tib.·1.
480 3671 530 3709 et
558 3666 619 3710 al.
648 3665 823 3710 Vesicoe
843 3678 933 3709 non
951 3666 1164 3723 imperat,
1190 3679 1286 3710 non

266 3723 492 3777 'continet
522 3730 732 3786 urinam,
753 3729 835 3792 (cf.
857 3728 946 3774 XI.
972 3724 1103 3789 168.)
1129 3743 1284 3788 propr.

272 3795 518 3854 pudenda,
538 3790 691 3845 κός-ηῦ.
712 3795 777 3845 (ν.
796 3796 857 3840 ad
877 3795 919 3841 1.
939 3792 1040 3851 39.)
1076 3792 1284 3854 Appula,

260 3861 497 3904 'matrona
537 3873 577 3905 s.
616 3859 777 3918 puella
818 3854 1089 3918 peregrina,
1116 3858 1286 3918 pudica

259 3921 463 3976 ‘maliem
478 3923 648 3968 Sabina
664 3923 810 3983 qualis
828 3928 909 3968 aut
917 3928 1105 3981 perusta
1117 3922 1285 3967 solibus

260 3985 492 4032 'pernicis
535 4001 654 4032 uror
685 3987 882 4045 Appuli,
924 3987 1095 4031 Horat.
1127 3987 1280 4045 Epod.

274 4051 347 4098 11.
368 4050 449 4097 39.
485 4065 584 4113 seq.
625 4053 697 4099 Ea
717 4052 835 4097 dum
866 4057 1050 4110 spectat
1082 4053 1284 4097 lascivos

274 4115 693 4175 pantomimorum
726 4124 907 4175 gestus,
925 4116 1114 4175 gannit,
1144 4117 1286 4161 subat

259 4180 355 4225 'vel
370 4181 501 4225 vocis
513 4193 764 4226 murmure
780 4180 1006 4239 exprimit
1019 4177 1285 4236 libidinem,

265 4243 416 4300 'quasi
467 4251 594 4290 esset
641 4246 692 4289 in
743 4245 959 4303 amplam
1010 4241 1282 4305 cujusdam.

279 4306 492 4354 Garmire
531 4310 595 4353 id.
641 4310 721 4368 qd.
747 4308 971 4367 garris-Q
1026 4322 1187 4367 propr.
1224 4310 1284 4355 de

272 4384 528 4419 murmure
550 4374 681 4419 canis
701 4373 972 4420 adhibetur.
1026 4373 1286 4432 Amplexus

1352 1412 1553 1457 honesta
1589 1425 1699 1469 vox,
1735 1425 1846 1471 quae
1882 1406 2255 1469 transfertui-‘ad
2290 1406 2364 1462 res

1352 1477 1593 1522 Venereas
1610 1489 1666 1521 ac
1701 1482 1878 1536 turpes.
1906 1480 2079 1537 gannit
2099 1479 2296 1527 subitam
2318 1484 2363 1527 et

1351 1539 1623 1595 miserabile,
1642 1541 1801 1586 subito
1830 1548 1878 1586 et
1907 1544 2262 1600 miserabiliter,
2292 1546 2364 1589 re-

1354 1611 1498 1663 pente
1511 1606 1692 1650 emittit
1706 1618 1891 1662 vocem,
1901 1620 1996 1664 qua
2008 1609 2365 1655 miserationem

1351 1671 1620 1727 ardensque
1642 1670 1933 1715 desiderium
1952 1668 2174 1729 exemplo
2198 1672 2367 1731 panto-

1351 1734 1494 1778 mimi
1528 1733 1782 1790 exprimit=
1821 1736 1910 1780 nisi
1943 1736 2202 1794 legendum
2234 1740 2366 1784 tubat

1352 1803 1395 1842 et
1416 1798 1685 1843 miserabile.
1717 1797 1905 1857 lmegum
1928 1790 2150 1857 adtendit,
2173 1803 2255 1847 diu
2280 1805 2365 1849 ob-

1353 1868 1531 1915 servat,
1560 1860 1829 1920 Thymelen,
1861 1864 2188 1910 doctissimam
2220 1869 2362 1921 salta-

1354 1929 1544 1983 tricem,
1568 1930 1632 1977 (v.
1657 1938 1764 1982 sup.
1778 1930 1840 1972 ad
1859 1927 1902 1974 1.
1922 1925 2024 1989 36.)
2053 1926 2252 1990 ejusque
2270 1941 2366 1978 tre.

1353 1993 1513 2036 mulos
1545 1996 1596 2035 et
1631 2002 1855 2036 venereos
1897 2000 2062 2038 motus
2090 1997 2286 2042 adtenta
2308 2013 2365 2045 ae

1352 2064 1554 2115 stupens
1577 2061 1763 2112 spectat
1780 2057 1967 2110 rustica,
1992 2066 2040 2103 et
2063 2061 2171 2103 tuuc
2191 2064 2360 2118 paula-

1353 2121 1442 2164 tIm
1461 2119 1597 2165 discit
1621 2117 1888 2178 Thymelen,
1902 2117 2005 2182 ejus
2023 2130 2195 2170 artem.
2236 2125 2361 2186 Thy-

1352 2184 1498 2228 melen
1520 2183 1679 2241 recepi
1696 2197 1723 2228 e
1745 2187 1899 2231 tribus
1926 2182 2060 2233 libris
2083 2195 2204 2238 antt.
2226 2197 2273 2234 et
2289 2192 2361 2236 di-

1355 2249 1664 2293 stinctionem
1701 2251 1901 2294 mutavi.
1954 2250 2118 2311 Vulgo
2155 2254 2362 2314 legitur:

1348 2312 1537 2372 Appula
1552 2313 1737 2370 gannit,
1754 2314 1886 2357 Sicut
1904 2315 1951 2358 in
1965 2317 2177 2374 amplexu
2194 2336 2209 2364 .·
2240 2320 2363 2365 subi·

1353 2382 1454 2421 ium
1500 2380 1546 2421 et
1582 2376 1850 2431 miserabile,
1905 2379 2096 2438 longum
2138 2382 2363 2430 Adtendit

1362 2439 1610 2498 Thymele;
1650 2436 1866 2498 Thymele
1885 2445 1993 2487 time
2014 2447 2191 2492 rustica
2209 2447 2360 2496 discit.

1418 2504 1623 2551 67—70.
1649 2503 1772 2548 Aliae
1787 2514 2021 2550 matronae
2040 2510 2363 2571 virginesque,

1354 2571 1541 2634 quoties
1564 2567 1664 2613 rudi
1686 2570 1876 2626 publice
1899 2584 1993 2614 non
2024 2572 2220 2632 dantur,
2244 2578 2361 2634 ipsae

1354 2635 1553 2697 privatis
1575 2634 1626 2677 in
1662 2633 1847 2688 aedibus
1878 2647 1959 2678 eos
1991 2647 2157 2692 agunt.
2192 2639 2362 2687 Λαίαν

1354 2702 1460 2745 vela
1498 2698 1642 2755 picta,
1674 2696 1725 2739 in
1771 2698 1974 2751 aedibuS,
2008 2702 2268 2756 porticibus
2305 2720 2362 2751 ac

1351 2764 1582 2816 theatris;
1620 2761 1746 2806 unde
1766 2761 1816 2805 h.
1841 2763 1872 2806 1.
1898 2775 1984 2821 pro
2017 2763 2133 2822 ipsis
2164 2767 2362 2815 theatris

1352 2828 1591 2885 ludisque.
1629 2824 1708 2870 68.
1729 2833 1890 2871 sonant
1912 2827 2151 2888 sclusam,
2168 2832 2219 2875 in
2244 2834 2360 2879 foris

1351 2899 1565 2948 tantum,
1586 2892 1668 2935 ubi
1687 2902 1847 2935 causae
1871 2899 2101 2950 aguntur,
2131 2898 2361 2955 strepitus

1350 2956 1563 3007 auditur,
1589 2968 1683 2999 nou
1716 2955 1767 2998 in
1796 2956 2010 3002 theatris.
2071 2957 2150 3006 69.
2182 2959 2358 3021 Mega-

1351 3021 1459 3068 lesia
1487 3033 1622 3064 sacra
1645 3026 1694 3063 et
1715 3019 1838 3076 ludi,
1865 3019 1942 3083 (ut
1975 3021 2241 3082 Megalesia
2259 3027 2359 3073 Iudi

1350 3080 1552 3145 passim)
1589 3098 1694 3142 quae
1726 3085 1777 3129 in
1815 3086 2048 3130 honorem
2083 3094 2132 3132 et
2169 3103 2357 3136 memo-

1349 3151 1473 3194 riam
1499 3149 1693 3208 Magnae
1717 3148 1891 3194 Matris
1925 3146 2103 3209 Deum,
2127 3151 2357 3214 (μεγάλης

1350 3210 1536 3277 μητρὶς)
1560 3213 1839 3258 Pessinunte
1863 3214 2066 3260 Romam
2091 3222 2356 3274 translatae,

1351 3279 1426 3323 vel
1442 3280 1562 3337 prid.
1580 3276 1710 3322 Non.
1729 3280 1845 3336 Apr.
1870 3281 1934 3328 (v.
1955 3280 2098 3326 Ovid.
2119 3281 2251 3329 Fast.
2269 3284 2357 3332 IV.

1352 3343 1459 3389 179.
1472 3354 1573 3400 seq.
1593 3347 1644 3386 et
1661 3340 1858 3386 Calend.
1875 3341 2038 3400 Rom.)
2054 3346 2125 3389 vel
2143 3348 2266 3404 prid.
2283 3349 2355 3394 Id.

1350 3407 1469 3466 Apr.
1484 3405 1554 3467 (v.
1569 3405 1675 3451 Liv.
1686 3404 1892 3451 XXIX.
1906 3405 1983 3452 14.
1997 3408 2077 3451 ubi
2089 3409 2150 3453 cf.
2173 3409 2359 3456 Duker.

1351 3480 1401 3514 at
1424 3470 1599 3525 Drak.)
1629 3471 1908 3528 agebantur.
1953 3470 2129 3515 Plebeii
2156 3486 2223 3520 sc.
2253 3477 2359 3522 ludi

1351 3539 1482 3596 (quos
1499 3534 1668 3593 exactis
1683 3532 1871 3591 regibus
1877 3546 1966 3590 pro
1985 3533 2189 3582 libertate
2194 3538 2356 3596 plebis,

1351 3603 1433 3643 aut
1438 3611 1528 3658 pro
1543 3596 1898 3642 reconciliatione
1903 3596 2047 3655 pleb-is
2053 3603 2160 3656 post
2179 3605 2358 3649 recessi-

1341 3659 1481 3708 'onem
1527 3664 1578 3707 in
1612 3659 1898 3705 Aventinum
1930 3662 2176 3708 institutos
2210 3671 2357 3717 tradit

1349 3728 1527 3772 Ascon.
1550 3727 1600 3770 in
1624 3724 1757 3768 Verr.
1780 3721 1870 3784 11.)
1889 3725 2208 3775 abAEdilibus
2228 3734 2356 3790 pleb.

1348 3793 1635 3850 plerumque
1655 3788 1784 3834 XIII
1819 3790 1892 3834 vel
1911 3789 2069 3836 XVI-1
2096 3792 2210 3854 Cal.
2226 3795 2357 3847 No'v.

1340 3854 1454 3918 (sed
1476 3866 1843 3913 nonnumquam
1857 3856 2033 3913 saepius
2050 3859 2148 3902 un‘o
2164 3863 2357 3910 eod‘em'.

1348 3934 1443 3979 que
1464 3933 1611 3976 anno,
1636 3933 1722 3964 nec
1744 3920 1881 3963 statis
1901 3920 2098 3974 diebus3
2143 3927 2272 3982 quod
2295 3919 2355 3973 eit

1341 3984 1489 4030 vLivio
1521 3986 1722 4044 aliisque
1746 3985 2055 4042 scriptoribus
2078 3988 2221 4032 Rom.
2245 3989 2354 4050 pro}-

1346 4049 1504 4096 babile
1543 4050 1615 4106 fit)
1653 4051 1864 4108 adeoque
1907 4060 1991 4092 sex
2026 4049 2129 4095 fere.
2153 4052 2355 4114 integi-is

1347 4114 1596 4159 mensibus
1635 4124 1748 4158 ante
1785 4114 2041 4172 iti-egalesi'a
2075 4118 2353 4172 edebantur.

1348 4180 1522 4232 Verba,
1553 4191 1581 4221 a
1616 4179 1802 4238 plebeiis
1834 4177 1966 4236 longe
2001 4167 2258 4244 stlegalejia
2287 4185 2354 4230 Sc.

1346 4246 1546 4297 distant,
1564 4256 1659 4287 non
1676 4257 1732 4287 eo
1753 4242 2013 4295 referenda,
2034 4245 2162 4297 quod
2185 4244 2354 4298 injlon-

1339 4307 1409 4366 'go
1431 4308 1516 4370 illo
1533 4307 1784 4352 intervallo
1806 4304 1937 4349 nulli'
1951 4302 2120 4364 Romae
2141 4309 2356 4378 acti‘sint

1349 4372 1468 4424 ludi,
1486 4371 1801 4420 (contrarium
1819 4368 1948 4412 enim
1969 4368 2082 4434 satis
2098 4377 2265 4422 notum
2285 4382 2356 4421 est

1488 4451 1533 4500 Q.
