2978 4920
569 353 654 415 54

1276 335 1940 403 JUVENALIS

657 520 768 583 Ad
797 540 990 605 quam
1022 513 1343 599 Gorgonei
1373 510 1629 575 delabsa
1656 520 1750 573 est
1772 509 1966 593 pinna
1995 504 2238 570 caballi.

656 622 802 685 Non
832 631 925 683 est
958 619 1246 680 Romano
1273 612 1574 699 cuiquam
1603 611 1777 675 locus
1804 608 1930 686 hic,
1962 607 2074 671 ubi
2101 616 2328 691 regnat

658 724 1045 805 Protogenes
1076 715 1326 802 aliquis,
1356 714 1459 777 vel
1488 712 1816 799 Diphilus,
1847 722 1960 774 aut
1993 711 2407 784 Hermarcus,

2522 709 2648 769 120

657 824 785 901 Qui
814 819 1020 908 gentis
1047 819 1203 883 vitio
1231 838 1557 903 nunquam
1579 814 1858 900 partitur
1877 811 2173 885 amicum,

660 924 845 988 Solus
872 923 1082 986 habet.
1173 921 1347 984 Nam
1369 939 1568 1003 quum
1601 916 1848 979 facilem
1880 912 2138 977 stillavit
2169 912 2234 974 in
2264 933 2477 975 aurem

659 1024 991 1112 Exiguum
1022 1022 1102 1086 de
1132 1034 1378 1084 naturae
1406 1017 1760 1103 patriaeque
1790 1035 2051 1090 venen0,

662 1127 913 1192 Limine
943 1125 1355 1190 submoveor:
1401 1121 1728 1207 perierunt
1760 1131 2044 1203 tempora
2072 1115 2245 1201 longi

666 1225 934 1290 Ser-vitii.
980 1246 1294 1310 nusquam
1326 1223 1531 1284 minor
1560 1232 1655 1283 est
1676 1220 1931 1306 jactura
1957 1215 2218 1280 clientis.

2525 1217 2646 1277 125

661 1325 848 1404 Quod
876 1348 1066 1412 porro
1093 1323 1392 1400 officium,
1421 1343 1502 1385 ne
1530 1319 1710 1385 nobis
1737 1317 2047 1397 blandiar,
2077 1328 2191 1380 aut
2221 1317 2398 1402 quod

664 1427 971 1513 Pauperis
998 1425 1100 1488 hic
1130 1424 1449 1501 meritum,
1483 1424 1534 1487 si
1564 1433 1745 1485 curet
1773 1432 1956 1484 nocte
1987 1430 2244 1505 togatus

663 1533 955 1607 Currere,
988 1551 1190 1615 quum
1221 1529 1468 1590 Praetor
1497 1526 1779 1589 lictorem
1798 1522 2081 1610 inpellat,
2112 1534 2176 1586 et
2198 1522 2289 1584 ire

662 1632 1061 1717 Praecipitem
1084 1629 1311 1715 jubeat
1341 1626 1588 1690 dudum
1619 1625 2029 1711 vigilantibus
2057 1623 2249 1701 orbiS,

661 1732 762 1795 Ne
791 1731 963 1818 prior
991 1729 1292 1793 Albinam
1323 1741 1386 1792 et
1417 1726 1708 1791 Modiam
1738 1726 1998 1812 conlega
2027 1725 2255 1790 salutet
2282 1730 2310 1788 ?

2525 1726 2647 1788 130

663 1833 898 1898 Divitis
926 1832 1029 1896 hic
1058 1832 1220 1895 servi
1252 1830 1452 1896 cludit
1483 1831 1649 1894 latus
1677 1828 2095 1914 ingenuorum

664 1937 905 2001 Filius:
954 1937 1112 2001 alter
1142 1935 1330 2014 enim,
1362 1946 1673 2020 quantum
1704 1935 1770 1998 in
1802 1933 2044 2019 legione
2077 1933 2352 1999 Tribuni

578 2156 691 2203 huic
723 2155 889 2213 planta
922 2155 1055 2212 pedis
1090 2150 1291 2219 (neck)
1313 2154 1464 2199 fracta
1502 2152 1585 2207 sit,

576 2221 654 2267 vel
696 2219 1013 2277 Bellerophon
1057 2233 1117 2265 ex
1159 2233 1216 2264 eo
1245 2219 1467 2264 delabens
1500 2219 1584 2276 sit,

577 2298 731 2344 quum
774 2284 949 2328 coelum
993 2285 1297 2329 adscenderet
1316 2299 1335 2342 3
1390 2283 1472 2328 alii
1521 2283 1584 2329 ad

580 2351 805 2403 Cretam3
831 2347 913 2392 alii
924 2348 985 2392 ad
996 2347 1187 2393 Thebas
1203 2346 1406 2394 Boeotiae
1418 2354 1466 2394 et
1482 2349 1585 2394 He·

578 2414 804 2467 liconem‚
828 2411 878 2456 in
900 2425 996 2472 quo
1029 2413 1237 2472 Pegasus
1259 2419 1435 2457 terram
1464 2412 1585 2458 scal-

578 2480 736 2539 pendo
753 2478 936 2522 fontem
953 2477 1167 2523 eduxerit
1193 2478 1548 2538 Hippocrenem
1565 2492 1581 2532 ς

578 2544 660 2590 alii
673 2543 879 2601 denique
892 2543 951 2587 ad
967 2542 1276 2601 Corinthum,
1296 2539 1436 2603 cujus
1452 2543 1583 2589 urbis

578 2608 767 2666 insigne
786 2606 934 2652 fuerit
951 2607 1176 2666 Pegasus,
1197 2616 1247 2653 et
1270 2609 1350 2654 ubi
1374 2608 1589 2666 primum

581 2671 901 2730 Bellerophon
924 2684 1036 2716 eum
1061 2673 1379 2730 prehenderit.
1432 2673 1591 2718 Verba

582 2737 710 2783 varie
727 2736 951 2794 explicari
976 2745 1196 2795 possunt,
1218 2746 1264 2782 et
1283 2737 1479 2794 Egnatii
1503 2750 1590 2793 pa-

581 2802 675 2846 tria
710 2801 846 2846 nobis
870 2799 1034 2857 ignota
1064 2806 1166 2853 estz
1203 2801 1294 2845 nisi
1326 2803 1456 2858 quod
1495 2801 1591 2845 Dio

583 2865 780 2912 Nicoeus
802 2876 916 2908 eum
938 2863 1193 2922 Berytium
1217 2863 1349 2910 facit.
1390 2864 1532 2916 Quod
1549 2865 1590 2908 si

583 2941 751 2976 verum
770 2933 862 2983 est,
880 2932 1020 2985 poeta
1036 2927 1159 2971 forte
1175 2927 1235 2973 ad
1253 2928 1478 2988 mythum
1505 2941 1588 2973 no-

583 2995 658 3040 bis
690 2992 921 3051 ignotum
957 2994 1181 3048 respexit.
1233 3005 1383 3051 penna
1424 2992 1591 3037 caballi

586 3054 1029 3113 Gorgonei‚Pegasi,
1043 3054 1154 3113 equi
1168 3056 1302 3113 alati,
1316 3070 1343 3101 e
1356 3056 1590 3116 sanguine

585 3119 803 3167 Medusa!
822 3118 1105 3177 Gorgonis,e
1118 3118 1350 3178 Neptuno
1357 3122 1590 3180 gravidas,

585 3184 709 3240 nati,
724 3196 876 3241 quum
894 3184 1089 3228 Perseus
1112 3184 1184 3229 vel
1205 3184 1428 3229 Minerva
1444 3193 1590 3244 eaput

584 3244 690 3309 ejus
729 3247 989 3293 recidisset.
1059 3247 1288 3300 Cabantia,
1331 3247 1593 3306 καζάλλης,

583 3326 745 3374 propr.
773 3307 1047 3373 jumentum
1071 3313 1370 3358 dossuarium
1404 3322 1489 3360 aut
1523 3317 1592 3373 pi·

584 3378 849 3431 strinense;
900 3389 1075 3422 nomen
1121 3376 1419 3423 inhonestius
1461 3379 1592 3438 equi,

583 3443 713 3502 quod
750 3441 873 3486 forte
911 3442 1116 3487 electum
1147 3440 1257 3486 odio
1289 3442 1593 3500 Graecorum,

583 3507 657 3553 vel
681 3506 855 3552 fabulae
868 3506 1140 3551 deridendae
1162 3518 1324 3553 causa.

653 3569 767 3615 119.
799 3570 876 3617 cf.
897 3583 1003 3629 sup.
1023 3583 1067 3614 v.
1087 3570 1166 3617 21.
1190 3569 1268 3616 22.

653 3632 763 3679 120.
803 3633 1016 3679 Nomina
1052 3635 1357 3682 adulatorum
1394 3637 1589 3681 Graeco-

586 3710 717 3749 rum.
735 3707 790 3741 ut
813 3699 964 3757 vulgo
977 3705 1168 3756 putant,
1187 3700 1312 3744 ficta.
1358 3700 1590 3759 Protoge-

585 3773 664 3806 nes
681 3766 842 3805 tamen
860 3763 1157 3821 temporibus
1171 3762 1402 3823 Caligulae
1418 3768 1588 3811 crude-

588 3819 804 3871 lissimus
823 3825 1008 3871 delator
1028 3827 1134 3871 fuit.
1153 3840 1199 3873 v.
1223 3828 1318 3873 Dio
1341 3828 1480 3874 LIX.

606 3927 609 3930 ,
658 3887 767 3935 121.
786 3887 831 3934 2.
851 3889 1005 3935 Groeci
1027 3891 1208 3936 artibus
1221 3893 1322 3937 suis
1344 3892 1464 3937 alios
1484 3906 1593 3939 om-

588 3966 675 4000 nes
705 3965 736 3997 a
768 3953 924 4013 gratia
957 3954 1221 4005 excludunt
1257 3962 1592 4015 patronorum,

587 4027 637 4063 et
650 4017 802 4063 soliin
819 4030 877 4063 ea
887 4029 991 4065 esse
1004 4018 1189 4073 volunt,
1209 4027 1264 4064 ut
1275 4020 1363 4065 soli
1378 4020 1592 4066 fructum

587 4082 700 4129 inde
722 4082 1002 4140 percipiant.
1041 4081 1191 4140 habet,
1213 4083 1439 4142 possidet.
1485 4084 1597 4132 122.

587 4146 641 4192 in
659 4159 822 4192 aurem
828 4145 1021 4206 facilem
1042 4148 1183 4194 amici
1205 4155 1255 4191 et
1276 4150 1485 4206 patroni,
1509 4150 1595 4208 qui

585 4211 728 4257 facile
763 4211 915 4256 credit
953 4210 1098 4266 mala,
1133 4225 1243 4271 quae
1275 4213 1595 4259 calumniator

585 4276 786 4323 Groecus
796 4276 857 4322 de
869 4274 976 4322 aliis
986 4276 1145 4324 refert.
1167 4276 1401 4325 Venenum
1409 4282 1595 4325 nature

582 4340 856 4401 patrieque,
896 4340 1157 4398 calumnia,
1202 4342 1374 4390 vitium
1415 4343 1595 4390 Graecis

1647 2153 1928 2198 naturaliter
1960 2153 2097 2211 quasi
2129 2153 2330 2199 insitum
2355 2153 2655 2213 atqueinna·

1647 2224 1772 2263 tum.
1824 2216 1934 2264 124.
1957 2216 2163 2270 Limine,
2185 2219 2331 2263 domo
2354 2219 2564 2276 patroni,
2580 2217 2656 2263 vel

1649 2288 1704 2326 ut
1725 2293 1830 2341 sup.
1855 2280 1895 2326 1.
1919 2282 1997 2327 96.
2042 2283 2255 2335 Ser-vitii,
2281 2289 2473 2342 propter
2500 2283 2655 2328 multa

1650 2359 1706 2391 ac
1740 2346 1945 2392 molesta
1982 2347 2216 2392 clientum
2256 2347 2429 2394 officia.
2497 2347 2657 2392 cliens

1649 2417 1787 2456 vetus
1826 2410 2045 2471 fidusque
2070 2402 2197 2456 cedit
2230 2425 2369 2457 novo.
2407 2424 2656 2473 nmqaeaam,

1647 2488 1794 2534 quam
1817 2476 2006 2523 Rornae.
2043 2477 2197 2521 minor
2225 2480 2311 2535 est,
2333 2477 2499 2522 minus
2520 2489 2658 2524 cura-

1647 2547 1728 2585 tur
1743 2540 1819 2596 vel
1834 2541 2120 2586 estimatur.

1721 2603 1988 2650 126-130.
2025 2605 2102 2651 cf.
2138 2618 2246 2664 sup.
2278 2607 2340 2651 ad
2374 2605 2416 2653 1.
2447 2605 2527 2651 95.
2557 2619 2655 2666 seq.

1658 2667 1765 2715 100.
1804 2682 1906 2728 seq.
1978 2668 2088 2716 127.
2122 2683 2219 2728 seq.
2269 2670 2402 2725 Quod
2443 2671 2657 2730 officium,

1654 2734 1795 2792 quale
1831 2740 1881 2779 et
1910 2746 2057 2792 quam
2091 2747 2369 2791 onerosum,
2397 2735 2658 2786 salutandi,

1654 2796 1935 2851 deducendi,
1981 2799 2265 2844 obcurrendi
2295 2806 2392 2845 cet.
2420 2799 2658 2855 meritum,

1654 2862 1930 2921 praemium.
1960 2876 2018 2907 ne
2031 2862 2156 2907 nobis
2171 2862 2397 2917 blandiar,
2413 2871 2469 2908 ut
2487 2876 2656 2908 verum

1652 2924 1823 2972 dicam.
1872 2930 2006 2971 curat
2037 2930 2241 2986 togatus,
2276 2939 2458 2987 pauper
2490 2927 2657 2980 eliens,

1651 2995 1780 3036 nocte
1799 3002 2000 3043 currere,
2017 3002 2214 3037 summo
2231 3004 2374 3037 mane
2394 2992 2660 3038 salutatum

1654 3054 1741 3107 ire,
1759 3068 1815 3100 ac
1829 3054 2067 3114 sportulas
2080 3063 2268 3112 petere3
2303 3057 2434 3115 quod
2456 3063 2505 3101 et
2519 3056 2659 3101 Prae-

1654 3122 1726 3164 tor
1747 3119 1878 3164 facit.
1915 3117 2119 3164 Currere
2132 3122 2338 3179 cogitur,
2358 3133 2419 3165 ne
2436 3121 2568 3179 prior
2577 3131 2659 3165 *sa-

1654 3183 1778 3230 lutet
1811 3185 2013 3239 Praetor,
2051 3185 2129 3229 vel
2162 3186 2281 3230 adeo
2317 3185 2585 3243 sportulam
2614 3184 2662 3229 ei

1657 3248 1915 3308 praeripiat.
1957 3248 2033 3294 Cf.
2051 3247 2112 3292 ad
2135 3249 2176 3295 1.
2198 3248 2279 3295 96.
2298 3262 2397 3307 seq.
2421 3249 2596 3295 Albino
2611 3255 2661 3295 et

1658 3311 1825 3358 Madia
1847 3318 2082 3358 matronae
2103 3313 2225 3359 orba·
2245 3327 2302 3360 ac
2323 3314 2515 3371 divites,
2538 3326 2660 3373 quas

1656 3384 1705 3422 et
1719 3377 1909 3422 Proetor
1920 3372 2118 3436 ejusque
2129 3378 2312 3438 conlega
2325 3379 2521 3432 salutat,
2536 3391 2672 3439 spor-

1657 3442 1774 3487 tulae
1792 3441 2163 3500 hereditatisque
2184 3454 2345 3489 causa.
2412 3442 2545 3489 Hinc
2560 3457 2661 3489 eer-

1657 3513 1820 3552 tamen
1838 3503 2101 3551 officiorum
2115 3505 2245 3552 inter
2258 3508 2482 3567 conlegas
2493 3510 2665 3555 oritur.

1722 3569 1830 3616 131.
1863 3569 1982 3623 Hic,
2002 3569 2659 3631 Romoe,fllimingenuoram,

1656 3634 1913 3694 ingenuus,
1935 3633 2109 3679 claudit
2129 3635 2250 3680 latus
2266 3635 2404 3693 servi,
2428 3636 2659 3694 libertini,

1657 3698 1763 3762 (qui
1797 3713 1948 3759 nuper
1980 3711 2146 3745 servus
2175 3700 2350 3756 fuerat,
2384 3708 2434 3745 et
2466 3702 2663 3746 serviles

1655 3764 1873 3809 nondum
1915 3776 2074 3808 mores
2114 3765 2281 3817 exuitz
2338 3766 2466 3810 unde
2511 3764 2660 3811 etiam

1577 3859 1582 3864 -
1656 3841 1788 3873 nune
1817 3841 1976 3873 servus
2007 3828 2129 3874 salse
2161 3828 2359 3889 dicitur)
2396 3828 2576 3886 divitis,
2599 3831 2661 3875 ad

1656 3888 1763 3953 ejus
1777 3899 1851 3938 est
1872 3894 2019 3948 latus,
2032 3906 2145 3939 eum
2162 3894 2454 3947 comitatur;
2479 3894 2557 3939 vel
2580 3907 2663 3953 po-

1660 3958 1775 4014 tius,
1798 3958 1859 4003 ad
1893 3956 2157 4018 sinistram,
2180 3959 2352 4015 laevus,
2382 3957 2491 4003 loco
2526 3959 2662 4003 inho-

1660 4022 1866 4067 nestiore
1884 4022 2079 4076 incedit,
2092 4035 2190 4080 quo
2211 4033 2354 4068 sensu
2375 4022 2499 4068 latas
2519 4022 2662 4067 alica·

1646 4086 1733 4146 jin
1745 4085 1951 4132 claudere
1965 4082 2040 4132 vel
2057 4089 2223 4145 tegere,
2240 4085 2362 4131 latae
2377 4086 2526 4132 alicui
2536 4087 2659 4139 darc,

1657 4156 1708 4193 et
1732 4151 2006 4197 exteriorem
2035 4162 2127 4195 eree
2146 4151 2324 4208 passim
2347 4151 2543 4197 dicitur.
2564 4150 2662 4203 (ef.

1659 4213 1831 4337 Horat).
1850 4215 1950 4263 Sat.
1963 4216 2030 4261 11.
2047 4213 2093 4259 5.
2111 4213 2185 4260 17.
2205 4214 2281 4262 18.
2295 4222 2345 4262 et
2356 4212 2493 4275 Lips.
2509 4216 2662 4261 Elect-

1725 4343 1834 4390 182.
1879 4357 1980 4402 seq.
2009 4344 2143 4399 alter‚
2177 4357 2272 4390 non
2308 4345 2435 4390 filius
2466 4343 2660 4404 ingenui
