2978 4920
1000 330 1451 395 SATIRA
1512 328 1588 393 V.

2246 328 2341 392 97

431 512 470 553 Ψ
492 504 683 585 Quod
711 516 885 570 tutos
913 503 1103 567 etiam
1129 501 1283 565 facit
1307 524 1345 565 a
1373 499 1768 586 serpentibus
1798 497 2010 561 Afros.

345 605 595 673 Mullus
623 607 743 671 erit
772 604 1033 682 domini,
1070 625 1261 689 quem
1286 602 1454 666 misit
1488 601 1765 676 Corsica,
1796 598 1896 662 vel
1925 622 2115 685 quem

342 706 901 777 Tauromenitanae
929 727 1141 791 rupes,
1172 702 1431 789 quando
1459 724 1642 765 omne
1670 712 1996 787 peractum
2019 711 2136 773 est,

349 811 438 873 Et
458 812 593 896 jam
623 806 852 872 defecit
882 818 1174 869 nostrum
1199 803 1579 881 mare‚2dum
1609 802 1764 888 gula
1791 801 1993 878 saevit,

350 909 623 973 Retibus
652 907 934 973 adsiduis
962 906 1217 992 penitus
1247 916 1566 968 scrutante
1594 902 1853 967 macello

2243 904 2329 968 95

348 1010 673 1087 Proxima,
703 1032 820 1072 nec
849 1009 1131 1094 patimur
1164 1005 1577 1091 Tyrrhenum
1606 1027 1876 1069 crescere
1904 1001 2155 1090 piscem.

349 1110 622 1174 Instruit
652 1132 804 1195 ergo
831 1109 1044 1172 focum
1071 1105 1431 1193 provincia:
1480 1104 1753 1170 sumitur
1780 1104 1950 1168 illinc

347 1211 536 1289 Quod
564 1222 849 1297 captator
878 1221 1044 1273 emat
1076 1209 1307 1287 Lenes,
1338 1207 1607 1271 Aurelia
1633 1206 1883 1271 vendat.

348 1311 597 1375 Virroni
626 1325 912 1375 muraena
940 1310 1154 1386 datur,
1184 1333 1331 1396 quae
1359 1309 1637 1373 maxima
1663 1308 1833 1372 venit

349 1413 625 1499 Gurgite
653 1414 735 1478 de
768 1412 1020 1478 Siculo:
1068 1435 1237 1490 nam,
1269 1412 1434 1493 dum
1454 1434 1520 1475 se
1549 1410 1825 1476 continet
1859 1411 2119 1489 Auster,
2207 1410 2331 1475 100

346 1514 526 1578 Dum
556 1515 730 1579 sedet
760 1525 822 1578 et
855 1513 1046 1577 siccat
1075 1513 1361 1577 madidas
1389 1512 1454 1575 in
1484 1534 1728 1576 carcere
1755 1534 2013 1596 pennae,

262 1717 482 1751 acumen.
565 1704 688 1754 Quis
730 1705 873 1749 etiam
905 1704 1028 1748 ferat
1060 1703 1111 1749 h.
1145 1703 1179 1750 1.
1210 1700 1264 1749 τ)

263 1767 377 1826 quod
393 1768 538 1813 toties
558 1768 836 1827 repetitum,
854 1775 903 1813 et
920 1767 1155 1826 triplicem
1173 1768 1267 1813 olei

264 1833 557 1876 notationem
578 1833 601 1878 ἒ
637 1832 863 1878 Ceterum
878 1831 1024 1877 variae
1036 1831 1266 1878 lectiones

264 1893 424 1957 Afros,
448 1894 587 1956 Afris
602 1902 651 1942 et
673 1896 792 1941 atris
823 1897 982 1954 probae
1013 1902 1128 1940 sunt
1159 1909 1264 1941 om·

263 1971 360 2005 nes.

323 2022 532 2070 92—98.
547 2023 766 2069 Patronis
778 2024 949 2083 optimi
967 2025 1264 2084 maximique

260 2087 415 2144 pisces
439 2089 765 2146 adponuntur,
789 2095 836 2133 et
852 2089 1049 2147 quidem
1070 2103 1128 2134 ex
1152 2103 1262 2148 pro·

264 2150 432 2196 vinciis
463 2159 514 2197 et
546 2153 669 2197 mari
697 2153 857 2198 Siculo
891 2153 965 2197 vel
999 2153 1263 2211 longinquo

258 2214 415 2272 petiti,
432 2216 662 2275 quoniam
684 2216 975 2276 Tyrrhenum
991 2229 1144 2272 mare,
1169 2217 1270 2262 Ita·

259 2278 338 2323 liae
359 2280 660 2338 proximum,
679 2294 710 2325 a
721 2280 903 2340 gulosis
918 2280 1151 2325 Romanis
1159 2276 1267 2340 jam

260 2342 319 2386 iis
352 2345 646 2388 exhaustum
671 2351 760 2390 est.
823 2343 912 2388 Est
935 2345 1087 2388 autem
1108 2348 1153 2388 et
1172 2343 1268 2388 Izoec

260 2410 456 2465 natura,
477 2409 530 2449 ut
554 2406 637 2451 alii
656 2407 764 2451 alibi
782 2408 929 2467 pisces
950 2407 1272 2467 principatum

258 2467 496 2516 obtineant
527 2477 620 2517 cet.
642 2472 761 2516 Plin.
795 2470 889 2517 IX.
912 2470 988 2517 18.
1011 2484 1050 2517 ε.
1075 2470 1152 2517 32.
1191 2472 1269 2516 ef.

260 2546 368 2593 sup.
388 2534 452 2579 ad
466 2533 561 2579 IV.
586 2534 692 2581 140.
709 2548 840 2595 seqq.
861 2534 1048 2579 Mullus
1059 2534 1270 2587 Domini,

261 2611 308 2645 v.
342 2600 408 2644 ad
434 2598 475 2643 1.
514 2596 622 2645 136.
656 2606 706 2645 et
739 2600 823 2645 lv.
861 2598 939 2644 15.
1006 2597 1190 2644 Corsica
1221 2605 1271 2643 et

268 2661 495 2709 Taurom.
517 2675 652 2722 rupes
668 2677 755 2722 pro
771 2664 892 2710 mari
911 2662 1087 2708 Siculo.
1148 2661 1275 2707 Tau-

247 2727 517 2772 ,rumentum
536 2740 575 2772 ε.
606 2727 977 2783 Taurominium‚
992 2727 1103 2771 hod.
1129 2725 1273 2772 Taor·

263 2790 411 2845 mina,
435 2803 549 2849 opp.
571 2792 621 2836 in
651 2792 870 2837 orientali
890 2805 973 2836 ora
996 2789 1186 2844 Siciliae,
1209 2791 1268 2836 ad

265 2852 507 2912 Euripum
522 2854 681 2917 (Goffo
694 2854 743 2900 di
762 2855 1030 2907 Taormina,
1052 2855 1174 2901 Plin.
1200 2855 1270 2901 11.

264 2913 365 2977 97.)
383 2925 432 2962 et
456 2919 506 2963 in
524 2919 685 2965 Tauro
701 2925 868 2964 monte
895 2917 1046 2981 (unde
1061 2915 1166 2980 ejus
1187 2914 1270 2964 no'·

263 2991 395 3035 men,
418 2987 469 3026 et
502 2983 551 3027 h.
585 2984 618 3028 1.
650 2980 807 3044 rupes)
841 2983 1107 3037 conditum,
1144 2985 1271 3041 quod

264 3042 377 3089 vino
403 3058 461 3091 ac
494 3060 735 3092 marmore
767 3047 1008 3103 inclaruit,
1030 3053 1096 3101 et,
1127 3045 1271 3093 Naxo

265 3107 441 3162 excisa,
465 3109 750 3167 ejusincolis
766 3117 963 3156 auctum
983 3117 1071 3154 est.
1093 3124 1138 3156 v.
1154 3111 1271 3155 Dio-

265 3172 364 3218 dor.
382 3172 530 3220 XIV.
552 3175 634 3221 60.
658 3175 799 3220 XVI.
825 3174 870 3221 7.
889 3181 937 3219 et
961 3175 1153 3221 Cluver.
1177 3174 1271 3226 Sic.

267 3234 306 3279 1.
330 3236 376 3282 7.
408 3236 559 3284 Mare
579 3244 645 3284 est
656 3243 918 3298 peractum,
941 3244 1270 3295 consumtum,

257 3297 444 3359 (propr.
460 3303 590 3360 quod
607 3303 657 3347 in
679 3317 737 3349 eo
757 3303 870 3356 fuit,
892 3299 1065 3363 pisces)
1090 3302 1163 3346 vel
1188 3315 1271 3360 po-

267 3363 362 3409 tius
393 3366 557 3411 ubivis
579 3368 714 3425 quasi
749 3377 1077 3426 peragratum,
1096 3366 1268 3411 lustra-

264 3429 387 3481 tum,
405 3435 715 3488 penetratum
736 3430 901 3484 remis,
915 3431 1117 3486 retibus,
1137 3429 1270 3473 navi-

266 3489 375 3550 bu8‚
389 3500 444 3538 ut
461 3507 686 3553 peragere
698 3494 721 3555 (
726 3490 993 3555 pervagari)
998 3492 1133 3553 freta
1148 3505 1271 3537 remo

265 3560 313 3598 et
329 3558 502 3602 carinis
525 3558 687 3602 dixere
699 3558 844 3603 ovid.
861 3559 979 3606 Her.
997 3558 1110 3602 XV.
1129 3555 1207 3603 65.
1220 3564 1270 3601 et

186 3662 191 3666 .
267 3618 457 3668 Petron.
495 3623 559 3667 de
598 3628 771 3668 mutat.
806 3623 925 3681 reip.
965 3624 1104 3671 Rom.
1144 3636 1186 3666 v.
1220 3619 1269 3668 4.

253 3682 357 3741 ἆσαι
378 3684 563 3746 deficit,
585 3685 819 3742 deficitur,
841 3687 1082 3733 defectum
1106 3692 1197 3739 est,
1219 3686 1268 3744 h.

264 3758 306 3791 e·
349 3757 479 3793 caret
513 3749 739 3807 piscibus.
778 3751 917 3810 gula,
956 3751 1189 3811 gulositas
1220 3755 1270 3793 et

267 3809 482 3865 luxuria,
498 3814 656 3869 erevit,
677 3813 897 3859 inmensa
916 3828 967 3860 es
988 3828 1043 3860 ac
1056 3814 1258 3875 perdita.

267 3872 350 3920 95.
374 3877 565 3933 penitus
577 3880 806 3923 scrutante
814 3880 1030 3938 proxima
1049 3878 1203 3924 maria
1217 3890 1271 3922 ac

252 3937 475 3994 flumina,
499 3942 745 3999 praeclare,
778 3943 941 3987 omnia
972 3944 1093 3996 loca,
1116 3954 1270 4001 angu-

266 4001 357 4057 los,
370 4015 587 4048 recessus
607 4005 755 4049 maris
775 4005 1029 4064 diligenter
1045 4005 1272 4065 pervesti-

260 4065 490 4123 gantmut
503 4067 624 4112 nihil
637 4069 935 4128 relinquatur
949 4068 1169 4129 piscium.
1195 4069 1272 4114 Sic

267 4133 317 4173 et
348 4141 481 4175 omne
519 4133 799 4189 perscrutari
828 4132 1116 4195 prqfundum
1149 4134 1272 4179 dixit

268 4190 377 4240 Seu.
397 4194 459 4242 de
496 4195 685 4241 consol.
720 4197 781 4241 ad
816 4197 960 4244 Helv.
982 4212 1025 4245 c.
1061 4197 1139 4245 10.
1173 4211 1272 4248 ma,-

266 4255 390 4310 ceno,
422 4261 718 4317 marceliano,
765 4262 959 4315 cetaria,
993 4263 1069 4307 vel
1113 4262 1267 4321 pisca-

267 4325 397 4367 tores
433 4336 550 4369 nam
573 4324 623 4369 in
651 4324 838 4371 macello
871 4326 1031 4373 edulia
1056 4338 1112 4373 ac
1136 4326 1263 4372 ciba-

1329 1703 1400 1748 ria
1438 1699 1695 1763 cujuslibet
1730 1702 1933 1762 generis,
1975 1704 2122 1749 etiam
2162 1705 2331 1764 pisces,

1330 1767 1675 1820 vendebantur,
1690 1768 1819 1812 unde
1840 1774 1889 1812 et
1905 1767 2145 1813 macellum
2166 1769 2332 1814 cetari-

1326 1844 1463 1876 orum
1482 1836 1780 1876 memoratur
1795 1829 1937 1876 Vurr.
1960 1831 2020 1877 R.
2044 1833 2102 1878 R.
2135 1831 2234 1879 111.
2257 1832 2316 1879 17
2319 1863 2335 1881 .
2382 1840 2387 1845 ’

1330 1895 1374 1942 7.
1412 1893 1489 1941 Cf.
1511 1894 1684 1941 Burm.
1706 1895 1767 1939 de
1791 1892 2029 1953 Vectigal.
2052 1909 2161 1955 pop.
2187 1896 2331 1944 Rom.

1326 1973 1372 2007 c.
1391 1959 1465 2006 12.
1489 1972 1537 2017 p.
1562 1957 1670 2004 211.
1703 1958 1910 2004 Instruit
1927 1960 2151 2017 piscibus.

1391 2022 1469 2069 98.
1497 2021 1714 2081 Captator
1728 2023 2023 2080 hereditatis,
2042 2025 2333 2085 hez-adipem.

1326 2088 1483 2147 qualis
1506 2084 1799 2132 'describitur
1829 2087 1918 2131 inf.
1951 2086 2075 2135 XII.
2093 2088 2335 2138 93—181.

1327 2148 1583 2212 Ejusmodi
1614 2150 1834 2195 homines
1860 2150 1974 2196 viris
2006 2155 2335 2213 matronisque

1334 2215 1564 2261 divitibus
1585 2221 1636 2259 et
1655 2215 1782 2261 orbis
1803 2215 1955 2273 pisces
1975 2216 2186 2276 aliosque
2205 2218 2338 2264 cibos

1333 2278 1631 2324 delicatiores
1664 2279 1857 2323 muneri
1877 2279 2073 2326 mittere
2099 2283 2336 2337 solebant,

1332 2350 1389 2388 ut
1408 2355 1488 2387 eos
1502 2342 1569 2385 ita
1583 2346 1816 2401 captarent
1828 2342 1904 2387 vel
1923 2349 2218 2403 venarentur,
2230 2360 2338 2405 quas

1335 2413 1449 2451 sunt
1471 2407 1704 2455 vocabula
1724 2406 1913 2466 propria
1935 2407 1984 2452 in
2008 2409 2098 2455 hac
2116 2423 2181 2454 re.
2238 2411 2336 2456 Au-

1334 2470 1449 2516 relia
1471 2470 1546 2514 vel
1568 2472 1758 2524 mulier,
1793 2485 1901 2529 quae
1922 2473 2216 2519 distrahebat
2237 2476 2335 2534 pis-

1334 2547 1441 2586 ces3
1474 2534 1553 2578 vel
1585 2534 1718 2578 dives
1750 2537 1958 2591 orbaque
1995 2544 2217 2582 matrona
2249 2552 2336 2585 seu

1335 2598 1502 2653 vidua,
1531 2599 1608 2647 (ut
1642 2596 1816 2643 Gallita
1844 2598 1963 2644 XII.
1997 2597 2098 2660 99.)
2131 2615 2242 2658 quae
2273 2603 2336 2647 ab

1335 2661 1626 2719 heredipetis
1648 2666 1718 2705 tot
1740 2661 1893 2719 pisces
1914 2663 2139 2721 cibosque
2160 2665 2336 2711 delica-

1335 2731 1410 2770 tos
1442 2725 1570 2769 dono
1602 2726 1806 2783 adcepit,
1846 2732 1902 2769 ut
1938 2733 2128 2785 partem
2166 2741 2334 2775 eorum

1333 2787 1524 2833 vendere
1543 2796 1706 2833 coacta
1726 2789 1808 2847 sit,
1823 2803 1884 2835 ne
1905 2799 2300 2851 conrumperetur
2317 2809 2332 2839 z

1332 2854 1416 2898 sed
1437 2853 1543 2898 haec
1564 2853 1685 2897 ratio
1705 2852 1896 2914 longius
1917 2855 2081 2914 petita.

1401 2916 1479 2963 99.
1503 2917 1705 2971 Virroni,
1724 2925 1780 2962 ut
1793 2932 1900 2976 sup.
1915 2932 1962 2964 v.
1977 2917 2055 2964 39.
2088 2918 2161 2965 M
2157 2934 2337 2977 uraena,

1332 2979 1521 3047 μύραιναι
1535 2996 1570 3025 ε.
1588 2977 1804 3046 μύραιναι,
1815 2996 1968 3041 genus
1982 2983 2183 3042 piscium
2191 2988 2336 3045 ,quod

1333 3054 1471 3105 rapto
1494 3046 1632 3100 vivit,
1655 3047 1885 3106 nobisque
1904 3049 2049 3092 etiam
2074 3062 2202 3095 nunc
2214 3050 2336 3095 Mu-

1331 3115 1461 3162 νᾶησ,
1484 3108 1632 3170 (Gall.
1652 3112 1882 3170 mourene,
1908 3114 2163 3166 s.mur.‘1ne‚
2188 3114 2334 3160 Linn.

1340 3171 1539 3234 Helena)
1556 3188 1648 3220 non
1672 3173 1932 3234 merete.
1957 3173 2207 3238 (marinus)
2245 3193 2334 3224 nec

1334 3237 1506 3284 Pricke
1535 3252 1572 3283 s.
1602 3238 1867 3298 Neunauge
1897 3239 2092 3298 dicitur,
2113 3250 2162 3286 et
2195 3239 2334 3302 cujus

1334 3303 1514 3361 species
1537 3309 1610 3347 est
1643 3304 1870 3361 anguilla.
1911 3303 1986 3348 cf.
2013 3306 2191 3351 Athen.
2212 3304 2256 3353 Ι.
2284 3320 2332 3364 p.

1334 3365 1379 3410 4.
1404 3366 1533 3411 vu:
1543 3380 1592 3425 p.
1607 3364 1718 3411 313.
1742 3374 1790 3412 et
1808 3366 1936 3412 Plin.
1954 3365 2045 3411 IX.
2059 3368 2135 3414 28.
2170 3370 2335 3423 Quan-

1334 3436 1384 3474 to
1406 3431 1454 3473 in
1480 3432 1631 3487 pretio
1653 3431 1940 3488 quantisque
1962 3431 2012 3474 in
2044 3432 2227 3476 deliciis
2258 3434 2337 3476 fu-

1334 3493 1425 3538 erit
1454 3493 1704 3546 RomaniS,
1738 3495 1911 3538 docent
1934 3494 2118 3539 Plinius
2142 3494 2235 3543 lx.
2256 3495 2335 3544 54.

1335 3563 1384 3601 et
1400 3555 1480 3604 55.
1502 3556 1717 3602 Macrob.
1742 3556 1839 3602 Sat.
1865 3556 1934 3603 11.
1954 3556 2031 3604 ll.
2052 3567 2101 3602 et
2117 3559 2227 3613 aliig
2251 3562 2336 3619 qui

1335 3621 1483 3665 etiam
1523 3621 1698 3665 docent
1733 3634 1967 3666 muraenas
2013 3622 2242 3669 maximas
2284 3634 2335 3671 ct

1335 3685 1543 3744 optimas
1565 3684 1670 3741 capi
1691 3683 1740 3729 in
1760 3684 1887 3730 freto
1907 3684 2076 3731 Siculo.

1400 3747 1667 3796 loo—102.
1702 3748 1879 3794 Amtro
1907 3750 1957 3795 h.
1992 3763 2037 3796 e.
2069 3759 2214 3797 vento
2236 3767 2332 3800 non

1334 3813 1495 3878 qante.
1518 3814 1757 3859 temeraria
1772 3812 1893 3871 lina,
1907 3814 2046 3871 retia,
2060 3816 2110 3861 h.
2127 3830 2170 3863 e.
2184 3823 2338 3864 teme-

1334 3878 1446 3922 rarii
1483 3889 1651 3923 eorum
1683 3873 1885 3932 domini,
1931 3879 2205 3939 piscatores,
2256 3881 2334 3943 (ut

1332 3942 1570 3987 macellum
1587 3955 1636 3986 v.
1658 3938 1758 4002 95.)
1774 3954 1894 4000 quos
1915 3939 2105 3988 lucrum
2129 3946 2334 3990 audaces

1333 4004 1467 4057 facit,
1483 4005 1535 4050 in
1564 4007 1830 4064 periculoso
1857 4008 1984 4052 mari
2017 4006 2177 4053 Siculo
2208 4009 2335 4054 inter

1332 4070 1595 4129 charybdes
1633 4077 1681 4124 et
1718 4069 1896 4125 Scyllas
1933 4071 2193 4131 piscantur.
2259 4073 2334 4118 De

1337 4132 1574 4193 Charybdi
1596 4142 1645 4179 et
1667 4133 1825 4194 Scylla
1846 4146 1893 4179 v.
1911 4137 1973 4180 ad
1996 4134 2109 4178 XV.
2136 4134 2210 4180 17.
2233 4148 2331 4193 seq.

1335 4196 1381 4241 Α
1387 4202 1509 4243 ueter-
1521 4200 1716 4244 continet
1728 4212 1793 4253 se,
1806 4197 1854 4242 in
1871 4210 2058 4242 carcere
2070 4196 2241 4249 AEolio,
2257 4200 2333 4241 vel

1330 4261 1427 4305 vim
1457 4275 1615 4306 suam.
1647 4263 1782 4313 sedet,
1816 4261 2035 4318 quiescit,
2060 4267 2114 4303 ut
2132 4256 2255 4307 ἧσθαι
2282 4269 2331 4303 et

1328 4326 1557 4382 numeras,
1571 4326 1646 4370 vel
1667 4324 1860 4379 residet,
1876 4336 1973 4381 quo
1993 4334 2136 4366 sensu
2160 4331 2332 4367 ventus

1452 4409 1489 4447 Ο
