2978 4920
632 484 866 547 Posce:
915 477 1028 545 sed
1054 474 1334 562 udpelbt
1361 497 1527 562 puer
1555 473 1805 550 umens,
1836 483 1912 540 ut
1945 468 2326 558 Polyphemi

631 585 800 650 Lata
828 584 1016 660 acies,
1044 603 1161 668 per
1188 600 1383 666 quam
1413 577 1633 643 sollers
1660 575 1859 642 evasit
1890 574 2136 642 Ulixes.
2413 592 2418 597 ·

1267 285 1947 354 JUVBNALIS

2556 571 2646 637 65

632 688 824 754 Alter
852 684 1157 750 emendus
1184 682 1338 747 erit:
1387 704 1664 767 namque
1691 681 1794 744 hic
1823 701 1953 744 non
1981 677 2271 745 subiicit-2
2317 677 2506 743 ambo

636 788 968 855 Pascendi.
998 785 1159 874 quid
1186 806 1369 871 agam
1400 785 1636 848 bruma
1661 781 1986 870 spirante?
2031 777 2214 866 quid,
2246 802 2382 856 oro,

636 890 811 969 Quid
840 889 1044 953 dicam
1075 884 1351 974 scapulis
1378 905 1727 972 puerorum
1756 880 2085 969 Aquilone
2115 880 2454 948 Decembri

636 995 730 1059 Et
758 992 1080 1081 pedibus?
1125 989 1355 1055 durate
1381 999 1579 1074 atque
1608 996 1971 1073 exspectate
1999 983 2300 1050 cicadas?

636 1096 904 1175 Verum,
934 1107 1009 1162 ut
1038 1093 1391 1171 dissimiles,
1422 1102 1499 1158 ut
1525 1090 1743 1157 mittas
1772 1102 2001 1167 cetera,
2032 1099 2280 1174 quanto

2562 1087 2647 1153 '70

639 1197 895 1264 Metiris
921 1197 1151 1285 pretio,
1181 1194 1382 1282 quod,
1412 1193 1480 1258 ni
1510 1192 1630 1258 tibi
1658 1191 1918 1257 deditus
1945 1213 2143 1256 essem

639 1301 1058 1385 Devotusque
1087 1296 1302 1375 cliens,
1334 1319 1501 1361 uxor
1530 1306 1645 1362 tua
1672 1293 1856 1380 virgo
1882 1297 2211 1358 maneret?

643 1399 779 1464 Scis
807 1411 999 1477 certe,
1030 1398 1270 1486 quibus
1298 1397 1422 1463 isto
1447 1395 1677 1473 modis,
1708 1418 1904 1482 quarn
1926 1417 2095 1480 saepe
2123 1390 2390 1479 rogaris„

641 1504 732 1568 Et
762 1526 910 1590 quae
939 1501 1279 1590 pollicitus.
1310 1500 1662 1586 fugientem
1694 1520 1861 1585 saepe
1889 1496 2167 1584 puellam

554 1659 605 1703 et
644 1650 945 1719 pervicaciter
983 1650 1190 1716 rogantis
1227 1649 1569 1717 poscentisque.

551 1721 702 1780 pensio
721 1717 932 1783 pecunia
964 1718 1104 1765 certis
1134 1715 1303 1765 diebus
1333 1713 1569 1763 solvendae

557 1781 920 1897 {2332}
962 1796 1091 1894 ²3⁰4
1129 1778 1571 1893 Ἔέιέωῗῖἒέζῖωῗ

558 1919 664 1960 tum
683 1919 756 1960 est
779 1860 1160 1965 fenore-pclamlitg,
1184 1861 1422 1958 adc'lgmat
1439 1907 1575 1971 quasi

559 1974 693 2031 mihi,
732 1991 871 2038 posce,
916 1972 964 2022 h.
1007 1990 1052 2023 e.
1090 1989 1167 2022 me
1211 1982 1387 2031 monet,
1431 1971 1573 2037 cogit,

560 2046 712 2150 urg&
731 2047 795 2151 ἒξ
807 2052 1119 2163 Pssffffim

562 2174 679 2225 tam,
698 2168 776 2216 vel
797 2173 945 2232 rogat,
967 2173 1022 2215 ut
1041 2182 1248 2232 poscam,
1260 2167 1347 2232 (cf.
1371 2165 1434 2215 ad
1450 2166 1576 2214 VII.

569 2232 707 2295 158.)
718 2248 833 2293 puer
843 2234 1020 2289 unicus,
1039 2246 1216 2288 servus,
1233 2231 1314 2296 qui
1334 2231 1450 2279 mihi
1469 2228 1578 2278 uni·

564 2311 651 2346 cus
675 2303 763 2354 est,
785 2304 839 2345 ut
872 2295 1160 2362 Polyphemo
1192 2311 1315 2345 unus
1345 2295 1435 2344 fuit
1465 2310 1577 2343 ocu·

565 2361 658 2417 lus,
696 2378 780 2424 per
830 2377 973 2426 quem,
1025 2370 1211 2425 propter
1264 2376 1424 2425 quem,
1466 2360 1581 2424 quia

565 2441 691 2476 unus
718 2426 822 2483 suit,
863 2427 1035 2491 Ulysses
1066 2429 1218 2485 evasit,
1244 2425 1419 2491 quique
1451 2425 1579 2474 solus

567 2492 684 2540 mihi
727 2493 841 2541 satis
880 2507 976 2540 non
1016 2500 1104 2549 est,
1144 2507 1204 2540 ne
1245 2499 1316 2540 tot
1355 2490 1580 2540 molestiis

565 2574 767 2624 premar,
809 2555 1204 2623 quemadmodum
1246 2571 1368 2606 unus
1417 2556 1582 2604 oculus

568 2639 663 2672 non
714 2622 831 2673 satis
878 2622 966 2671 fuit
1008 2621 1329 2687 Polyphem03
1382 2635 1494 2669 nam
1539 2619 1581 2668 si

568 2688 687 2737 duos
717 2687 973 2744 habuisset,
993 2701 1088 2734 non
1120 2686 1344 2736 evasisset
1365 2686 1580 2750 Ulysses,

567 2753 645 2802 vel
676 2753 776 2818 ipse
808 2761 1079 2801 excoecatus
1111 2760 1251 2800 esset.
1328 2751 1409 2798 Ita
1440 2750 1582 2813 vulgo

568 2824 774 2866 mentem
813 2823 964 2883 poetas
1002 2814 1213 2880 capiunt.
1293 2812 1582 2863 Crediderim

569 2888 747 2936 tamen,
783 2897 973 2942 puerum
1006 2879 1056 2929 h.
1086 2879 1120 2927 1.
1152 2894 1253 2928 esse
1285 2879 1579 2935 catamitum,

604 2944 653 2994 ui
692 2944 828 3011 pusio
865 2944 1034 2993 dicitur
1069 2959 1129 2993 su
1163 2978 1177 2992 .
1219 2944 1313 2993 VI.
1357 2944 1438 2992 34.
1479 2959 1581 3008 seq.

602 3009 728 3058 Hinc
751 3017 800 3058 et
819 3025 863 3056 v.
881 3009 962 3058 63.
982 3010 1109 3071 pusio
1149 3015 1246 3058 orte
1266 3008 1360 3072 leg.
1370 3023 1459 3082 pro
1470 3025 1581 3070 pen·

571 3070 677 3134 εἱο).
740 3072 819 3121 Sic
883 3089 1038 3139 noque
1069 3072 1243 3121 drauco
1273 3073 1440 3121 melius
1469 3088 1583 3121 con·

570 3136 766 3186 veniunt
783 3151 864 3185 ver
898 3152 927 3185 a
947 3151 1045 3200 seq.
1109 3138 1238 3187 Alter
1268 3139 1475 3185 emendus
1498 3142 1585 3187 erit

575 3217 709 3267 puer,
740 3217 929 3263 namque
966 3202 1038 3248 Ιιίσ
1073 3200 1240 3249 unicus
1274 3218 1363 3250 non
1394 3203 1584 3264 sufficit.

572 3282 674 3315 non.
701 3264 930 3319 satisfacit
960 3264 1145 3314 libidini
1168 3280 1304 3313 meae.
1369 3264 1586 3315 Lubinus

575 3339 753 3387 monet,
775 3329 836 3379 de
866 3328 1097 3379 industria
1128 3329 1177 3377 h.
1198 3329 1233 3377 l.
1263 3338 1313 3378 et
1343 3328 1465 3378 infra
1498 3331 1583 3379 ali-

572 3393 1585 3513 3¹,33¹ffsbfflff:?¹;2.”zsszfflmffl.3ffi:221

571 3540 776 3583 monem,
809 3534 867 3575 ut
896 3525 1003 3575 stoli
1039 3534 1129 3574 itas
1168 3539 1224 3573 ac
1260 3533 1435 3592 stupor,
1472 3540 1583 3575 cum

573 3589 744 3654 insigni
778 3589 1067 3656 turpitudine
1105 3590 1399 3654 conjunctus,
1437 3590 1487 3638 in
1526 3606 1583 3640 eo

572 3655 872 3719 exprimatur.
928 3653 1170 3719 Rigaltius
1186 3670 1296 3704 vero
1311 3654 1582 3721 suspicaba-

574 3724 668 3774 tur,
723 3727 927 3784 poetam,
981 3719 1258 3784 hyperboles
1310 3720 1585 3785 Virgilianos

605 3783 721 3831 AEn.
745 3783 846 3831 III.
878 3783 990 3831 636.
1015 3784 1153 3847 637.)
1173 3783 1421 3851 carpendas
1452 3799 1585 3833 men·

614 3847 802 3922 aciique-
846 3847 1016 3921 poetici
1063 3848 1290 3923 rhetorico
1340 3848 1586 3898 mendacio

574 3926 687 4024 {213⁸
688 3911 1327 4042 fflssin‘lsscssflmssassffli
1357 3913 1493 4028 2332.
1514 3915 1583 4027 ’ΖΞ

570 4057 654 4103 pm·
690 4056 797 4090 eam
836 4041 1033 4106 Ulysses
1060 4042 1274 4091 evaserit.
1357 4043 1583 4092 Ceterum

574 4105 818 4154 notissima
833 4112 905 4153 est
920 4105 1082 4154 fabula
1097 4106 1157 4156 de
1176 4105 1466 4171 Polyphemo
1483 4107 1581 4173 cy-

574 4170 728 4236 clope,
749 4178 798 4219 et
821 4169 1007 4235 Ulysse‚
1028 4171 1109 4234 qui
1140 4171 1223 4220 illo
1241 4179 1482 4220 excoecato
1513 4170 1583 4220 in-

577 4235 775 4285 columis
812 4250 920 4283 curn
959 4235 1096 4284 sociis
1134 4234 1301 4292 evasit,
1340 4250 1398 4284 ex
1441 4236 1584 4285 Hom.

579 4299 754 4364 Odyss.
789 4300 832 4348 1.
867 4302 1138 4350 182-542.
1177 4299 1342 4365 Eurip.
1371 4301 1512 4365 Cycl.
1539 4310 1587 4350 et

577 4362 714 4433 Virg.
727 4366 842 4415 AEn.
860 4365 1246 4414 111.613-691.
1271 4366 1349 4416 De
1366 4365 1586 4432 Cyclopi-

1632 1648 1723 1697 bus
1736 1626 2142 1711 mupsdapm‘v.
2163 1647 2331 1711 Heyne
2354 1644 2416 1693 ad
2430 1643 2473 1692 A
2543 1643 2656 1692 llod.

1636 1713 1678 1761 I.
1708 1715 1751 1761 1.
1777 1714 1891 1786 1.·p.
1917 1716 1990 1760 10.
2012 1720 2061 1759 et
2085 1711 2145 1761 de
2179 1709 2360 1775 ingenti
2392 1725 2483 1758 ocu
2505 1726 2534 1757 o
2555 1709 2649 1756 Po·

1635 1777 1653 1825 l
1719 1776 1842 1825 hemi
1876 1775 2002 1825 idem
2034 1776 2096 1824 ad
2117 1776 2181 1825 Vi
2238 1810 2252 1823 .
2272 1776 2389 1823 AEu.
2412 1774 2517 1825 111.
2539 1774 2653 1822 636.

1704 1843 1748 1890 7.
1768 1845 1930 1889 unicus
1961 1841 2012 1889 h.
2034 1857 2078 1889 e.
2099 1841 2178 1905 qui
2237 1839 2392 1889 omino
2425 1854 2513 1887 suo
2547 1838 2651 1886 uni·

1622 1921 1726 1954 *cus
1767 1914 1839 1955 est
1880 1914 1929 1955 et
1968 1904 2110 1954 solus.
2174 1907 2256 1954 65.
2297 1907 2428 1960 acies,
2475 1904 2653 1952 oculus.

1646 1971 1705 2019 Ul
1741 1985 1838 2019 sses
1854 1970 1903 2019 h.
1920 1970 1954 2018 l.
1976 1979 2023 2019 et
2040 1969 2183 2018 Ovid.
2201 1986 2259 2017 ex
2282 1970 2340 2017 P.
2360 1969 2453 2019 IV.
2483 1970 2558 2017 14.
2577 1970 2658 2018 35.

1639 2051 1684 2083 so
1743 2052 1786 2084 rs
1817 2034 2004 2093 dicitur,
2031 2042 2085 2083 ut
2116 2034 2222 2083 aliis
2254 2032 2405 2099 poetis
2435 2043 2655 2088 versiam,

1156 2101 1323 2167 poscit,
1345 2109 1399 2150 ut
1421 2099 1472 2149 id
1492 2116 1576 2165 pe-
1624 2099 1798 2165 sallus,
1817 2102 1984 2162 pellar,
2004 2099 2181 2161 duplex,
2202 2107 2251 2147 et
2284 2099 2494 2147 Homero
2515 2098 2656 2147 τολύ-

1638 2185 1795 2231 μητις,
1816 2165 2157 2227 taunasis-ne.
2187 2163 2492 2231 teari-rectu,
2518 2174 2659 2213 τολυ-

1639 2232 1861 2296 μῆχαυς,
1885 2230 1964 2279 Διΐ
1978 2232 2111 2294 μῆτιν
2132 2228 2412 2283 ἐφίλεις-ος.

1707 2296 1918 2344 67-69.
1940 2297 2113 2344 Facete
2135 2311 2234 2360 pro,
2257 2296 2398 2343 ambo
2427 2291 2658 2341 vestiendi

1643 2369 1771 2421 sunt,
1806 2359 1929 2426 inpr.
1966 2363 2124 2409 bruma
2153 2362 2368 2421 spirante,
2393 2357 2443 2406 h.
2465 2374 2511 2407 e.
2544 2358 2659 2423 hye-

1641 2426 1732 2475 mis
1751 2434 1974 2493 tempore,
1995 2440 2091 2490 quo
2117 2422 2273 2489 frigidi
2295 2422 2477 2489 spirant
2512 2422 2656 2474 venti.

1643 2494 1724 2541 68.
1750 2491 1874 2545 Quid
1894 2491 2053 2540 dicam
2070 2491 2260 2552 scapulis
2281 2503 2324 2537 et
2347 2491 2541 2551 pedibus
2567 2504 2656 2537 ser·

1642 2574 1813 2606 vorum.
1844 2556 2000 2621 lepide
2020 2570 2119 2620 pro,
2143 2555 2305 2612 servis,
2326 2570 2475 2618 quum
2511 2561 2659 2601 vestes

1644 2629 1812 2687 petunt
1833 2629 1879 2669 et
1912 2620 2252 2676 calceamenta,
2274 2620 2448 2683 quibus
2478 2616 2659 2667 humeri

1646 2701 1703 2734 ac
1734 2684 1877 2752 pedes
1909 2692 2141 2749 tegantur.
2204 2685 2424 2748 Aquilone
2443 2682 2546 2732 scil.
2566 2682 2660 2748 spi-

1646 2761 1965 2864 &5251251322
1999 2761 2164 2864 {mn
2180 2748 2538 2877 fflssp⁸³2222³22¹5
2573 2755 2660 2862 3221

1646 2879 1763 2928 forte
1783 2879 1955 2943 glossa.
1999 2880 2079 2929 69.
2096 2878 2350 2934 Dicamne,
2372 2880 2541 2928 durate
2561 2892 2660 2934 vos,

1646 2943 1824 2994 sortiter
1843 2943 2054 3002 tolerate,
2075 2943 2238 3018 frigus,
2260 2955 2303 2992 et
2334 2952 2574 3005 exspectate
2594 2945 2658 2991 ci·

1646 3011 1793 3066 cadas,
1828 3009 2083 3058 adventum
2116 3008 2409 3065 cicadarum,
2443 3008 2495 3057 h.
2518 3024 2561 3057 e.
2595 3024 2661 3056 ae-

1647 3074 1754 3123 stivi
1773 3074 2021 3148 tempor-isi
2046 3073 2134 3139 (cf.
2148 3072 2275 3122 Pliu.
2296 3072 2368 3122 11.
2381 3073 2466 3122 26.
2483 3082 2536 3122 et
2548 3071 2659 3135 27.)

1650 3141 1839 3189 Interea
1872 3138 1943 3188 illi
1977 3137 2145 3203 frigore
2177 3145 2503 3187 enecarentur.
2568 3137 2664 3186 Le-

1645 3203 1760 3270 pida
1774 3204 1932 3260 verba,
1954 3202 2085 3252 haud
2105 3201 2247 3255 dubie
2268 3201 2428 3251 efficta
2448 3218 2509 3252 ex
2522 3201 2665 3268 virg.

1648 3270 1765 3318 AEn.
1787 3269 1832 3317 1.
1849 3270 1964 3316 207.
1987 3268 2064 3317 cf.
2087 3267 2218 3318 Suet.
2240 3265 2396 3332 Calig.
2417 3282 2462 3315 c.
2485 3268 2565 3315 45.

1713 3335 1793 3383 70.
1813 3348 1914 3397 seq.
1955 3333 2131 3383 Facete
2183 3331 2387 3381 draucus
2434 3329 2666 3382 beneficia

1649 3413 1734 3447 sua
1772 3398 2035 3462 exprobrat.
2117 3404 2193 3453 ut,
2224 3395 2458 3462 quamvis,
2496 3399 2662 3452 mittas,

1646 3462 1991 3529 praetermittas,
2022 3460 2156 3510 nihili
2185 3460 2349 3517 facias,
2381 3471 2529 3511 cetera
2560 3461 2662 3509 offi-

1646 3526 1723 3577 cia
1770 3542 1880 3578 mea
1930 3542 1986 3576 ac
2021 3526 2267 3582 beneficia,
2310 3525 2397 3574 tibi
2437 3526 2662 3592 praestita.

1646 3600 1812 3655 quanto
1831 3594 2000 3640 metiris
2015 3594 2172 3654 pretio,
2193 3590 2358 3656 quanti
2377 3591 2514 3640 facis.
2582 3592 2662 3640 71.

1645 3659 1727 3706 tibi
1741 3659 1918 3707 deditus
1930 3659 2190 3721 devotusque
2209 3657 2362 3724 eliens,
2380 3654 2603 3705 addictus
2616 3662 2665 3704 ‘et

1650 3720 1712 3770 ad
1730 3720 1884 3770 officia
1904 3721 2083 3787 quaevis
2116 3720 2199 3770 tibi
2231 3720 2507 3786 praestanda
2523 3735 2662 3786 para·

1650 3795 1741 3835 tus.

1715 3852 1793 3898 72.
1814 3867 1926 3898 uror
1943 3860 2027 3900 tua
2045 3853 2171 3916 virgo
2191 3860 2406 3906 maneret,
2430 3864 2527 3900 non
2560 3865 2663 3915 gra·

1647 3914 1756 3987 vida
1779 3915 1905 3964 facta
1925 3923 2062 3974 esset,
2083 3923 2271 3983 propter
2292 3922 2425 3963 tuam
2446 3916 2662 3983 inpoten-

1648 3986 1778 4029 tiam.

1712 4045 1795 4095 73.
1827 4048 1911 4093 ista
1943 4044 2112 4100 officia,
2144 4041 2250 4103 hoc,
2284 4043 2387 4094 scil.
2420 4052 2478 4095 ut
2510 4062 2537 4095 e
2616 4059 2665 4092 e·

1648 4123 1764 4167 rem,
1786 4111 1912 4175 quod
1932 4110 2119 4175 tuipse
2149 4125 2244 4159 non
2263 4124 2443 4176 posses·
2645 4125 2665 4156 s

1648 4176 1800 4232 modis,
1833 4191 1978 4240 quam
2010 4174 2309 4224 vehementer
2342 4190 2398 4224 ac
2438 4173 2664 4242 supplici·

1649 4245 1736 4288 ter.

1715 4304 1794 4352 74.
1832 4304 2055 4362 Puellam,
2088 4321 2281 4354 uxorem
2313 4311 2467 4362 tuam,
2492 4305 2568 4369 (v.
2602 4301 2665 4351 ad

1652 4367 1722 4416 11.
1747 4358 1855 4439 59.)
1867 4369 2144 4435 fugientem,
2180 4385 2208 4420 e
2241 4370 2381 4420 domo
2411 4378 2496 4419 tua
2531 4367 2666 4417 aufu-
