2978 4920
604 334 730 400 284

691 520 915 607 Atque
942 512 1131 580 hodie
1159 506 1410 575 tantum
1437 517 1699 596 propter
1726 497 2020 566 convivia*
2040 496 2210 586 pexi.

1301 311 1972 388 JUVENALrsJ

2558 495 2696 558 150

697 618 981 685 Pastoris
1009 610 1159 678 duri
1184 610 1288 674 hic
1317 619 1410 673 est
1440 605 1634 682 filius,
1663 601 1769 666 ille
1796 597 2079 664 bubulci.

632 767 637 772 -
698 719 986 808 Suspirat
1015 714 1203 799 longo
1230 731 1357 775 non
1385 708 1585 773 visam
1613 718 1896 789 tempore
1925 712 2215 778 matrem,

697 825 790 887 Et
819 817 1094 884 casulam
1123 824 1186 878 et
1215 822 1399 876 notos
1427 806 1627 873 tristis
1656 801 1972 869 desiderat
2000 799 2222 865 haedos

702 917 974 1007 Ingenui
1006 913 1223 980 vultus
1249 933 1411 1000 puer
1440 904 1826 994 ingenuique
1852 900 2138 988 pudoris,

703 1022 934 1102 Quales
962 1040 1092 1083 esse
1119 1016 1323 1091 decet,
1354 1032 1518 1098 quos
1548 1007 1775 1072 ardens
1802 1024 2093 1091 purpura
2118 999 2349 1066 vestit:

2572 998 2701 1060 155

702 1124 839 1188 Nec
866 1117 1208 1209 pugillares
1237 1112 1443 1178 defert
1471 1110 1538 1173 in
1563 1107 1791 1173 balnea
1817 1123 2049 1168 raucus

704 1222 1081 1298 Testiculos,
1108 1240 1223 1281 nec
1250 1211 1569 1279 vellendas
1590 1211 1724 1297 jam
1753 1205 2032 1294 praebuit
2063 1203 2216 1282 alas,
2292 1222 2297 1228 ·

709 1328 935 1390 Crassa
958 1343 1074 1385 nec
1103 1315 1395 1404 obposito
1422 1310 1695 1400 pavidus
1723 1306 1883 1393 tegit
1910 1304 2176 1391 inguina
2201 1314 2411 1389 gutto.

708 1426 837 1491 Hic
868 1424 984 1490 tibi
1015 1421 1159 1485 vina
1186 1415 1388 1493 dabit,
1416 1412 1650 1478 diffusa
1675 1409 1741 1472 in
1770 1398 2269 1483 montibus‘iIIiS,

708 1531 779 1593 A
806 1524 1042 1614 quibus
1067 1521 1202 1607 ipse
1230 1515 1428 1594 venit,
1459 1532 1735 1600 quorum
1763 1508 1883 1573 sub
1912 1507 2149 1571 vertice
2176 1504 2366 1570 lusit:

2577 1500 2702 1565 160

709 1628 1005 1711 Namque
1033 1641 1163 1685 una
1189 1629 1381 1704 atque
1410 1612 1628 1679 eadem
1658 1609 1760 1675 est
1780 1607 1913 1672 vini
1941 1606 2152 1694 patria
2175 1617 2373 1691 atque
2412 1601 2701 1667 ministri.

713 1723 1008 1792 Forsitan
1035 1729 1379 1807 exspecteS,
1411 1721 1485 1779 ut
1519 1710 1840 1778 Gaditana
1867 1729 2108 1776 canoro»

633 1897 801 1961 Capilli
839 1894 968 1949 recti,
1002 1891 1078 1940 vel
1114 1883 1306 1943 horridi,
1328 1884 1633 1951 (fluticantes

628 1979 734 2028 sup.
751 1960 842 2009 IX.
867 1958 972 2020 15.)
983 1955 1058 2005 vel
1076 1952 1325 2027 simplices,
1343 1950 1444 1997 sine
1462 1955 1631 1997 ornatu

629 2033 679 2076 et
711 2032 825 2078 arte,
858 2037 952 2069 non
984 2018 1191 2083 crispati,
1219 2023 1303 2063 aut
1330 2010 1633 2063 calamistrati

629 2097 679 2138 et
707 2085 877 2136 cirrati.
945 2085 1052 2132 151.
1092 2081 1289 2129 Pastoris
1322 2080 1447 2135 duri,
1483 2075 1634 2143 asperi

630 2152 838 2202 moribus
853 2155 900 2197 et
914 2145 1117 2211 ingenio.

701 2217 812 2264 152.
830 2212 1060 2274 Suspirat-e
1074 2210 1244 2271 aliquid
1264 2206 1397 2255 docte
1446 2220 1515 2261 ro,
1533 2219 1635 2252 sus-

633 2279 830 2347 pirando
851 2274 1028 2340 aliquid
1044 2272 1323 2328 desiderare,
1342 2269 1472 2320 Gal.
1491 2269 1635 2329 sonpi-

630 2351 730 2394 ’ἴση
762 2357 874 2391 nam
926 2356 1046 2405 ropr.
1073 2337 1284 2386 dicimur·
1299 2335 1520 2395 suspirare
1550 2333 1636 2378 ali-

633 2425 724 2475 qua
742 2424 807 2464 re,
828 2421 886 2455 ve
936 2407 985 2453 in
1006 2406 1159 2467 aliqua
1174 2418 1240 2457 re,
1261 2398 1336 2448 vel
1353 2406 1532 2459 propter
1548 2396 1634 2443 ali-

724 2491 767 2521 m
785 2488 902 2521 rem:
936 2470 1013 2519 cf.
1034 2464 1296 2516 Mitscherl.
1320 2462 1381 2511 ad
1402 2462 1517 2509 Hor.
1540 2458 1636 2509 od.

664 2538 738 2588 11.
759 2536 804 2585 7.
832 2537 907 2585 10.
930 2541 979 2583 et
1010 2533 1091 2580 Int
1121 2548 1170 2596 p.
1200 2527 1380 2577 Tibull.
1399 2527 1442 2574 1.
1477 2527 1525 2575 6.
1557 2525 1636 2572 35.

633 2600 697 2653 al.
721 2603 769 2652 7.
801 2600 880 2648 41.
913 2548 1228 2648 Dulceclinem
1253 2609 1345 2642 vss.
1370 2588 1638 2637 152-155.

636 2668 743 2733 quis
759 2671 831 2715 est
845 2663 926 2729 qui
948 2678 1041 2710 non
1057 2659 1254 2710 sentiat!
1287 2654 1461 2704 Refero
1479 2659 1637 2703 autem

636 2746 718 2781 eos
749 2730 810 2779 ad
843 2728 987 2777 alium
1024 2741 1079 2774 ac
1110 2722 1298 2772 tertium
1330 2733 1529 2771 servum,
1556 2715 1638 2780 qui

631 2798 740 2844 vina
769 2795 892 2843 dabit
911 2809 958 2840 v.
982 2792 1089 2838 159.
1120 2788 1279 2836 Poetae
1310 2783 1466 2849 plures
1497 2780 1639 2829 fuisse

634 2874 806 2913 servoS,
824 2871 883 2905 ex
904 2869 1006 2903 voc.
1025 2854 1196 2902 cunctis
1214 2866 1260 2897 v.
1287 2848 1393 2895 149.
1414 2843 1636 2906 intelligi-

639 2932 731 2972 tur.
794 2919 954 2983 Vulgo
985 2925 1091 2984 post
1121 2913 1297 2962 bubulci
1323 2910 1547 2958 minorem
1566 2908 1641 2956 vel

636 2987 818 3037 nullam
849 2983 1058 3033 distinct.
1087 2984 1283 3045 ponunt,
1315 2981 1370 3023 nt
1399 2973 1449 3021 hi
1482 2988 1643 3021 versus

641 3051 706 3099 ad
725 3047 917 3099 bubulci
949 3046 1095 3094 filium
1127 3047 1351 3119 spectent,
1375 3036 1456 3103 qui
1482 3044 1644 3086 tamen

642 3130 736 3162 non
756 3115 900 3160 haedos
918 3120 1035 3158 notos
1053 3111 1190 3156 tri-sm
1204 3106 1479 3154 desiderabit.
1536 3102 1646 3150 153.

634 3178 848 3231 casulam,
868 3175 919 3222 in
951 3188 1047 3237 qua
1077 3178 1216 3219 natus
1235 3177 1306 3218 est
1325 3176 1373 3217 et
1391 3167 1637 3216 educatus.

638 3245 780 3292 hoedos
809 3248 945 3296 notos,
977 3251 1093 3300 quos
1118 3233 1220 3282 scil.
1251 3246 1375 3296 saepe
1405 3231 1519 3279 olim
1550 3245 1634 3295 pa·-

631 3307 719 3360 vit.

704 3370 814 3431 154.
837 3369 946 3417 155.
967 3362 1080 3422 Qui,
1103 3359 1315 3438 quamvis
1340 3372 1515 3414 servus,
1535 3356 1640 3405 vnl-

636 3446 755 3492 tum,
794 3433 1017 3500 pudorem
1047 3439 1346 3489 animumque
1379 3438 1472 3472 non
1501 3420 1642 3469 servi-

634 3497 731 3552 lein
754 3500 913 3553 habet,
937 3492 1020 3544 sed
1050 3493 1313 3558 ingenuum,
1333 3486 1576 3536 liberalem
1596 3493 1645 3534 et

636 3578 927 3678 Ξίῗωῗῗωέ
970 3559 1139 3672 fflssi.
1153 3551 1642 3685 dssffenptssbelffni'ssfi?

639 3708 757 3767 quos
787 3693 945 3738 ardens
971 3703 1192 3753 purpura,
1226 3689 1469 3748 praetexta,
1498 3681 1642 3735 vestit,

637 3757 688 3806 h.
710 3772 753 3805 e.
810 3759 1100 3810 raetextatos3
1133 3750 1192 3798 de
1223 3746 1394 3812 quibus
1425 3762 1469 3794 v.
1504 3743 1566 3792 ad
1599 3743 1643 3791 Ι.

636 3823 717 3871 78.
776 3771 1000 3876 {ur-pura
1031 3812 1199 3863 dicitur
1228 3814 1404 3867 ardens,
1426 3817 1482 3857 ut
1512 3810 1645 3873 ignea

638 3884 801 3936 Valet.
825 3880 899 3928 Fl.
921 3879 966 3929 1.
996 3879 1108 3926 427.
1233 3885 1397 3924 mmata
1428 3870 1645 3922 Martial.

638 3951 704 4002 V.
725 3949 807 3997 20.
829 3944 907 3992 12.
936 3943 1127 3990 candens
1209 3947 1325 3988 orat.
1358 3940 1457 3986 Sat.
1492 3937 1562 3983 11.
1598 3937 1646 3986 6.

640 4015 750 4064 1Ὁ2.
816 4010 948 4057 mixto
982 4008 1160 4053 incensa
1193 4019 1304 4051 auro
1340 4003 1460 4050 Stat.
1492 3999 1644 4048 Theb.

637 4074 795 4128 X.60.
815 4075 937 4132 Quae
957 4070 1114 4124 verba,
1131 4072 1186 4117 ut
1207 4067 1294 4116 Gr.
1305 4066 1462 4119 αἴθων’,
1485 4063 1642 4112 αἴθεσ-

637 4147 722 4195 Seu
759 4148 809 4191 et
845 4136 1039 4201 φλξγω,
1077 4133 1136 4182 de
1173 4131 1351 4195 fulgore
1386 4127 1551 4178 coloris
1582 4143 1638 4176 ac

635 4207 880 4275 splendore
900 4214 1131 4268 purpurae,
1154 4195 1269 4253 auri,
1292 4207 1525 4244 armorum
1546 4199 1637 4240 cet.

630 4270 890 4338 saepissime
909 4265 1202 4315 adhibentur.

660 4387 667 4394 ,
702 4330 975 4386 156-158.
1007 4330 1132 4380 Puer
1159 4332 1231 4377 est
1262 4322 1474 4389 simplex,
1484 4335 1638 4388 ,purus

1694 1888 1743 1930 et
1762 1886 1934 1936 castus,
1956 1891 2113 1943 neque
2143 1875 2297 1944 turpia
2328 1872 2530 1924 aliorum
2549 1891 2696 1926 servo-

1693 1959 1798 1994 rum
1833 1941 1986 1993 officia
2021 1948 2229 2007 praestat,
2254 1939 2331 1989 vel
2361 1939 2595 1990 obscoena
2623 1957 2701 1990 no-

1693 2009 1779 2059 vit.
1843 2008 2114 2072 Pugillares,
2167 2003 2300 2079 ugilli
2319 2020 2356 2051 s-
2376 2003 2528 2069 pugni
2561 2005 2703 2054 instar

1696 2086 2142 2187 {ffifftffigffi
2157 2070 2703 2184 ‘zszsszssoegfgsf‘zr

1697 2199 1860 2266 quenti
1882 2198 2079 2250 Veneris
2096 2213 2203 2254 usu,
2224 2212 2319 2261 quo
2345 2210 2434 2244 vox
2461 2208 2706 2247 enervatur

1700 2273 1747 2313 et
1777 2262 2022 2318 raucescit,
2044 2262 2132 2335 (cf.
2163 2273 2266 2326 sup.
2298 2260 2361 2308 ad
2382 2261 2476 2309 VI.
2498 2263 2583 2311 73.
2605 2264 2705 2328 74.)

1699 2330 1777 2377 vel
1801 2327 1956 2394 potius
1987 2342 2099 2391 quia
2125 2324 2367 2373 eunuchus
2395 2333 2470 2374 est
2497 2333 2551 2375 et
2574 2326 2705 2391 jussu

1698 2392 1798 2441 heri
1818 2397 2063 2445 castratus,
2079 2390 2149 2454 (v.
2166 2406 2272 2455 sup.
2288 2390 2351 2438 ad
2364 2389 2459 2439 VI.
2474 2391 2590 2439 368.
2612 2406 2705 2456 seq.

1699 2465 1747 2505 et
1769 2456 1909 2519 515.)
1978 2455 2084 2504 157.
2104 2471 2185 2503 nec
2200 2458 2323 2517 jam,
2345 2455 2575 2511 nondum,
2597 2458 2703 2515 alas,

1701 2537 1860 2570 earum
1888 2520 2009 2586 pilos
2040 2518 2241 2584 dropace
2270 2519 2348 2566 vel
2379 2519 2591 2568 vulsenis
2619 2523 2704 2570 vet.

1702 2587 1846 2634 leudos
1860 2589 1965 2647 jam
1994 2585 2189 2645 proebuit
2218 2581 2395 2647 alipilo,
2418 2599 2479 2632 ne
2512 2584 2707 2634 foeteant

1700 2650 1857 2698 oleant
1889 2664 1949 2698 ue
1989 2648 2197 2707 hircum3
2249 2662 2361 2695 nam
2396 2663 2484 2713 per
2520 2646 2705 2698 aet'atem

1700 2714 1771 2763 illi
1819 2715 1868 2780 pi
1890 2713 1900 2724 ”
1945 2712 2153 2762 nondum
2195 2719 2517 2760 excreverunt.
2606 2715 2704 2761 Alae

1697 2782 1890 2842 grandes
1920 2776 2151 2825 virilitatis
2183 2775 2408 2824 indicium
2443 2775 2529 2824 inf.
2564 2778 2704 2827 XIV.

1707 2844 1813 2890 195.
1876 2840 1977 2889 Alii
1996 2856 2089 2890 non
2110 2840 2232 2888 male
2251 2839 2363 2888 coll.
2380 2840 2599 2891 Martial.
2619 2843 2708 2891 XI.

1702 2907 1783 2955 23.
1803 2908 1848 2954 7.
1867 2905 2253 2972 interpretantur:
2288 2917 2382 2951 non
2399 2904 2445 2953 ei
2467 2912 2580 2956 ante
2595 2915 2706 2956 aeta·

1705 2978 1800 3019 tem
1832 2968 1920 3018 orti
1952 2974 2063 3018 sunt
2092 2968 2178 3034 pili
2212 2967 2299 3020 sub
2332 2966 2434 3022 alis,
2457 2970 2540 3033 qui
2565 2971 2710 3020 solent

1705 3033 1915 3083 fruticati
1932 3034 2023 3091 his,
2046 3048 2128 3144 dm
2160 3040 2270 3081 ante
2305 3031 2567 3096 legitimam
2600 3044 2710 3084 εω-

1706 3105 1802 3148 tem
1839 3114 1922 3164 per
1967 3097 2051 3146 libi
2084 3097 2209 3144 inem
2258 3095 2354 3144 viri
2382 3096 2517 3146 fiunt.
2608 3100 2712 3148 158.

1694 3174 1841 3226 gutta,
1876 3159 1968 3210 olei
2010 3160 2214 3217 vasculo,
2255 3159 2329 3223 (v.
2368 3174 2477 3226 sup.·
2508 3161 2575 3210 ad
2608 3164 2707 3212 111.

1698 3228 1841 3290 263.)
1872 3227 2043 3275 balnea
2076 3225 2346 3282 intraturus,
2378 3238 2472 3273 non
2504 3230 2709 3288 pavidus,

1701 3304 1796 3339 non
1826 3304 2016 3339 voraces
2048 3289 2211 3338 drauci
2234 3288 2394 3337 oculos
2423 3289 2619 3349 veritus,
2641 3293 2712 3357 (v.

1703 3354 1919 3404 Martial-
1937 3355 1982 3402 1.
1999 3354 2080 3402 9⁷.
2105 3353 2205 3417 12.)
2231 3353 2342 3417 t'egit
2371 3354 2582 3417 inguina,
2606 3354 2713 3420 quia

1706 3417 1903 3485 simplex
1934 3426 2021 3473 est,
2054 3432 2207 3482 neque
2240 3417 2383 3473 novit,
2407 3417 2604 3468 illorum>
2632 3419 2711 3469 ad·

1707 3491 1869 3548 spectu
1886 3481 2130 3530 libidinem
2149 3481 2341 3530 excitari
2359 3494 2511 3547 posse.

1775 3548 1883 3596 159.
1904 3550 2009 3595 vina
2038 3545 2301 3609 Tiburtina,
2329 3561 2425 3596 non
2457 3547 2601 3612 longe
2666 3563 2711 3597 e·

1705 3609 1793 3659 tita
1813 3619 1897 3659 aut
1922 3610 2246 3658 transmarina.
2286 3610 2455 3675 diffusa
2473 3611 2525 3660 in
2558 3627 2619 3660 ca
2652 3628 2714 3661 os.

1706 3677 1813 3723 lusit
1833 3675 1884 3722 in
1901 3673 2119 3723 infantia.
2539 3724 2543 3731 ⁴

1709 3802 1720 3813 η
1774 3739 2042 3788 162-164.
2077 3739 2214 3786 Forte
2242 3745 2292 3786 et
2308 3753 2488 3802 speras,
2511 3737 2718 3797 Persice,

1707 3803 1965 3852 inlecebras
1991 3800 2267 3851 libidinum:
2314 3817 2424 3851 nam
2457 3800 2510 3850 in
2536 3817 2713 3852 comes-

1710 3867 1965 3915 sationibus
1984 3865 2184 3915 fidicinae
2200 3873 2249 3915 et
2269 3866 2499 3916 cantrices
2518 3868 2624 3916 esse
2644 3880 2721 3916 so·⁴

1709 3930 1885 4005 lebant,
1906 3929 2184 3986 meretrices,
2207 3945 2313 3994 quae
2344 3930 2533 3980 lascivis
2571 3931 2720 3981 canti·

1708 3996 1827 4044 leuis
1846 4005 1895 4044 et
1914 3994 2239 4044 saltationibus
2257 3994 2480 4044 convivas
2508 3995 2717 4045 delecta·

1709 4066 1826 4117 rent,
1866 4060 2213 4124 excitarentque
2252 4057 2304 4107 in
2347 4059 2605 4108 Venerem.
2647 4061 2718 4125 (v.

1701 4124 1785 4173 inf.
1819 4124 1881 4172 ad
1912 4141 1957 4173 v.
1994 4123 2124 4188 177.)
2149 4122 2330 4182 Quales
2356 4130 2461 4171 tum
2496 4122 2720 4190 temporis

1700 4187 2011 4302 ‘bififflsst'z'h
2041 4195 2180 4302 {¹³23
2223 4188 2515 4300 1δέἀίῗῆ
2523 4188 2716 4302 Ρὲθῗτῖ·

1702 4319 1781 4368 71.
1820 4319 1865 4366 1.
1896 4328 1996 4382 seq.
2024 4317 2145 4385 inpr.
2165 4317 2229 4367 v.
2254 4316 2333 4367 79.
2364 4318 2445 4367 26.
2479 4285 2727 4381 seqlui·
