2978 4920
618 339 747 426 ππ

1325 337 2001 418 πυνΕΝἈιῐε

704 531 993 595 Tantum
1022 517 1343 604 admirari,
1377 537 1629 591 tantum
1658 524 1920 590 laudare
1948 523 2238 602 disertos,

701 630 800 696 Ut
828 630 1011 718 pueri
1041 630 1090 692 J
1092 626 1320 692 unonis
1349 649 1548 690 avem.
1641 626 1766 690 Sed
1798 624 2025 714 defluit
2054 631 2225 691 aetas'

702 736 795 799 Et
820 730 1029 820 pelagi
1057 729 1303 817 patiens
1330 740 1395 793 et
1424 726 1680 792 cassidis
1713 741 1909 813 atque
1936 725 2189 812 ligonis.

703 833 934 899 Taedia
961 846 1115 898 tunc
1145 831 1430 918 subeunt,
1449 830 1714 907 animoS,
1745 842 1899 894 ωηο
1931 850 2124 914 seque
2157 848 2466 913 suamque

703 921 1166 1020 Terpsichoren
1193 930 1330 995 odit
1358 930 1636 994 facunda
1661 942 1726 1020 et
1757 928 1931 993 nuda
1962 940 2269 991 senectus

2612 930 2696 991 35

787 1034 1039 1121 Adcipe
1067 1055 1235 1096 nunc
1263 1045 1562 1122 arteS‚⁴ne
1592 1030 1752 1117 quid
1783 1029 1899 1094 tibi
1929 1029 2211 1093 conferat
2240 1028 2378 1103 iste,

703 1143 907 1218 Quem
937 1137 1111 1214 coIiS‚
1143 1148 1206 1200 et
1243 1135 1581 1201 Musarum
1610 1147 1672 1199 et
1708 1132 2022 1221 Apollinis
2054 1131 2191 1196 aede
2224 1131 2450 1196 relicta

704 1242 851 1328 Ipse
879 1238 1031 1303 facit
1060 1261 1301 1316 versuS‚
1333 1250 1528 1324 atque
1558 1236 1667 1300 uni
1699 1236 1867 1301 cedit
1899 1237 2186 1299 Homero

643 1337 648 1340 ’
701 1342 975 1428 Propter
1003 1338 1176 1403 mille
1204 1361 1427 1414 annos;
1475 1352 1565 1415 et,
1598 1339 1647 1402 si
1679 1336 2013 1402 dulcedine
2042 1336 2231 1400 famae

703 1439 1060 1507 Subcensus
1089 1440 1332 1518 reciteS,
1365 1439 1750 1504 Maculonus
1781 1437 2139 1504 commodat
2169 1437 2354 1502 oedes,

2611 1439 2697 1501 '40

703 1548 866 1609 Haec
895 1545 1080 1630 longe
1109 1543 1345 1607 ferrata
1373 1542 1599 1608 domus
1630 1545 1859 1608 servire
1880 1543 2171 1629 jubetur,

614 1697 679 1744 tis
699 1697 828 1743 naua
846 1696 1041 1744 ulterior
1055 1702 1149 1755 est,
1167 1701 1339 1755 proeter
1360 1694 1623 1756 imaginem

614 1763 790 1808 hedera
806 1768 1083 1808 coronatam
1102 1775 1115 1804 ε
1152 1773 1264 1805 nam
1282 1761 1489 1806 Romani
1507 1761 1628 1805 divi·

614 1830 681 1872 tes
712 1832 764 1872 et
795 1826 930 1871 avari
959 1823 1168 1879 disertos,
1192 1825 1379 1879 doctos,
1402 1825 1626 1871 homines

614 1897 837 1949 artesque
868 1890 1103 1948 ingenuas
1136 1902 1231 1935 non
1266 1888 1528 1933 liberaliter
1554 1890 1626 1934 fo·

615 1967 726 2002 vere
753 1954 927 2006 solent,
950 1954 1035 1999 sed
1062 1952 1291 1998 admirari
1318 1953 1627 1999 solummodo

612 2030 673 2064 ac
713 2015 919 2070 laudare,
962 2022 1013 2062 et
1064 2017 1282 2076 quidem,
1325 2023 1381 2062 ut
1420 2016 1626 2063 Junonts

613 2092 1010 2138 ovem,pavonem
1028 2077 1230 2142 ejusque
1244 2082 1624 2141 caudamfflueri,

614 2145 701 2205 qui
737 2156 868 2190 caeco
900 2145 1054 2190 animi
1089 2145 1275 2204 impetu
1314 2158 1372 2191 ac
1413 2152 1635 2205 stupore,-

612 2222 711 2254 non
746 2208 930 2255 ratione
954 2205 1222 2270 judiciique
1253 2209 1519 2256 subtilitate
1553 2225 1629 2257 re·

614 2280 821 2334 guntur.
965 2313 966 2316 ,

676 2337 760 2384 82.
791 2334 904 2394 Sed,
944 2336 1063 2383 dum
1099 2338 1150 2383 in
1183 2339 1345 2385 studio
1377 2339 1626 2386 literarum

611 2402 775 2448 inutili
793 2401 1024 2460 versaris,
1021 2401 1202 2463 defluit,
1220 2403 1341 2460 abit,
1364 2408 1476 2449 oetar
1483 2400 1629 2465 juve·

611 2467 745 2526 nilis,
765 2469 962 2513 robusta
984 2470 1259 2527 viribusque
1281 2469 1487 2530 integra,
1512 2483 1624 2529 quae

611 2533 792 2579 idonea.
806 2539 903 2589 est,
923 2539 973 2579 et
995 2528 1167 2594 majori
1195 2534 1404 2579 utilitate
1425 2535 1625 2593 inpendi

610 2597 1279 2674 potestpelago,mercaturae‚
1297 2598 1482 2655 caecidi,
1494 2599 1620 2644 mili·

612 2662 717 2718 tiae,
740 2668 789 2708 et
807 2663 976 2721 tigoni,
998 2662 1322 2721 agriculturae.
1370 2662 1552 2721 Dqflm't
1573 2663 1627 2708 h.

576 2730 579 2734 ’
610 2726 649 2774 1.
678 2727 917 2785 exquisite
956 2728 1198 2785 positum:
1251 2740 1364 2773 nam
1385 2729 1540 2785 flucre
1573 2733 1624 2773 et

610 2790 705 2837 labe·
736 2792 967 2836 dicuntur
997 2804 1075 2846 ea,
1097 2803 1211 2849 quoe
1244 2792 1314 2836 ita
1341 2791 1540 2850 fugiunt
1574 2798 1625 2837 et

611 2856 807 2909 abeunt,
825 2862 880 2900 ut
903 2854 984 2899 vix
1007 2855 1379 2908 sentiam-instar
1396 2855 1487 2899 rivi
1505 2855 1625 2899 leni-

612 2925 688 2964 ter
710 2917 938 2966 fluentis.
987 2917 1184 2963 Patiens
1208 2919 1278 2963 rei
1303 2925 1518 2972 vocatur,
1541 2917 1626 2977 qui

613 2982 827 3028 laborem
879 2994 995 3027 cum
1037 2996 1094 3027 ea
1136 2978 1453 3043 conjunctum
1499 2983 1627 3028 ferre

612 3051 791 3155 potist.
840 3047 919 3092 Cf.
942 3046 1213 3139 Mitscherl.
1230 3047 1291 3092 ad
1316 3046 1439 3094 Hor.
1462 3047 1556 3093 Od.
1583 3046 1623 3092 1.

641 3172 761 3221 34.
781 3171 862 3219 35.
900 3174 1048 3227 Tunc,
1070 3187 1220 3233 quum
1256 3176 1374 3221 aetas
1401 3176 1624 3228 defluxit,

613 3237 804 3287 toedium
846 3238 994 3284 studii
1026 3239 1275 3285 literarum
1313 3240 1462 3299 capit,
1499 3243 1544 3285 et
1579 3254 1628 3286 se

610 3316 832 3364 mamque
849 3300 1194 3361 Terpsichoren,
1212 3304 1429 3360 Musam,
1448 3304 1625 3358 studia,

610 3367 727 3422 odit,
764 3369 965 3414 adcusat
997 3366 1311 3428 damnatque,
1331 3367 1626 3429 ficundaet

610 3433 754 3489 nuda,
786 3433 943 3492 inops,
975 3435 1193 3488 smctm,
1228 3440 1370 3492 poeta
1401 3446 1545 3479 senex
1576 3439 1626 3478 et

608 3510 811 3557 pauper,
828 3511 934 3543 sero
949 3495 1136 3553 dolens,
1157 3512 1209 3543 se
1225 3497 1416 3549 studiis,
1433 3511 1521 3543 nec
1539 3511 1623 3557 po-

611 3561 709 3607 tius
736 3561 843 3608 aliis
873 3561 1076 3618 artibus,
1108 3564 1284 3620 quibus
1315 3558 1502 3623 majora
1533 3562 1624 3610 sibi

608 3628 872 3672 commoda
885 3631 936 3670 et
957 3628 1193 3672 senectuti
1227 3626 1454 3686 praesidia
1488 3640 1623 3673 com-

609 3699 778 3746 parare
806 3691 1061 3748 potuisset,
1094 3697 1283 3736 aetatem
1325 3691 1622 3789 inpendisse.-
1632 3704 1637 3707 ’

610 3751 692 3798 Cf.
716 3764 825 3810 sup.
848 3753 933 3799 IV.
954 3752 1033 3798 49.
1060 3761 1110 3799 et
1131 3755 1209 3801 81.

672 3815 757 3861 36.
741 3829 866 3876 ..seq
884 3815 1079 3876 Αάιίρε,
1098 3819 1232 3875 audi,
1246 3832 1369 3864 nunc
1386 3782 1624 3877 oriendo-

607 3879 699 3933 los‚
713 3880 890 3938 quibua
905 3881 1009 3935 iste,
1020 3895 1153 3942 quem
1167 3883 1291 3936 colis,
1306 3882 1444 3928 dives
1458 3892 1619 3942 patro·

609 3957 720 3998 nus,
740 3950 925 4000 utatur,
940 3958 998 3989 ne
1019 3945 1133 4006 qnid
1153 3947 1246 3991 tibi
1264 3948 1455 4005 proemii
1475 3960 1512 3992 s.
1536 3949 1622 3994 ad-

600 4005 817 4069 jumenti
848 4008 1072 4070 conferat,
1107 4011 1225 4056 dare
1256 4016 1480 4064 cogatur:
1525 4014 1574 4072 ὴ.
1561 4028 1623 4059 se

592 4072 722 4134 facit
743 4085 920 4130 vcrms,
944 4079 1000 4118 nt
1020 4087 1213 4120 carmen
1245 4074 1459 4121 carmine
1483 4089 1619 4123 com-

605 4145 795 4197 penset,
814 4138 901 4191 (ita
920 4151 1002 4196 per
1013 4135 1182 4199 jocum
1203 4139 1330 4186 vices
1347 4141 1623 4198 rependisse

605 4204 887 4262 Augustum
913 4202 1041 4262 Imp.
1064 4209 1215 4263 poetoe
1236 4204 1457 4249 Graculo
1477 4207 1622 4251 refert

605 4265 821 4313 Macrob.
846 4267 915 4315 11.
939 4266 1016 4325 4.)
1028 4275 1210 4313 ettam
1242 4268 1494 4345 praeclaros
1520 4282 1623 4316 ver·

604 4341 687 4375 sus
699 4331 873 4388 facere,
887 4340 988 4379 tam
1004 4335 1224 4409 egregius
1239 4334 1341 4392 ipse
1355 4341 1501 4391 poeta
1517 4332 1622 4380 esse

604 4392 695 4439 sibi
714 4396 920 4458 videtur,
936 4402 990 4444 ut
1008 4412 1091 4445 um
1085 4398 1313 4445 Homero
1324 4397 1472 4455 cedat,
1485 4400 1619 4458 prin-

1689 1696 1904 1754 cipatum
1951 1695 2203 1750 concedat,
2248 1701 2298 1740 ct
2351 1693 2551 1754 quidem
2603 1706 2693 1738 non

1690 1765 1885 1820 propter
1896 1760 2078 1819 ingenii
2091 1759 2462 1818 carminumque
2474 1764 2705 1818 prostans

1691 1825 1829 1875 tiam,
1852 1826 1937 1870 sed
1957 1830 2155 1883 propter
2173 1822 2301 1870 mille
2321 1830 2514 1869 tantum
2537 1831 2701 1874 aunon·

1691 1889 1741 1934 h.
1754 1900 1799 1934 e.
1814 1895 2009 1948 propter
2023 1893 2336 1942 vetustatem,
2353 1888 2534 1948 quippe
2550 1899 2696 1946 quoea

1687 1952 1858 1997 multis
1879 1952 2036 2012 magis
2058 1964 2205 2012 quam
2224 1952 2330 2010 ipsa
2340 1975 2341 1978 =
2351 1951 2635 2011 praestantia·
2648 1952 2696 1995 in

1686 2017 1823 2062 libris
1839 2016 2030 2076 respici,
2045 2024 2095 2061 et
2111 2017 2173 2062 ad
2189 2029 2336 2076 quam
2352 2017 2459 2062 haec
2472 2014 2705 2061 aestimari

1689 2082 1840 2134 solet·
1875 2082 2005 2140 quod
2019 2078 2262 2143 judicium
2292 2081 2426 2141 vulgi
2447 2080 2576 2126 ridet
2598 2079 2703 2168 Ho-

1688 2151 1779 2191 rat.
1801 2145 1956 2205 Epist.
1981 2144 2345 2203 11.1.18.seq.
2443 2167 2451 2174 ·

1756 2208 1837 2256 37.
1856 2209 2005 2255 AEdes
2015 2209 2298 2266 Musarum,
2313 2210 2386 2254 vel
2400 2209 2564 2268 potius
2582 2206 2698 2252 Her·

1616 2301 1622 2308 ·
1692 2275 1815 2320 culis
1835 2274 2090 2321 Musarum
2108 2287 2146 2319 s.
2165 2274 2449 2333 Musagetae,
2464 2286 2494 2318 a
2519 2272 2699 2317 Marcio

1692 2329 1919 2397 Philippo
1950 2345 2195 2385 exstructa
2219 2343 2305 2383 aut
2336 2344 2586 2391 renovata,
2605 2342 2653 2381 et
2671 2347 2700 2380 a
2772 2379 2778 2384 .

1693 2401 1864 2450 Fulvio
1884 2403 2131 2449 Nobiliore
2151 2403 2392 2459 dedicata,
2406 2408 2453 2448 et
2468 2400 2705 2462 Apoutnie

1690 2467 1914 2522 Palatini,
1928 2469 1979 2513 in
1998 2469 2261 2514 bibliothc
2235 2482 2300 2514 σεε
2317 2481 2462 2514 usum
2482 2466 2701 2512 cedentes·

1689 2539 1737 2578 et
1753 2534 1908 2580 doctis
1923 2534 2194 2579 vacanteeh
2278 2532 2456 2578 inibus.
2479 2546 2531 2578 v.
2543 2531 2698 2577 Bentl.

1689 2598 1747 2644 ad
1772 2598 1942 2644 Horat.
1969 2597 2214 2656 Epist.-11.
2239 2597 2289 2643 2.
2304 2595 2386 2645 92.
2405 2610 2507 2657 seq.
2561 2594 2698 2651 Quem

1687 2663 1816 2720 colis,
1832 2662 2047 2722 quotidie
2060 2662 2241 2708 salutas
2255 2667 2302 2706 et
2315 2662 2534 2718 sectariS,
2547 2659 2701 2706 relicto

1688 2734 1939 2786 propterea
1956 2726 2247 2773 commercio
2266 2733 2316 2769 et
2330 2733 2576 2770 conventu
2592 2737 2696 2783 poe·

1689 2798 1849 2837 tarum
1869 2791 1917 2836 in
1936 2792 2029 2837 oede
2043 2789 2339 2840 Musarum
2369 2790 2449 2835 vel
2457 2789 2591 2850 facit
2608 2788 2699 2849 ἐμὲ

1690 2869 1867 2909 vernn,
1871 2855 2030 2901 relicta
2046 2853 2396 2900 oedeMmarum
2408 2850 2711 2913 etApouimr

1690 2926 1851 2978 spreto
1861 2920 2114 2966 doctorum
2127 2919 2340 2963 virorum
2352 2915 2559 2979 judicio,
2575 2919 2697 2977 quod

1689 2983 1802 3029 ferri
1819 2984 1977 3028 solet
1962 2998 2012 3028 in
2035 2983 2112 3028 his
2133 2983 2337 3036 aedibu8‚
2355 2981 2438 3027 ubi
2462 2983 2572 3028 libri
2590 2983 2698 3027 reci-

1692 3054 1870 3093 tantur.
1928 3048 2020 3094 Sed
2037 3048 2106 3092 ita
2124 3047 2248 3092 forte
2271 3047 2365 3106 leg.
2383 3049 2576 3108 reJecto:
2592 3045 2698 3092 nisi

1689 3112 1832 3157 malis
1846 3116 2070 3173 receptus,
2079 3111 2129 3156 in
2148 3124 2413 3171 numerum¹
2427 3112 2674 3158 doctorum
2681 3119 2703 3162 ,¹

1688 3189 1897 3235 quorum
1943 3177 2180 3236 imagines
2223 3189 2281 3221 ac
2323 3183 2497 3221 statue
2515 3195 2522 3203 ·
2538 3177 2588 3221 in
2625 3175 2699 3221 his

1689 3239 1886 3299 templis
1907 3241 2158 3298 dedicata»,
2178 3240 2402 3300 quamvis
2424 3241 2576 3285 invita
2590 3286 2595 3291 ,
2609 3239 2699 3285 Mi·

1693 3317 1840 3350 nerva
1884 3319 2049 3350 versus
2083 3303 2246 3359 faciat,
2278 3308 2348 3349 'ex
2384 3302 2543 3363 pravo
2562 3305 2700 3350 illius

1690 3369 1848 3416 aetatis
1860 3366 2067 3430 judicio,
2092 3371 2221 3428 quod
2244 3370 2376 3414 hunc
2398 3370 2628 3414 honorem
2651 3375 2698 3413 et

1689 3435 1848 3492 dignis
1866 3440 1916 3479 et
1937 3434 2148 3494 indignis
2169 3433 2430 3479 deferebat.
2450 3432 2562 3487 ede,
2581 3439 2698 3478 tem.

1689 3499 1802 3557 plo·
1836 3504 1882 3543 at
1911 3510 2033 3543 mox
2061 3511 2110 3543 v.
2141 3496 2223 3543 40.
2253 3496 2371 3542 πᾶσι
2401 3498 2590 3569 privata
2619 3497 2700 3542 do·-

1688 3574 1816 3608 muS.
1881 3561 1960 3608 89.
1984 3560 2131 3608 Mille
2149 3564 2286 3617 anni,
2306 3574 2540 3607 numerus
2568 3572 2698 3621 mag·

1688 3639 1783 3672 nus
1798 3632 1851 3671 et
1865 3627 2124 3684 rotundus,
2142 3627 2226 3672 sed
2248 3628 2307 3672 ad
2326 3626 2583 3703 Juvenalis
2603 3627 2695 3671 fere

1688 3697 1880 3736 aetatem
1905 3704 2193 3749 congruens.

1721 3753 1962 3801 39-47,
1985 3755 2151 3800 Altera
2169 3768 2266 3813 ars,
2283 3768 2384 3815 qua
2399 3754 2701 3802 Maculam.-

1688 3821 1737 3865 h.
1761 3830 1813 3866 e.
1837 3819 1973 3864 dives
2005 3827 2245 3877 patronus
2269 3824 2407 3875 tuns,
2443 3822 2621 3877 utitur,
2643 3826 2697 3865 ut

1685 3885 1803 3930 satis
1830 3884 1919 3929 tibi
1952 3884 2138 3942 praemii
2158 3888 2216 3930 ac
2238 3884 2418 3930 favoris
2439 3886 2717 3931 contulisse-

1685 3950 1904 3995 videatur
1920 3965 1932 3992 :
1957 3950 1996 3994 si
2013 3949 2161 3994 famoe
2174 3947 2465 4007 honorisque
2477 3944 2697 4008 captandi

1683 4025 1827 4059 causa
1879 4013 2103 4058 carmina·
2141 4021 2226 4058 tua
2266 4013 2472 4058 recitare
2514 4014 2694 4071 cupias,

1683 4077 1802 4122 oeder
1829 4079 2022 4135 quidem
2061 4078 2196 4130 viles,
2220 4077 2480 4135 inquibus
2509 4074 2703 4128 recites,

1687 4141 1776 4187 tibi
1797 4141 2114 4195 commodabit,
2133 4141 2204 4204 (v.
2227 4154 2335 4199 sup.
2351 4142 2412 4186 ad
2433 4140 2477 4186 12
2505 4142 2582 4189 12.
2602 4136 2698 4200 13.)

1686 4212 1737 4250 et⁴
1749 4206 1951 4251 clientes
1968 4206 2055 4250 tibi
2072 4207 2360 4264 adplaudere
2369 4201 2585 4265 jubebit,
2606 4218 2695 4249 non

1684 4283 1798 4316 vero
1808 4276 1916 4315 sum
1923 4274 2002 4315 tus
2014 4271 2255 4329 subgeret,
2270 4270 2353 4328 qui
2365 4270 2574 4315 faciendi
2590 4267 2701 4316 suni·

1683 4334 1753 4379 in
1768 4335 2109 4387 conducenda,·
2123 4335 2421 4392 disponenda
2453 4347 2511 4379 ac
2543 4345 2701 4392 repor-

1686 4400 1832 4445 tanda
1875 4399 2100 4445 subsellia
2144 4407 2237 4446 cet.
2275 4398 2360 4451 (cf.
2403 4399 2596 4459 Dialog.
2638 4398 2701 4442 de
