2978 4920
597 300 727 369 292

1301 286 1995 352 JUVENALIS

680 482 928 568 Nuper,
959 489 1024 543 et
1051 473 1427 555 ineolumem
1457 495 1591 538 sese
1617 471 1905 537 mirantis
1933 471 2137 537 amici.

681 583 849 647 Nam
877 595 1110 669 proeter
1137 575 1347 664 pelagi
1375 597 1580 654 casus,
1609 586 1672 640 et
1701 574 1978 661 fulguris
2005 573 2209 637 ictum

682 683 902 763 Evasi,
932 683 1143 747 densoe
1171 677 1415 745 eoelum»
1431 676 1813 743 abscondere
1844 676 2125 741 tenebrae

684 785 876 851 Nube
906 805 1055 861 una,
1086 781 1463 866 subitusque
1493 791 1795 843 antennas
1823 776 2059 865 inpulit
2085 775 2292 862 ignis3

684 888 902 964 Quum
932 906 996 948 se
1024 882 1297 968 quisque
1323 879 1436 943 illo
1462 897 1831 965 percussum
1861 876 2169 954 crederet,
2200 886 2264 940 et
2294 897 2444 941 mox

687 986 1043 1051 Adtonitus
1072 983 1319 1048 nullum
1349 980 1619 1046 conferri
1648 1002 1832 1068 posse
1859 989 2117 1065 putaret

687 1087 1112 1173 Naufragium
1140 1085 1298 1150 velis
1325 1083 1714 1149 ardentibus.

1805 1081 2036 1147 Omnia
2061 1080 2227 1148 fiunt

693 1190 902 1267 Talia,
933 1202 1065 1254 tam
1093 1187 1395 1274 graviter,
1425 1185 1478 1251 si
1507 1184 1766 1272 quando
1793 1183 2040 1270 poetica
2069 1183 2275 1270 surgit

691 1287 1081 1377 Tempestas.
1173 1289 1395 1354 Genus
1421 1308 1564 1352 eece
1592 1285 1768 1350 aliud
1796 1284 2206 1351 discriminis:
2253 1284 2406 1352 audi

653 1414 660 1420 ²
691 1392 784 1456 Et
812 1391 1104 1454 miserere
1132 1388 1387 1467 iterum,
1419 1408 1811 1474 quamquam
1838 1387 1963 1451 sint
1993 1397 2201 1450 cetera
2228 1384 2414 1449 sortis

693 1492 1039 1579 Ejusdem:
1087 1512 1235 1577 pars
1263 1489 1404 1553 dira
1431 1488 1715 1576 quidem,
1748 1486 1858 1551 sed
1887 1487 2142 1572 cognita
2168 1485 2411 1565 multis,

695 1593 786 1657 Et
815 1614 1007 1679 quam
1038 1590 1254 1656 votiva
1275 1600 1589 1656 testantur
1616 1587 1765 1653 fana
1794 1586 2027 1652 tabella

695 1694 999 1759 Plurima.
1041 1692 1314 1780 pictores
1343 1692 1488 1779 quis
1516 1691 1712 1756 nescit
1742 1690 1823 1754 ab
1856 1688 2028 1753 Iside
2056 1687 2273 1775 pasci?

693 1796 964 1861 Adcidit
996 1807 1059 1860 et
1089 1807 1303 1860 nostro
1334 1793 1552 1858 similis
1581 1795 1842 1859 fortuna
1872 1790 2145 1856 Catullo.

695 1900 911 1976 Quum
941 1897 1166 1984 plenus
1192 1896 1396 1960 fluctu
1426 1894 1674 1959 medius
1700 1894 1866 1960 foret
1896 1893 2135 1971 alveus,
2164 1903 2228 1956 et
2249 1893 2411 1980 jam,

696 1999 1041 2063 Alternum
1069 1999 1307 2085 puppis
1333 1998 1504 2062 latus
1532 1998 1960 2062 evertentibus
1987 1995 2176 2062 undis

698 2099 971 2164 Arboris
997 2098 1275 2177 incertae,
1304 2098 1547 2163 nullam
1576 2097 1917 2186 prudentia
1945 2096 2083 2161 cani

615 2248 827 2302 miratur,
844 2248 1103 2295 incolumem
1121 2264 1206 2296 sese
1224 2261 1343 2304 esse,
1358 2256 1408 2297 et
1423 2254 1493 2298 tot
1513 2254 1619 2296 tan-

616 2321 758 2375 taque
778 2310 986 2376 pericula
1004 2311 1144 2360 maris
1165 2312 1384 2361 evasisse.

626 2425 629 2428 .
683 2378 759 2427 17.
795 2377 947 2440 pelagi
998 2393 1136 2432 canu,
1273 2376 1401 2425 'cula
1456 2375 1617 2432 maris,

612 2440 735 2506 inpr.
762 2447 1099 2506 tempestatem.
1209 2445 1318 2498 vasi,
1383 2441 1478 2490 uod
1507 2454 1619 2490 eva·

614 2506 690 2554 sit.
772 2506 834 2553 In
871 2506 983 2554 MS.
1022 2513 1121 2555 ant.
1153 2505 1333 2555 Pithoei
1389 2505 1540 2570 egitur
1577 2513 1622 2553 et

617 2568 813 2635 (etiam)
839 2568 1061 2633 fulminis
1098 2572 1214 2619 ictus
1256 2571 1425 2619 Evasit.
1508 2569 1623 2618 Non

615 2635 757 2692 male,
778 2635 816 2682 si
838 2642 944 2700 post
976 2635 1129 2684 Evasit
1182 2643 1375 2683 unctum
1457 2634 1621 2683 sueris.

615 2699 740 2748 Tum
759 2701 878 2761 ignis
896 2716 944 2749 v.
967 2700 1044 2750 19.
1062 2699 1124 2749 ad
1260 2716 1320 2749 en
1340 2715 1388 2749 re
1409 2698 1498 2747 erri
1516 2707 1620 2765 pot-

615 2770 702 2812 est.

686 2829 761 2876 19.
785 2827 916 2876 Nube
932 2845 1044 2885 una,
1065 2833 1168 2876 atra
1194 2827 1336 2885 nube,
1359 2841 1442 2891 per
1473 2834 1624 2875 totum

618 2906 827 2956 expansa
846 2892 1038 2939 coelum.
1082 2894 1267 2948 subitus,
1285 2894 1442 2948 subito,
1465 2902 1623 2939 anten-

614 2971 694 3003 nas
714 2957 897 3018 inpulit,
915 2955 967 3004 in
985 2971 1068 3005 eas
1084 2955 1266 3013 incidit,
1301 2954 1410 3004 illas
1435 2969 1624 3020 percus·

619 3017 696 3075 sit,
718 3019 851 3083 ig'nis,
880 3036 976 3068 non
1006 3019 1218 3084 fulguris,
1241 3021 1378 3085 (nam
1409 3019 1627 3069 Catullus

605 3081 823 3145 fulguris
853 3087 993 3133 ictum
1013 3088 1165 3141 evasit,
1188 3093 1237 3134 et
1254 3094 1414 3146 praeter
1446 3082 1626 3145 fulmen

619 3147 790 3193 subitus
809 3149 941 3209 ignis,
976 3149 1093 3196 adeo
1126 3164 1184 3197 ue
1217 3149 1278 3197 ab
1311 3164 1366 3197 eo
1399 3147 1625 3204 diversus,

619 3222 834 3257 antennas
846 3212 1040 3273 inpulit)
1053 3228 1104 3260 se
1147 3213 1363 3267 Helenae,
1377 3212 1627 3276 (Helenen-

605 3271 866 3338 fener,feu
899 3275 966 3323 St.
989 3275 1141 3338 Elme)
1163 3273 1384 3324 electi-ica
1413 3275 1627 3333 materia,

620 3338 696 3386 vel
726 3340 892 3404 igneus
912 3339 1171 3403 ardensque
1202 3355 1363 3406 vapor,
1384 3339 1484 3402 qui,
1506 3355 1625 3404 prae-

620 3402 756 3468 cipue
821 3412 892 3453 ost
927 3411 1263 3469 tempestatem,
1299 3404 1350 3452 in
1381 3404 1501 3452 mari
1536 3404 1625 3452 cir-

617 3482 783 3517 cumve
804 3478 870 3525 at,
892 3477 940 3518 et
970 3469 1096 3517 malo
1115 3468 1251 3518 navis
1283 3469 1493 3518 adhaeret
1507 3485 1523 3528 3
1565 3469 1625 3527 de

618 3546 712 3595 quo
733 3549 782 3583 v.
804 3533 932 3582 Plin.
952 3533 1129 3582 11.‘37.

682 3597 765 3644 20.
783 3614 881 3661 seq.
904 3598 1137 3647 Praeclare
1158 3597 1461 3647 adumbratur
1479 3614 1622 3663 pavor

619 3673 796 3716 eorum,
834 3662 916 3725 qui
951 3662 1060 3710 navi
1098 3661 1341 3711 vehuntur.
1419 3664 1623 3711 Adtoniti

619 3731 860 3781 vocantur,
883 3729 961 3788 qui
989 3729 1080 3774 vivi
1108 3737 1300 3788 stupent,
1327 3737 1370 3776 et
1402 3730 1452 3774 in
1484 3736 1624 3775 totum

617 3788 698 3834 sibi
727 3789 950 3845 excidunt,
974 3791 1082 3837 Seu.
1104 3791 1221 3838 Nat.
1244 3793 1422 3850 Quaest.
1446 3792 1521 3839 ΙΙ.
1542 3793 1624 3840 27.

619 3850 700 3922 21.
742 3851 954 3915 conferri,
999 3855 1272 3918 comparari,
1314 3872 1446 3917 posse,
1491 3855 1540 3903 h.
1581 3871 1626 3903 e.

618 3914 890 4027 {pce-adium
921 3916 1069 3964 multo
1098 3918 1345 3968 terribilius
1375 3933 1476 3968 esse
1507 3935 1625 3968 nau-

661 3995 722 4043 ag
727 3996 783 4029 10·

630 4090 631 4093 ,
683 4046 766 4094 23.
795 4047 833 4092 si
864 4046 1052 4108 quando,
1086 4043 1132 4091 h.
1155 4061 1200 4094 e.
1233 4044 1505 4111 aliquando,
1524 4062 1624 4106 poe-

620 4108 710 4156 tica
749 4111 912 4174 surgit,
953 4107 1173 4166 exoritur,
1215 4119 1455 4171 tempestas,
1496 4109 1543 4157 h.
1579 4125 1623 4159 e.

619 4179 749 4222 atrox
788 4181 837 4223 et
874 4189 1001 4223 saeva
1031 4181 1283 4239 tempestas
1319 4173 1507 4236 fingitur
1542 4183 1625 4223 aut

619 4234 893 4287 describitur
921 4255 950 4287 a
981 4239 1142 4304 poetis,
1170 4255 1268 4288 rem
1299 4239 1621 4302 exaggeranti-

618 4300 721 4351 bus.
787 4303 976 4361 Facete,
997 4312 1049 4353 ut
1071 4319 1148 4370 ap.
1171 4303 1366 4355 Lucian.
1388 4304 1621 4367 quomodo

1681 2244 1875 2295 historia
1891 2244 2228 2294 conscribenda
2248 2243 2325 2300 sit,
2341 2237 2413 2308 (Ο
2417 2261 2502 2309 pp.
2516 2246 2580 2294 T.
2597 2246 2700 2294 111.

1683 2326 1733 2375 p.
1755 2311 1866 2358 405.
1885 2309 1962 2357 ed.
1984 2309 2219 2371 Schmid.)
2239 2307 2375 2366 tram
2396 2310 2494 2376 ‘yde
2520 2310 2628 2359 «rein
2648 2310 2695 2370 (ὅ

1681 2373 1991 2440 συγγραφεὺς)
2016 2374 2223 2427 cantani?
2254 2394 2362 2428 τινος
2386 2374 2553 2436 &ripun
2571 2378 2698 2424 inw-

1681 2439 1895 2506 gedeona
1918 2438 1985 2489 τὸ
2004 2440 2182 2490 ἀκάτια
2212 2447 2303 2489 cet.
2334 2439 2397 2488 cf.
2429 2440 2586 2505 ejusd.
2618 2440 2697 2488 Ti-

1684 2519 1942 2617 mogi-123³
1976 2567 2343 2617 exclamabundi
2378 2568 2513 2632 loqui
2548 2569 2696 2617 solent

1683 2632 1943 2697 scriptores,
1976 2631 2331 2697 superveniente
2371 2648 2495 2681 novo
2541 2633 2698 2708 aliquo

1683 2696 1963 2757 infortuni03
2006 2697 2149 2746 etiam
2181 2697 2240 2745 de
2272 2713 2323 2745 re
2354 2698 2431 2746 vel
2463 2698 2698 2762 inprovisa

1686 2776 1741 2809 ae
1773 2761 1945 2818 subita,
1966 2761 2042 2810 vel
2072 2760 2220 2826 gravi,
2243 2761 2569 2811 adtentionem
2599 2779 2694 2811 mo-

1688 2825 1793 2873 turi.
1814 2828 1942 2875 aliud
1958 2843 2101 2890 genus
2121 2829 2404 2883 discriminis,
2428 2827 2578 2891 quod,
2595 2842 2696 2876 sen·

1688 2888 1844 2938 tentiis
1875 2889 2156 2954 quibusdam
2188 2890 2338 2939 facete
2369 2891 2623 2954 praemissis
2651 2900 2697 2940 et

1688 2952 1960 3018 interjectis,
1979 2962 2258 3003 memoratur
2282 2972 2330 3003 v.
2350 2957 2433 3004 29.
2454 2971 2557 3020 seq.
2621 2957 2697 3008 25.

1688 3028 1849 3077 cetera,
1882 3035 1989 3083 quoe
2026 3035 2135 3067 mox
2171 3018 2382 3068 dicturus
2410 3036 2535 3069 sum.
2580 3024 2701 3070 sortis

1687 3085 1895 3142 ejusdem,
1918 3100 2012 3131 non
2034 3082 2189 3131 minus
2220 3083 2388 3141 tristia.
2452 3086 2535 3133 27.
2556 3086 2637 3133 28.
2656 3102 2699 3136 v.

1689 3145 1771 3193 inf.
1796 3148 1857 3196 ad
1878 3149 2018 3197 XIV.
2040 3150 2152 3196 302.
2183 3150 2279 3211 quis
2309 3148 2438 3196 enim
2469 3153 2610 3197 nescit
2634 3156 2701 3203 tot

1690 3212 1898 3283 quotidie
1925 3211 2020 3260 fere
2041 3211 2286 3275 naufragia
2306 3228 2426 3269 esse,
2444 3221 2500 3262 ut
2515 3217 2700 3274 pictores

1685 3289 1786 3338 Jam
1814 3291 1972 3325 eorum
1994 3276 2174 3341 pictura
2204 3276 2293 3323 sibi
2313 3292 2484 3349 parare
2504 3276 2699 3342 possint,

1688 3354 1793 3402 quae
1829 3339 1890 3388 ad
1922 3342 2096 3389 victum
2128 3340 2463 3404 suppeditent?
2496 3345 2553 3389 ab
2585 3341 2701 3391 Iside

1685 3407 1825 3464 pasci,
1850 3404 1931 3461 ali,
1947 3407 2147 3466 pictores,
2171 3404 2392 3468 quoniam
2413 3403 2472 3453 in'
2484 3405 2592 3471 ejus
2616 3421 2696 3470 po·

1692 3467 1920 3517 tissimum
1959 3469 2146 3534 templis
2198 3470 2383 3526 tabellae,
2428 3470 2481 3518 in
2532 3470 2700 3534 quibus

1688 3532 1867 3596 pictum
1888 3541 1990 3582 erat
2009 3532 2323 3595 naufragium,
2346 3535 2700 3599 suspendeban-

1687 3605 1777 3651 tur.
1841 3597 2136 3661 Navigantes
2164 3597 2266 3660 ejus
2293 3599 2455 3647 tutelae
2484 3599 2699 3648 commis-

1687 3677 1761 3711 sos
1801 3661 1939 3710 fuisse
1979 3669 2137 3711 monet
2170 3661 2423 3719 Lucianus,
2458 3672 2509 3712 et
2539 3663 2699 3729 praeei·

1686 3742 1833 3792 puum
1862 3726 1992 3774 illius
2022 3727 2193 3776 festum
2227 3727 2397 3774 Romae
2431 3736 2538 3775 erat
2571 3728 2700 3776 Isidis

1685 3793 1935 3903 ’iivigffi’
1966 3790 2026 3903 ‘³1⁹‘
2051 3805 2229 3904 34¹⁰&
2254 3792 2700 3906 Li‘imiaissid’

1755 3890 1769 3904 .
1799 3871 1825 3902 e
1957 3872 1988 3904 u
2008 3889 2021 3902 .
2112 3871 2140 3904 e
2237 3890 2250 3903 .
2361 3892 2374 3905 .
2439 3891 2454 3905 .
2584 3890 2598 3903 .
2688 3891 2701 3905 .

1690 3920 1815 3968 Elm.
1879 3921 1910 3967 3
1946 3954 1959 3968 .
1987 3921 2143 3969 Locus
2168 3919 2298 3968 haud
2321 3873 2466 3969 saniis
2487 3920 2699 3970 videtur:

1689 3998 1802 4032 nam
1842 3982 1938 4032 duo
1977 3984 2189 4048 genitivi,
2226 3987 2388 4045 puppis
2425 3993 2479 4034 et
2517 3987 2699 4041 urbm-is,

1688 4047 1790 4096 sine
1811 4048 1997 4113 copula,
2016 4064 2126 4097 cum
2148 4064 2250 4098 voe.
2281 4051 2399 4097 latus
2416 4050 2698 4114 junguntur,

1688 4127 1839 4176 neque
1895 4112 2139 4161 commoda
2191 4112 2395 4161 exoritur
2448 4113 2700 4170 sententia,

1686 4174 1784 4225 sive
1805 4191 1971 4226 navem
1994 4178 2040 4226 h.
2065 4178 2110 4225 1.
2130 4183 2181 4226 et
2196 4180 2381 4239 puppim
2409 4185 2458 4233 et
2484 4182 2697 4233 arborem,

1685 4239 1783 4290 sive
1798 4240 1974 4289 malum
1986 4241 2080 4291 dici
2096 4244 2518 4297 arborem-censeas.
2562 4245 2699 4293 Forte

1683 4305 1776 4370 leg.
1809 4307 2047 4356 Alternum
2087 4306 2254 4371 (modo
2290 4307 2524 4366 dextrum,
2562 4306 2699 4357 modo
