2978 4920
601 338 729 401 114

692 509 1057 584 Personam,
1090 504 1515 593 thyrsumque
1547 506 1881 587 tenent,·et
1913 504 2196 591 subligar
2227 506 2403 568 Acci.

1327 333 2002 397 JUVENALIS

2614 505 2701 568 70

693 609 976 675 Urbicus
1007 607 1237 673 exodio
1264 608 1459 672 ris'um
1479 622 1692 674 movet
1725 610 2040 673 Atellanae

693 713 1001 778 Gestibus
1033 711 1390 774 Autonoes:
1438 711 1617 774 hunc
1642 711 1852 797 diligit
1885 710 2060 774 AElia
2088 734 2349 797 pauper.

696 812 978 876 Solvitur
1007 811 1106 876 his
1137 814 1366 897 magno
1396 811 1664 875 comoedi
1695 812 1913 874 fibula.
1961 824 2131 887 sunt,
2164 835 2313 896 quae

696 914 1185 999 Chrysogonum
1217 925 1468 975 cantare
1501 925 1735 976 vetent.

701 1012 976 1101 Gaudet..

1067 1015 1175 1076 An
1205 1026 1553 1100 exspectaS,
1585 1027 1660 1078 ut
1693 1014 2121 1091 Quintilianus
2150 1017 2444 1077 ametur?

1827 912 2132 998 Hispulla
2160 910 2453 996 tragoedo

2623 1015 2704 1077 75

698 1117 967 1203 Adcipis
998 1136 1284 1192 uxorem,
1317 1116 1396 1180 de
1426 1140 1558 1202 qua
1587 1117 1975 1181 citharoedus
2005 1117 2255 1180 Echion

699 1221 841 1281 Aut
874 1218 1385 1303 Glaphyrus'fiat
1415 1231 1619 1304 pater,
1653 1219 2161 1304 Ambrosiusque
2191 1217 2537 1281 choraules,

611 1385 640 1416 e
671 1371 810 1416 fastis
843 1367 983 1431 vett.)
1016 1372 1099 1415 sed
1135 1371 1262 1429 quod
1297 1370 1415 1415 illud
1452 1370 1624 1429 plebis,

612 1434 702 1481 hoc
720 1436 1036 1494 patriciorum¹
1055 1435 1204 1487 fuerit,
1215 1434 1411 1478 festum.
1432 1448 1476 1478 v.
1501 1435 1626 1481 Gell.

613 1499 683 1545 11.
707 1498 790 1565 24.
814 1496 1086 1546 ΧἯΙᾙΞ.
1122 1507 1170 1544 et
1196 1499 1369 1544 HeinS.
1396 1500 1455 1543 ad
1482 1498 1623 1543 Ovid.

614 1563 742 1610 Fast.
770 1556 861 1610 IV.
880 1562 990 1608 353.

678 1630 755 1676 70.
793 1629 1065 1681 Personam,
1101 1634 1156 1673 ut
1192 1627 1283 1672 11¹.
1323 1625 1429 1672 175.
1467 1628 1550 1671 ubi
1576 1640 1622 1672 v.

613 1702 713 1742 not.
743 1693 933 1752 Thyrsi,
952 1693 1103 1737 hastae
1124 1692 1363 1751 pampinis
1380 1697 1426 1733 ct
1451 1692 1627 1736 hedera

612 1760 801 1810 cinctae,
841 1758 1016 1815 quibus
1053 1757 1312 1801 utebantur
1349 1755 1628 1813 histriones,

611 1832 770 1882 partes
792 1821 968 1868 Bacchi
1006 1821 1078 1864 vel
1105 1820 1423 1871 Baccharum,
1448 1819 1623 1876 quibus

612 1888 803 1945 propria
816 1893 929 1929 sunt
947 1885 1052 1929 haec
1067 1897 1219 1940 arma,
1237 1888 1446 1942 agentes.
1477 1882 1624 1928 Poeta

612 1951 759 1996 etiam
796 1965 852 1995 eo
886 1951 1010 1993 forte
1042 1949 1273 2011 respexit,
1296 1948 1425 2004 quod
1467 1947 1625 2005 prim'a

615 2017 802 2060 theatra
833 2013 1025 2059 Baccho
1046 2013 1181 2058 fuere
1215 2024 1376 2064 sacra,
1412 2012 1543 2056 unde
1576 2017 1626 2056 et

615 2080 759 2138 primi
783 2078 884 2123 ludi
906 2076 1189 2122 dicebantur
1209 2072 1474 2131 διουυσιακᾶ,
1492 2080 1539 2118 et
1552 2073 1625 2121 hi-

614 2143 818 2188 striones
858 2138 1109 2187 διονυσιαικοὶ
1150 2142 1373 2203 τεχνῖται,
1412 2132 1628 2201 peruncti

599 2206 803 2268 saecibus
836 2221 934 2258 ora,
963 2202 1129 2252 Horat.
1154 2207 1216 2253 A.
1239 2209 1291 2252 Ρ.
1314 2206 1421 2253 277.
1469 2203 1627 2255 Subli·

606 2286 721 2333 gar,
747 2287 802 2317 m
830 2269 991 2331 ι’ζωμα,
1012 2277 1341 2330 tegumentum
1381 2270 1629 2330 pudendo-

614 2350 747 2383 rum.
821 2337 1075 2381 cenicorum
1098 2349 1192 2381 mos
1218 2339 1397 2381 tantam
1427 2335 1564 2380 habet
1595 2350 1626 2380 a

615 2406 764 2446 vetere
778 2398 1025 2459 disciplina
1043 2401 1378 2453 verecundiam,
1402 2403 1455 2444 ut
1470 2399 1523 2444 in
1531 2413 1622 2445 sce-

615 2480 723 2512 nam
742 2468 838 2511 sine
859 2463 1133 2523 subligaculo
1140 2466 1335 2524 prodeat
1356 2478 1515 2510 nemo.-
1549 2477 1624 2510 ve-

615 2535 780 2576 rentur
792 2532 934 2586 enim,
952 2544 1028 2586 ne,
1045 2530 1085 2573 si
1110 2544 1196 2589 quo
1212 2544 1319 2575 casu
1337 2529 1555 2583 evenerit,
1571 2533 1626 2573 ut

615 2597 987 2655 corporispartes
1011 2594 1215 2653 querclam
1235 2596 1526 2654 aperiantur,
1541 2591 1622 2637 ad-

613 2661 869 2722 spiciamus·
882 2672 971 2704 non
984 2659 1158 2715 decore3
1176 2659 1259 2705 Cic
1262 2659 1375 2707 ..off
1382 2659 1420 2706 l.
1434 2660 1514 2705 35.
1531 2657 1624 2702 A'c-

615 2728 731 2780 cius,
754 2729 895 2782 poeta
918 2723 1127 2783 tragicus
1160 2730 1208 2768 et
1240 2724 1487 2769 annalium
1513 2719 1626 2767 sci-i·

615 2796 745 2849 ptor,
764 2788 847 2847 qui
864 2790 1051 2835 circaa.
1065 2786 1128 2832 U.
1143 2787 1251 2833 DC.
1267 2788 1458 2840 floruit;
1479 2787 1626 2833 sedh.

615 2855 727 2900 l.his
730 2852 896 2897 trionis
910 2852 1032 2896 forte
1047 2851 1119 2895 vel
1134 2852 1420 2909 pantomimi
1436 2863 1629 2895 nomen.

686 2918 767 2964 71.
783 2915 994 2967 Urbicus,
1014 2922 1157 2973 poeta
1170 2928 1243 2973 ap.
1264 2914 1475 2961 Martial.
1492 2914 1531 2959 1.
1550 2912 1630 2960 42.

621 2981 701 3029 11.
725 2980 808 3026 sed
831 2981 882 3025 h.
905 2981 937 3024 l.
960 2978 1251 3038 exodiarius,
1272 2985 1320 3024 et
1338 2979 1533 3036 quidem
1554 2978 1631 3023 vel

621 3059 800 3091 nomen
823 3040 950 3105 ejuS‚
972 3041 1050 3087 vel
1082 3055 1254 3102 synon.
1319 3040 1540 3087 Atellano
1562 3056 1628 3087 sc.

621 3109 803 3163 fabula,
842 3110 903 3152 ab
938 3106 1115 3161 Atella,
1149 3112 1249 3152 ant.
1275 3106 1450 3166 oppido
1483 3108 1630 3153 Osco-

621 3169 797 3220 ²rumin
818 3171 1101 3229 Campania,
1118 3171 1185 3216 sic
1201 3171 1346 3225 dicta,
1364 3167 1630 3231 plenajoci,

627 3238 818 3291 (Fas-ce,
824 3231 1130 3293 Possenspt'el)
1146 3236 1223 3280 cui
1238 3236 1417 3291 exodia,
1435 3242 1628 3289 saturae,

624 3301 781 3376 (Inter
782 3300 948 3353 mezzi,
966 3297 1311 3361 Naelapiele,)·
1298 3300 1444 3345 inseri
1457 3302 1533 3344 vel
1551 3301 1634 3345 ad-

616 3363 764 3427 jungi
785 3365 1019 3409 solebant.
1040 3377 1082 3409 v.
1110 3362 1213 3408 Liv.
1238 3364 1283 3411 7.
1310 3363 1355 3410 2.
1374 3370 1421 3409 et
1444 3378 1552 3423 sup.
1573 3366 1634 3410 ad

623 3430 721 3477 111.
750 3428 860 3482 174,
889 3427 995 3473 175.
1032 3426 1239 3473 Autonoe
1259 3442 1353 3473 non
1379 3429 1634 3473 videturh.

622 3495 661 3542 l.
678 3495 849 3541 Cadmi
872 3505 1004 3537 soror
1019 3504 1137 3543 esse,
1155 3488 1293 3552 cujus
1315 3493 1529 3538 fabulam
1548 3493 1634 3538 Ur·

624 3561 761 3605 bicus
797 3555 1041 3602 saltaverit
1078 3556 1321 3617 gestibus3
1372 3560 1505 3609 (nam
1551 3557 1634 3602 illa

626 3622 873 3682 tragoediae
902 3620 1058 3679 magis
1096 3633 1241 3678 quam
1268 3622 1439 3667 exodio
1460 3636 1636 3668 conve-

627 3688 720 3739 nit,
746 3693 796 3731 et
816 3684 1085 3730 exodiarius
1108 3697 1203 3729 non
1230 3688 1403 3732 saltare
1425 3699 1464 3731 s,
1484 3688 1632 3747 gesti·

627 3741 789 3798 culari
802 3745 957 3809 solet)
962 3749 1045 3794 sed
1067 3748 1233 3794 fictum
1257 3764 1433 3796 nomen
1459 3758 1636 3797 matro-
1644 3775 1651 3786 ·

627 3829 727 3871 Περ,
747 3816 887 3859 verba
900 3807 1128 3882 jocosque
1151 3816 1499 3874 extemporales
1523 3829 1636 3860 exo-

621 3880 770 3925 diarii
784 3877 1008 3937 gestibus
1007 3891 1047 3923 s.
1072 3879 1451 3937 gesticulatione,
1474 3880 1637 3924 histri-

630 3957 781 3989 onum
806 3956 958 3998 more,
978 3942 1309 4001 exprimentis.
1330 3956 1374 3987 v.
1396 3942 1503 3988 Liv.
1518 3941 1636 3989 VII.

627 4007 677 4056 2.
719 4007 857 4053 AElz‘a
876 4003 1113 4057 matrona,
1123 4021 1161 4052 ‘e
1192 4018 1336 4067 gente
1358 4007 1502 4064 AElia,
1524 4021 1635 4065 quae

620 4071 803 4138 pauper
826 4073 925 4117 fere
946 4079 995 4116 et
1029 4070 1210 4130 plebeia
1243 4073 1352 4117 fuit.
1389 4085 1433 4117 v.
1470 4070 1636 4119 Valer.

630 4139 769 4186 Max.
786 4127 888 4190 Jv‘.
904 4135 954 4182 4.
967 4136 1018 4181 8.
1041 4135 1088 4182 9.
1111 4136 1371 4195 Paupertas
1392 4142 1635 4190 matrona-

623 4211 737 4249 'rum
770 4216 865 4246 non
885 4202 1076 4264 obstat,
1109 4212 1205 4257 quo
1244 4200 1408 4245 minus
1450 4197 1636 4254 libidini

627 4267 941 4325 indulgeant:
961 4265 1060 4310 sed
1093 4264 1484 4309 commendatiis
1507 4278 1637 4310 amo-

625 4335 751 4383 rem,
786 4330 868 4387 qui
909 4342 1004 4372 non
1046 4333 1181 4372 tanto
1217 4333 1423 4384 constat,
1456 4332 1639 4389 quanto

625 4391 978 4450 comoedifibula.

1757 1369 1833 1416 73.
1859 1369 1935 1416 74.
1972 1370 2182 1416 Solvitur
2203 1369 2295 1428 hie,
2312 1371 2371 1415 ad
2395 1370 2503 1415 aliis
2526 1376 2707 1433 matr07

1691 1436 1764 1480 uis
1787 1434 2039 1480 ditioribus
2061 1448 2233 1494 magno
2263 1436 2418 1493 pretio
2437 1433 2707 1492 comoedifi-

1690 1494 1814 1555 bula,
1852 1499 1910 1555 h·
1955 1513 1995 1544 e.
2031 1513 2208 1558 magno
2243 1499 2396 1558 pretio
2422 1499 2703 1557 conrumpit

1690 1564 1971 1610 histrionem
2013 1578 2051 1607 s.
2097 1569 2344 1608 cantorem
2387 1577 2445 1609 ac
2483 1564 2707 1608 citharoe·

1690 1630 1831 1684 dum,
1870 1636 1924 1672 ut
1969 1629 2188 1683 fibulam,
2227 1642 2337 1687 quae
2363 1642 2392 1674 a
2427 1629 2558 1673 coitu
2591 1639 2707 1672 eum

1690 1692 1929 1752 prohibet,
1976 1694 2150 1745 solvat,
2195 1700 2245 1739 et
2284 1701 2389 1737 tum
2436 1705 2552 1736 cum
2590 1692 2708 1750 ipsis

1693 1760 2011 1811 concumbat;
2049 1762 2155 1801 sunt
2188 1771 2305 1815 quoe,
2329 1759 2377 1802 h.
2401 1770 2443 1801 e.
2477 1757 2610 1809 aliae,
2635 1769 2712 1800 ve-

1688 1825 1790 1865 tant
1807 1826 1990 1866 cantare
2011 1821 2376 1880 Chrysogonum.
2399 1821 2448 1865 h.
2474 1834 2517 1864 e.
2542 1821 2706 1865 histri-

1688 1899 1804 1930 ones
1826 1887 1976 1941 coitu,
2000 1887 2083 1944 qui
2120 1886 2224 1929 voci
2258 1893 2417 1941 nocet,
2442 1886 2513 1929 ita
2548 1885 2705 1930 delas-

1690 1956 1812 2013 sent,
1838 1956 1890 1994 ut
1905 1951 2035 1996 rauci
2059 1950 2172 1994 facti
2191 1949 2242 1993 in
2261 1962 2404 1994 scena
2417 1951 2607 1994 cantare
2624 1963 2706 1994 ne-

1691 2019 1884 2072 queant.
1939 2014 2172 2060 Cantores
2205 2014 2321 2058 olim
2353 2014 2506 2071 vociS,
2530 2020 2586 2058 ut
2622 2014 2702 2058 alii

1692 2079 1979 2124 valetudinis
1993 2079 2333 2124 conservandae
2351 2090 2516 2131 causa,
2531 2078 2580 2122 in
2588 2078 2706 2122 fibu-

1690 2142 1799 2198 lari,
1824 2142 1875 2189 h.
1898 2157 1940 2190 e.
1962 2143 2162 2203 glandes
2186 2144 2285 2188 sive
2309 2154 2521 2187 summae
2545 2149 2707 2200 partes

1690 2207 1974 2265 genitalium
1996 2206 2161 2269 fibulis
2193 2206 2376 2251 muniri
2398 2219 2453 2251 ac
2483 2207 2706 2267 transfigi

1693 2272 1929 2327 solebant,
1945 2279 2036 2317 uta
2052 2271 2180 2317 coitu
2200 2271 2514 2324 abstinerent,
2531 2271 2618 2330 qui
2631 2286 2709 2316 ro·

1692 2336 1735 2381 ci
1753 2336 1891 2381 valde
1909 2341 2063 2383 nocet.
2086 2335 2257 2382 Fibula
2275 2335 2380 2380 aliis
2399 2343 2471 2380 est
2487 2336 2709 2380 circellus

1691 2400 1763 2444 vel
1789 2406 1935 2447 tenue
1959 2403 2117 2457 filum,
2140 2413 2329 2447 aeneum
2355 2413 2391 2445 s.
2416 2407 2703 2459 argenteum

1692 2479 1728 2511 s.
1751 2479 1971 2520 aureum,
1988 2468 2116 2525 quod
2139 2465 2379 2525 praeputio
2402 2466 2623 2510 virilium
2649 2467 2706 2510 ab

1690 2538 1895 2589 utroque
1910 2532 2058 2576 latere
2069 2545 2211 2589 super
2222 2530 2450 2589 glandem
2467 2529 2708 2587 perforato

1688 2594 1971 2650 addebatur,
1995 2596 2101 2640 aliis
2125 2596 2189 2640 id.
2224 2596 2302 2653 qd.
2325 2593 2543 2654 subligar
2560 2607 2605 2638 v.
2629 2594 2705 2640 70.

1691 2657 1766 2704 74.
1802 2657 2157 2722 Chrysogonus,
2177 2659 2482 2704 citharoedus.
2519 2660 2596 2710 (ut
2620 2659 2709 2704 inf.

1692 2716 1810 2768 v11.
1836 2721 1966 2785 176.)
1999 2725 2124 2769 forte
2145 2724 2260 2782 quia
2291 2723 2384 2767 hoc
2408 2736 2590 2767 nomen
2615 2724 2708 2768 fuit

1693 2787 1898 2845 insignis
1920 2789 2187 2845 citharoedi,
2209 2788 2293 2846 qui
2315 2787 2589 2832 Alcibiadis
2604 2799 2708 2833 aevo

1695 2852 1813 2896 vixit
1827 2852 2141 2911 palmamque
2152 2852 2325 2898 tulitin
2344 2850 2535 2911 Pythiis
2549 2852 2704 2905 ludi83

1695 2916 1754 2960 de
1767 2929 1921 2975 quov.
1943 2918 2069 2963 Plut.
2085 2916 2209 2976 opp.
2223 2916 2282 2961 Τ.
2308 2916 2346 2961 Ῑ.
2365 2929 2416 2975 p.
2437 2915 2550 2962 209.
2587 2916 2705 2961 His-

1685 2978 1841 3039 palla,
1889 2985 2065 3027 nomen
2100 2971 2354 3037 matronae,
2375 2986 2433 3025 ut
2465 2980 2556 3025 inf.
2583 2979 2707 3025 xn.

1698 3043 1774 3089 ll.
1832 3043 1963 3091 Nota
1985 3046 2089 3103 illa,
2111 3042 2250 3106 cujus
2281 3045 2443 3091 fratris
2468 3045 2569 3091 filia
2589 3046 2715 3090 nub-

1695 3114 1820 3153 serat
1842 3110 1998 3154 Plinio
2020 3111 2213 3156 minori.
2236 3110 2330 3155 vid.
2356 3106 2419 3169 ej.
2444 3109 2606 3169 Epist.
2624 3109 2710 3157 lv.

1699 3172 1773 3219 19.
1822 3173 2026 3233 Gaudet,
2047 3176 2333 3232 delectatur,
2368 3175 2420 3220 h.
2457 3188 2502 3221 e.
2543 3187 2708 3220 amore

1694 3233 1799 3298 ejus
1812 3239 2016 3299 capitur.
2051 3237 2130 3285 75.
2147 3254 2207 3284 on
2220 3244 2477 3298 exspectas,
2490 3243 2545 3283 ut
2563 3238 2710 3292 Quin·

1699 3302 1888 3347 titianus
1911 3307 2111 3361 ametur,
2128 3317 2369 3362 sperasne,
2391 3304 2466 3349 vel
2486 3309 2710 3361 putasne,

1699 3380 1728 3412 a
1760 3367 1950 3412 lascivis
1987 3368 2093 3413 istis
2126 3369 2410 3413 mulieribus
2443 3367 2604 3412 virum
2641 3381 2716 3412 ca·

1700 3439 1845 3484 stum,
1859 3445 2057 3490 gravem
2076 3446 2132 3478 ac
2149 3434 2367 3485 doctum,
2385 3432 2545 3491 qualis
2566 3430 2713 3485 Quin-

1699 3494 1908 3552 tilianus,
1922 3496 2123 3555 insignis
2145 3497 2226 3542 ille
2248 3497 2452 3554 Rhetor,
2473 3495 2592 3553 suit,
2611 3508 2716 3542 ma·

1697 3560 1772 3617 gis
1793 3567 2010 3605 amatum
2033 3561 2110 3615 iri,
2125 3575 2272 3621 quam
2295 3560 2498 3606 lascivos
2521 3560 2716 3605 histrio·

1699 3624 1825 3669 nes?
1860 3629 2100 3683 exspectas,
2119 3632 2173 3671 ut
2195 3626 2286 3672 inf.
2310 3640 2354 3670 v.
2380 3624 2491 3671 239.
2511 3622 2710 3671 etxtv.

1700 3685 1777 3733 25.
1805 3686 2088 3741 Quintiliani
2109 3702 2285 3738 nomen
2307 3683 2391 3748 pro
2408 3690 2584 3749 quovis
2607 3690 2713 3735 rhe-

1696 3755 1805 3797 tore
1827 3753 1875 3797 h.
1895 3753 1929 3798 l.
1952 3760 2001 3798 et
2022 3754 2111 3800 inf.
2128 3768 2173 3799 v.
2209 3752 2320 3801 280.
2347 3755 2424 3800 vel
2444 3754 2608 3812 potius
2631 3766 2714 3813 pro

1703 3817 1874 3874 quovis
1909 3818 2096 3862 erudito
2118 3823 2166 3864 et
2187 3820 2323 3879 gravi
2348 3820 2452 3864 viro
2473 3819 2713 3877 positum,

1704 3887 1758 3924 ut
1781 3881 2063 3927 Paloemonis
2083 3893 2169 3942 pro
2190 3883 2524 3929 Grammatico
2559 3882 2646 3928 inf.
2671 3896 2714 3928 v.

1702 3941 1813 3990 452.
1828 3953 1875 3991 et
1893 3946 2304 3993 fortePosthumus
2315 3947 2410 3992 fuit
2428 3948 2505 3992 vit
2522 3948 2715 4003 doctus,

1700 4008 1795 4068 qui
1801 4024 1858 4054 eo
1874 4010 2184 4069 significatur.

1767 4072 1845 4119 76.
1893 4076 1970 4122 77.
2015 4074 2155 4125 Conf.
2193 4075 2405 4123 Martial.
2447 4074 2616 4136 Epigr.
2661 4089 2711 4120 m

1702 4138 1909 4185 Cinnam
1924 4138 2018 4184 VI.
2032 4139 2114 4187 39.
2127 4145 2335 4194 acorem,
2350 4140 2404 4186 de
2419 4155 2514 4200 qua
2530 4154 2629 4185 non
2642 4147 2715 4193 tu,

1702 4210 1787 4248 aut
1808 4204 1882 4249 vir
1915 4203 2085 4264 aliquis
2107 4205 2332 4260 eximiuS,
2356 4206 2506 4265 (quod
2538 4200 2712 4264 majori

1703 4275 1827 4313 esset
1841 4269 2029 4326 solatio)
2045 4270 2127 4314 sed
2143 4270 2325 4315 mimus
2333 4269 2574 4328 paierfiet.
2598 4267 2710 4315 Glo-

1695 4325 1885 4391 phyrus
1899 4333 2071 4379 tibicen
2100 4333 2395 4379 clarissimus
2417 4333 2511 4379 aevi
2541 4332 2708 4391 Augu-

1704 4397 1807 4440 stei.
1831 4410 1874 4441 v.
1904 4395 2113 4444 Martial.
2140 4396 2225 4443 IV.
2249 4395 2293 4443 5.
2317 4399 2363 4444 8.
2387 4404 2436 4443 et
2468 4396 2714 4455 Antipatri
