2978 4920
939 333 1210 400 SAT1
1232 333 1662 398 RA1X111.

338 521 429 586 Et
459 519 1141 607 phthisis,.et,vomicae
1170 529 1417 606 putreS,
1450 531 1515 584 et
1543 518 1878 584 dimidium
1909 543 2055 588 crus

2217 340 2340 403 311

2261 525 2346 591 95

342 624 507 687 Sunt
537 623 746 688 tanti?
793 619 1460 708 Pauper.locupletem
1489 634 1711 706 optare
1741 622 2093 709 podagram
2137 675 2142 678 .

341 725 441 787 Ne
472 724 725 790 dubitet
757 724 993 800 Ladae,
1026 724 1077 787 si
1108 746 1235 787 non
1264 735 1408 809 eget
1439 723 1777 808 Anticyra,
1805 746 1921 788 nec
1964 777 1972 788 ,

339 822 722 909 Archigene.
769 825 930 912 quid
959 824 1125 889 enim
1156 823 1386 917 velocis
1413 822 1620 909 gloria
1647 822 1882 910 plantae

340 925 637 1003 Praestat,
669 937 734 989 et
762 926 1044 990 esuriens
1076 924 1298 988 Pisaeae
1325 946 1543 988 ramus
1571 923 1754 987 olivae
1781 927 1808 987 ἓ

342 1025 441 1087 Ut
473 1026 554 1088 sit
582 1048 835 1112 magna,
866 1038 1080 1090 tamen
1107 1035 1277 1087 certe
1307 1022 1478 1088 lenta
1507 1024 1604 1086 ira
1633 1024 1919 1087 Deorum
1949 1037 2064 1089 est.

2225 1026 2353 1088 100

345 1126 411 1190 Si
441 1140 668 1192 cur-ant
697 1128 901 1213 igitur
930 1140 1190 1191 cunctos
1219 1126 1448 1213 punire
1478 1139 1797 1205 nocenteS,

342 1227 615 1303 Quando
643 1227 857 1291 ad-me
886 1228 1182 1292 venient?
1229 1226 1340 1290 sed
1369 1240 1433 1291 et
1463 1227 1783 1291 exorabile
1815 1229 2072 1292 Numen

346 1328 640 1392 Fortasse
670 1328 994 1414 experiar:
1045 1327 1201 1393 solet
1229 1326 1330 1391 his
1359 1327 1697 1413 ignoscere.
1742 1328 1931 1393 multi

342 1430 775 1494 Committunt
806 1430 1022 1495 eadem
1054 1430 1303 1494 diverso
1332 1430 1595 1494 crimina
1620 1431 1793 1496 fato:

345 1531 468 1594 Ille
498 1555 751 1597 crucem
782 1533 1028 1597 sceleris
1058 1534 1336 1620 pretium
1366 1534 1543 1613 tulit,
1574 1535 1676 1598 hic
1707 1534 2013 1601 diadema.

2233 1534 2359 1597 105

349 1632 452 1697 Sic
479 1634 762 1699 animum
795 1636 952 1700 dirae
984 1636 1308 1721 trepidum
1335 1636 1673 1701 formidine
1703 1637 1910 1724 culpae

348 1736 761 1802 Confirmant.
810 1750 964 1802 tunc
995 1751 1058 1803 te
1090 1762 1267 1803 sacra
1296 1739 1378 1803 ad
1410 1738 1679 1804 delubra
1707 1752 2034 1805 vocantem

258 1927 460 1985 trqjectoe
478 1928 632 1974 medioe
650 1941 808 1988 ραιιατ
829 1929 1039 1992 virgulae,
1058 1931 1280 1990 crispante

262 1990 442 2037 brachio
464 1994 721 2055 tergeminos
738 1996 914 2054 jactus,
934 1996 1174 2041 reddebant
1201 2010 1278 2041 ar-

256 2053 421 2117 gutum
459 2071 667 2111 sonorem,
705 2065 759 2103 ut
801 2065 907 2105 utar
939 2058 1093 2106 verbis
1130 2058 1278 2122 Apul.

259 2118 388 2165 Met.
413 2119 507 2166 XI.
528 2135 577 2184 p.
595 2121 708 2168 258.
730 2122 811 2168 33.

325 2184 410 2231 95.
447 2182 570 2229 Aliae
602 2198 776 2248 poenae,
798 2198 904 2245 quoe
936 2183 1132 2248 perjur'n
1157 2183 1278 2230 infli-

260 2254 439 2309 guntur
464 2248 524 2293 ab
548 2246 678 2294 iratis
703 2245 811 2294 diis.
878 2248 1089 2304 Ρήιὴὶεὶε,
1112 2247 1280 2308 φθίσις,

263 2312 403 2359 tabes
423 2309 570 2358 lenta.
624 2312 810 2358 Vomicae
824 2321 995 2372 putres,
1017 2312 1172 2360 ulcera
1193 2326 1281 2375 pu-

258 2374 404 2422 trida.
472 2374 589 2421 Sunt
623 2378 740 2423 tanti
779 2374 1074 2431 aestimanda,
1097 2382 1152 2422 ut
1189 2391 1283 2423 non

263 2438 504 2503 eligantur
537 2455 647 2488 cum
677 2438 845 2506 opibus
877 2448 926 2488 et
956 2440 1189 2506 patienter
1216 2440 1286 2489 fe-

266 2506 465 2555 rantur‘!

327 2570 412 2617 96.
443 2569 524 2617 97.
550 2571 794 2634 podagram
828 2579 981 2631 optare
1012 2570 1284 2631 locupletem,

264 2633 316 2681 h.
338 2648 383 2681 e.
407 2648 531 2696 quae,
552 2634 629 2681 vel
652 2634 692 2681 si
713 2649 821 2682 cum
839 2633 1014 2682 divitiis
1033 2634 1289 2698 conjuncta

262 2705 352 2753 est,
376 2714 486 2745 vtum
506 2695 600 2761 (ita
626 2698 879 2763 legendum
943 2705 1025 2746 uto
1052 2715 1137 2764 pro
1164 2699 1283 2761 Nec)

262 2763 436 2810 dubitet
481 2762 660 2810 Ladas?
717 2765 795 2811 De
931 2778 1046 2827 agra
1086 2763 1287 2812 divitum

263 2826 466 2891 pedibus
487 2826 735 2876 insidiante
753 2828 812 2877 cf.
899 2828 1052 2877 artial.
1068 2829 1190 2877 XII.
1211 2830 1285 2877 17.

266 2889 474 2940 Luciani
519 2891 665 2955 epigr.
714 2893 933 2942 XXVII.
978 2893 1029 2941 in
1077 2893 1285 2942 Brunck.

267 2954 421 3003 Anal.
439 2955 498 3001 T.
521 2955 594 3001 ΙΙ.
615 2973 662 3020 p.
683 2957 793 3004 313.
827 2964 876 3004 et
895 2958 1072 3006 Jacobs
1095 2957 1156 3005 ad
1176 2958 1283 3005 An-

266 3019 388 3067 thol.
413 3018 498 3068 Gr.
522 3018 631 3066 Vol.
662 3019 735 3066 II.
769 3021 829 3070 P.
862 3020 934 3066 II.
967 3037 1016 3085 p.
1042 3023 1152 3069 427.
1185 3038 1284 3086 seq.

269 3083 442 3137 Ladas,
464 3081 600 3129 velox
625 3098 798 3138 cursor,
819 3085 972 3147 qualis
999 3085 1089 3132 fuit
1110 3085 1283 3141 Ladas,
1302 3114 1309 3117 -

271 3162 433 3196 cursor
455 3146 716 3194 Alexandri
739 3148 813 3194 M.
847 3148 928 3212 qui
951 3147 1001 3195 in
1024 3147 1288 3215 olympicis

272 3212 485 3276 palmam
502 3210 626 3258 tulit.
646 3227 691 3258 v.
710 3212 868 3276 Intpp.
890 3212 1065 3261 Catull.
1083 3214 1191 3261 LV.
1207 3217 1290 3263 25.

273 3277 485 3325 Pausan.
504 3275 579 3325 II.
599 3276 676 3324 19.
695 3277 741 3323 6.
759 3276 957 3324 111.21.
979 3278 1021 3324 l.
1040 3277 1193 3328 VIII.
1214 3280 1290 3327 12.

273 3342 321 3388 3.
344 3342 408 3388 Χ.
440 3341 521 3388 23.
547 3341 596 3388 9.
630 3343 669 3388 si
697 3357 786 3388 -ηοη
818 3351 916 3405 eget
943 3343 1180 3404 Anticyra,
1214 3360 1293 3391 nec

275 3406 542 3470 Archigene,
566 3405 719 3453 facete
750 3421 859 3470 pro:
895 3404 935 3454 si
971 3420 1114 3453 sanus
1146 3412 1233 3463 est,
1255 3407 1294 3454 si

276 3469 420 3533 sapit.
484 3471 723 3533 Anticyra,
743 3485 828 3533 pro
844 3469 1082 3518 helleboro
1103 3485 1142 3517 s.
1159 3485 1291 3518 vera-

278 3541 370 3587 tro,
391 3532 527 3596 cujus
556 3533 994 3598 praestantissimum
1019 3549 1168 3598 genus
1185 3550 1295 3582 nas·-

274 3599 473 3648 cebatur
490 3599 835 3662 parabaturque
850 3598 1109 3663 Anticyrae,
1126 3599 1296 3662 cuique

276 3662 352 3710 vis
405 3662 634 3710 stomachi
685 3662 952 3726 ventrisque
1011 3662 1297 3720 insanorum,

277 3722 534 3775 delirorum
576 3735 668 3775 cet.
704 3726 937 3792 purgandi
974 3727 1143 3784 inerat,
1177 3728 1300 3793 inpr.

280 3789 369 3840 ubi
390 3789 440 3838 in
460 3789 545 3839 illa
564 3792 680 3839 urbe
699 3792 964 3841 bibebatur.
1031 3793 1107 3842 cf.
1132 3794 1298 3842 Horat.

281 3857 385 3904 Sat.
416 3855 486 3902 11.
521 3856 568 3902 3.
594 3857 673 3904 83.
713 3857 820 3905 166.
851 3865 899 3904 et
926 3857 990 3905 A.
1021 3858 1081 3908 P.
1110 3875 1156 3906 v.
1187 3859 1298 3905 300.

282 3921 394 3968 loca
424 3920 563 3967 class.
598 3919 726 3969 Gell.
763 3921 935 3969 XVII.
977 3922 1051 3969 15.
1087 3931 1135 3970 et
1169 3921 1299 3970 Plin.

286 3985 450 4033 XXV.
474 3986 523 4032 5.
545 3999 584 4032 s.
608 3985 690 4032 21.
712 3983 793 4033 ubi
813 3984 875 4033 cf.
897 3985 1129 4034 Harduin.
1167 3987 1296 4035 Anti-

283 4065 413 4111 cyra,
432 4046 687 4114 Ἀντίκυρα,
706 4052 886 4114 (propr.
907 4049 1172 4117 Ἀντῖκιρῤα,
1194 4051 1300 4100 Cir·

283 4127 351 4160 1ae
394 4111 618 4175 adversa)
663 4129 835 4162 nomen
877 4114 1075 4162 duarum
1115 4116 1301 4167 urbium

284 4175 644 4232 maritimum.
684 4177 735 4226 in
779 4178 988 4226 Phocide
1039 4179 1102 4227 ad
1149 4180 1303 4228 sinum

291 4240 564 4298 Crissaeum
585 4251 634 4291 et
658 4240 711 4289 in
738 4241 1010 4292 Phthiotide
1040 4242 1102 4290 ed
1125 4245 1304 4293 Malia-

291 4319 404 4353 cum
449 4306 620 4355 sinum.
648 4338 653 4341 -
687 4306 887 4380 Utrique
934 4306 1158 4356 hellebori
1232 4325 1304 4356 ro-

296 4376 468 4435 ventus
500 4368 731 4428 tribuitur,
752 4370 821 4420 illi
842 4387 872 4422 a
893 4372 1100 4422 Pausan.
1123 4375 1171 4422 in
1223 4388 1309 4422 oco

1344 1927 1484 1974 class.
1504 1928 1567 1975 X.
1586 1928 1667 1977 36.
1687 1926 1798 1977 huic
1822 1943 1851 1976 a
1868 1926 2125 1993 Stephano,
2138 1933 2187 1974 et
2205 1926 2361 1975 Strab.

1342 1993 1439 2040 IX.
1461 2007 1512 2055 p.
1534 1993 1647 2040 288.
1668 1993 1782 2041 299.

1407 2057 1488 2103 98.
1522 2057 1787 2121 Archigene,
1839 2057 1889 2105 h.
1932 2071 1975 2106 e.
2030 2056 2228 2111 medico,
2280 2054 2365 2120 qui

1342 2119 1547 2167 mediam
1581 2121 1833 2183 pertundat
1863 2137 2049 2170 venam.
2077 2138 2124 2170 v.
2156 2137 2262 2185 sup.
2300 2120 2363 2168 ad

1331 2183 1441 2230 .V1.
1465 2184 1544 2230 46.
1569 2192 1617 2231 et
1638 2186 1750 2233 236.
1782 2190 1968 2246 plantoe,
1989 2186 2136 2251 pedis.

1409 2247 1489 2293 99.
1526 2247 1657 2303 Quid
1699 2249 1844 2295 Ladae
1885 2250 2074 2312 profuit,
2114 2250 2165 2296 in
2211 2247 2364 2297 stadio

1347 2309 1599 2373 Olympico
1630 2310 1834 2367 vincere,
1878 2320 1926 2359 et
1968 2323 2125 2360 tamen
2160 2312 2368 2361 esurire?

1346 2374 1517 2428 Pisaeae,
1563 2375 1857 2438 Olympicae:
1914 2391 2024 2423 nam
2085 2376 2195 2425 Pisa
2254 2377 2367 2423 urbs

1349 2436 1505 2486 Elidis
1531 2438 1581 2486 in
1612 2439 1951 2507 Peloponneso,
1977 2440 2037 2488 ad
2058 2439 2295 2505 Alpheum
2315 2438 2365 2488 fl.

1349 2502 1431 2550 ubi
1455 2503 1697 2568 Olympici
1727 2507 1986 2568 agebantur
2015 2505 2118 2553 ludi
2151 2520 2209 2553 eo
2243 2505 2363 2561 loco,

1351 2567 1430 2616 cui
1449 2576 1613 2631 postea
1626 2569 1861 2633 Olympiae
1879 2585 2046 2618 nomen
2063 2568 2168 2617 fuit.
2202 2567 2367 2616 Victo-

1351 2647 1425 2680 res
1440 2640 1598 2681 autem
1612 2632 1661 2681 in
1674 2632 1910 2698 Olympiis
1926 2633 2066 2690 ludis,
2082 2633 2364 2695 'cauponari’-

1349 2717 1448 2757 και,
1484 2713 1580 2746 non
1613 2697 1752 2746 modo
1792 2698 1972 2746 coronis
2008 2699 2255 2762 oleagineis,
2291 2700 2365 2761 (v.

1350 2764 1558 2812 Pausan.
1586 2762 1651 2811 V.
1688 2761 1762 2810 15.
1796 2764 1846 2810 3.
1881 2770 1929 2810 et
1964 2763 2038 2810 16.
2073 2764 2121 2810 2.
2155 2763 2247 2826 al.)
2280 2762 2365 2810 sed

1350 2827 1493 2875 etiam
1544 2826 1649 2874 aliis
1700 2826 1970 2875 muneribus
2022 2826 2366 2890 honoribusque

1351 2892 1444 2940 fere
1461 2890 1631 2940 divinis
1653 2891 2011 2941 adiiciebantur.
2063 2893 2139 2940 Cf.
2164 2893 2231 2940 Le
2252 2908 2368 2956 voy-

1347 2972 1436 3020 age
1477 2956 1543 3005 du
1580 2956 1725 3019 jeune
1759 2956 2047 3005 Anacharsis
2090 2972 2151 3004 en
2193 2957 2366 3011 Grece,

1348 3021 1487 3085 chap.
1516 3022 1594 3069 38.
1661 3021 1732 3068 At
1764 3027 1833 3068 tot
1865 3021 2061 3070 honores
2093 3029 2141 3068 et
2173 3020 2368 3084 praemia

1350 3100 1446 3133 non
1472 3085 1534 3132 ab
1564 3084 1724 3149 inopia
1754 3092 1881 3133 tutos
1912 3087 2199 3151 prestabant
2218 3084 2367 3134 victo-

1351 3164 1439 3198 res.

1421 3213 1851 3262 loo-105.‘A1iae
1886 3212 2074 3279 perjurii
2109 3214 2366 3263 causale-

1351 3277 1463 3344 pide
1483 3285 1813 3328 memorantur.

1423 3344 1532 3391 100.
1565 3342 1807 3392 Sententia
1825 3343 2083 3393 notissima.
2114 3343 2275 3410 Χςΐιιιι
2290 3341 2371 3402 μὶν

1358 3407 1422 3455 τὸ
1443 3407 1529 3457 νῦν
1548 3408 1661 3456 θιὸν
1682 3425 1792 3462 τως,
1815 3409 1873 3461 εἷς
1895 3408 2024 3462 φίλος
2045 3406 2081 3455 δ’
2104 3409 2183 3456 οὔκ
2205 3408 2373 3458 ἄσθυῆ

1357 3471 1469 3520 Euri
1551 3472 1600 3519 in
1641 3473 1757 3519 Ioue
1801 3472 1941 3521 1615.
1998 3472 2078 3520 Cf.
2111 3469 2371 3518 Mitscherl.

1361 3533 1422 3582 ad
1495 3543 1613 3584 orat.
1635 3535 1734 3584 Od.
1756 3535 1859 3583 ΙΙΙ.
1880 3536 1929 3583 2.
1951 3538 2032 3584 32.
2103 3535 2182 3593 Ut,
2205 3540 2372 3599 quam*-

1361 3615 1451 3647 vis.

1430 3664 1539 3711 103.
1572 3664 1656 3718 his,
1679 3662 1907 3726 ejusmodi
1942 3661 2140 3720 delictis,
2166 3665 2271 3712 solet
2299 3667 2371 3728 ig-

1362 3743 1549 3782 noscere,
1588 3727 1701 3791 quia
1731 3726 2007 3792 plerumque
2042 3743 2134 3777 non
2170 3729 2375 3794 puniun-

1365 3799 1455 3848 tur,
1478 3791 1572 3848 vel,
1598 3791 1712 3856 quia
1732 3807 1825 3840 non
1846 3792 1908 3841 ad
1926 3793 2147 3842 Numinis
2166 3804 2373 3843 contem·

1350 3864 1482 3913 -tum,
1526 3856 1611 3904 sed
1663 3855 1726 3905 ad
1776 3854 2071 3908 commodum
2124 3857 2376 3925 pejerantis

1363 3929 1810 4060 quctigrthempla
1839 3968 2155 4054 suppeditabit
2181 3981 2377 4055 historia

1364 4066 1572 4099 omnium
1623 4059 1899 4117 temporum.
1962 4068 2153 4105 crucem,
2209 4046 2377 4095 servile

1365 4116 1662 4181 supplicium.
1703 4119 1922 4174 diadema,
1957 4116 2133 4178 regiam
2173 4109 2376 4175 dignita·

1365 4188 1478 4235 tem,
1502 4197 1712 4245 regnum.
1747 4182 1823 4230 Cf.
1846 4180 1907 4229 ad
1929 4179 2081 4229 VIII.
2102 4177 2215 4225 259.
2359 4178 2366 4187 '

1436 4247 1543 4293 107.
1578 4261 1678 4308 seq.
1701 4245 1902 4307 Egregie
1935 4240 2237 4290 adumbratur
2269 4253 2374 4302 per·

1370 4307 1570 4357 ditorum
1610 4307 1850 4356 hominum
1882 4303 2096 4353 audacia.
2163 4304 2378 4352 Praecedit

1356 4372 1479 4423 talis
1500 4373 1656 4428 homo,
1677 4385 1771 4421 non
1793 4368 2016 4432 sequitur,
2039 4379 2086 4418 te
2107 4371 2167 4418 ad
2194 4369 2378 4417 delubra
