2978 4920
971 346 1420 418 §wrm-A
1467 349 1682 415 XVI.

362 539 479 602 Me
509 530 812 625 pavidum
829 531 1119 623 ⁴exeipiat
1137 529 1419 601 ‘tironem
1441 529 1653 621 ‘porta'
1668 533 1947 599 secundo

363 638 600 703 Sidere.
646 638 794 724 plus
822 637 1052 706 etenim
1083 637 1202 702 fati
1233 636 1402 701 valet
1433 635 1593 699 hora
1620 635 1901 721 benigni,

279 771 284 774 Δ
358 742 570 818 Quam
601 739 653 802 si
683 761 798 803 nos
823 738 1090 802 Veneris
1118 736 1518 803 'commendet
1548 736 1817 823 epistola
1846 736 2072 814 Marti,
2335 741 2377 800 5

359 842 451 906 Et
485 841 698 905 Samia
725 839 1005 927 genitrix
1036 862 1184 925 quae
1216 839 1574 903 delectatur
1605 860 1813 902 arena.
1974 907 1983 914 κ
2096 861 2101 866 ·

448 935 801 1007 Commoda
831 934 1180 1006 tractemus
1207 941 1488 1027 primum
1519 939 1900 1018 communia,
1924 959 2204 1027 quorum

361 1042 564 1107 Haud
594 1035 929 1106 minimum
957 1041 1121 1106 illud
1152 1043 1298 1118 erit,
1328 1063 1409 1104 ne
1439 1053 1505 1105 te
1533 1041 1789 1127 pulsare
1818 1055 2079 1128 togatus

356 1144 648 1223 Audeat,
679 1143 896 1221 immo,
927 1142 1392 1228 etsi-pulsetur,
1423 1135 1779 1220 dissimilet,
1809 1164 1926 1206 nec

354 1245 620 1310 Audeat
650 1256 951 1310 excussos
982 1244 1253 1309 Praetori
1281 1237 1631 1310 ostendere
1645 1244 1887 1322 denteS,

2294 1247 2378 1310 10

357 1349 450 1412 Et
480 1348 731 1433 nigram
761 1346 1316 1412 infacie-tumidis
1346 1347 1655 1413 livoribus
1683 1347 1898 1426 offam,

354 1451 577 1535 Atque
606 1447 866 1512 oculum
895 1449 1143 1514 medico
1170 1449 1262 1513 nil
1292 1450 1706 1537 promittente
1736 1449 2047 1514 relictum.

261 1593 402 1662 ‘eujus
449 1594 625 1663 passim
668 1594 952 1645 mentionem
994 1596 1109 1646 facit
1148 1599 1286 1646 Mar·

261 1662 408 1712 tialis.
725 1667 729 1673 “
937 1695 940 1696 ⁷
1125 1664 1136 1669 ’
1189 1667 1194 1670 “
1287 1663 1288 1666 ’

332 1728 383 1774 2.
403 1740 504 1789 seq.
524 1723 575 1772 Si
597 1723 811 1780 felicibus
842 1722 1065 1790 auspiciis
1084 1726 1287 1791 capessi-

241 1798 345 1852 ·tur
375 1788 562 1845 militia,
603 1790 735 1853 (quae
772 1788 1010 1838 felicitatis
1049 1789 1176 1839 notio
1214 1789 1285 1837 in·

262 1859 401 1917 grata
450 1852 723 1919 exprimitur
768 1851 1054 1915 tautologia)
1095 1854 1290 1918 praemia

235 1964 241 1971 ,
263 1917 369 1981 ejus
389 1925 526 1968 tanta
552 1925 679 1973 sunt,
701 1924 755 1966 ut
784 1916 925 1966 facile
957 1916 1071 1964 mihi
1104 1918 1288 1985 cupidi-

266 1989 414 2031 tatem
454 1980 689 2029 militandi
731 1981 923 2046 injicere
966 1980 1159 2046 possint,
1198 1981 1288 2031 etsi

157 2069 174 2080 =
262 2044 469 2111 pavidus
490 2045 579 2094 sim
601 2045 707 2094 tiro.

331 2111 381 2158 3.
425 2110 610 2158 Portam
660 2108 901 2170 signanter
949 2106 1043 2155 dici
1100 2116 1287 2173 putant,

262 2173 380 2239 quia
398 2181 656 2222 castrorum
672 2186 888 2236 aggerem
908 2172 1064 2219 subire
1084 2172 1290 2235 capitale

265 2236 432 2286 suerit:

335 2304 384 2349 4.
420 2299 498 2349 cf.
519 2315 623 2366 sup.
643 2298 708 2348 ad
721 2299 815 2347 VI.
836 2299 949 2347 553.
965 2313 1097 2364 seqq.
1114 2306 1162 2346 et
1173 2300 1288 2348 581.

285 2417 290 2430 2
334 2366 479 2413 4—6.
512 2365 689 2416 Facete
711 2362 915 2411 dictum:
953 2363 1085 2411 Felix
1106 2364 1293 2426 genesis

264 2446 322 2480 ac
356 2430 504 2479 fatum
538 2429 649 2494 plus
683 2426 810 2476 valet
840 2426 985 2476 etiam
1020 2426 1072 2475 in
1105 2426 1290 2486 militia,

263 2510 410 2561 quam
433 2495 565 2542 favor
598 2494 779 2548 Martis,
798 2490 1011 2557 praesidis
1040 2491 1289 2550 bellorum,

253 2559 547 2609 'conciliatus
569 2557 703 2606 nobis
730 2570 815 2622 per
844 2556 1006 2605 literas
1037 2571 1292 2620 precesque

263 2621 614 2675 efficacissimas
644 2622 720 2671 vel
761 2621 952 2677 Veneris,
976 2619 1139 2695 amica}
1169 2621 1288 2694 ejus,

266 2688 344 2736 vel
379 2686 599 2741 Junonis,
635 2687 889 2751 genetricis,
927 2692 1091 2732 matris
1126 2699 1290 2750 ipsius.
1351 2713 1358 2720 ·

267 2753 347 2801 De
381 2751 618 2801 amoribus
652 2751 818 2799 Martis
840 2764 896 2797 ac
923 2749 1101 2797 Veneris
1120 2765 1164 2796 v.
1185 2752 1289 2815 su'p.

266 2816 331 2865 ad
355 2817 418 2864 X.
441 2818 553 2865 313.
616 2815 668 2863 6.
720 2812 1105 2869 custrix-Martis,
1140 2814 1288 2871 Juno,

262 2898 369 2945 quoe
401 2882 648 2928 delectatur
709 2881 829 2927 amia
858 2893 1014 2934 arena,
1046 2876 1096 2925 h.
1118 2892 1164 2925 e.
1197 2880 1284 2927 Sa·

257 2960 364 3000 mo,
395 2943 553 2992 insula
584 2957 780 2990 arenosa
811 2942 861 2993 in
889 2940 1008 2989 mari
1042 2940 1196 2989 Icario
1225 2942 1287 2991 ad

262 3009 378 3059 litus
413 3006 577 3063 Ionias,
617 3022 724 3070 quae
757 3021 882 3055 nune
919 3005 1096 3054 Susam
1131 3006 1290 3055 Adoni

261 3079 477 3121 vocatur.
559 3070 635 3118 Ex
670 3068 851 3133 antiqui
891 3069 1115 3124 sermonis
1150 3070 1289 3132 genio

266 3136 356 3186 Dii
385 3135 498 3187 illas
534 3143 683 3182 terras
710 3149 870 3183 amare
893 3141 941 3183 et
970 3133 1188 3193 incolere,
1215 3135 1288 3183 vel

254 3208 392 3250 ‘certe
425 3199 719 3263 frequentare
743 3197 979 3253 dicuntur,
1001 3212 1108 3260 quae
1133 3196 1192 3246 iis
1211 3213 1285 3246 sa-

249 3279 358 3314 ·crae
391 3271 519 3321 sunt,
555 3270 604 3312 et
633 3262 716 3309 ubi
746 3260 983 3310 sacrificiis
1009 3261 1289 3373 templisque

264 3329 501 3378 coluntur.
591 3325 955 3375 celeberrimum
999 3333 1156 3374 autem
1231 3344 1287 3374 u-

257 3396 396 3441 ·nom's
448 3394 613 3440 Samioe
665 3398 715 3439 et
759 3389 989 3456 templum
1028 3396 1078 3436 et
1115 3387 1289 3438 festum

265 3457 396 3507 suin·
439 3458 578 3511 Forte
599 3464 760 3503 tamen
780 3470 870 3504 vox
902 3470 1042 3503 arena
1062 3468 1158 3501 non
1179 3469 1287 3519 spe-

265 3530 368 3571 ctat
409 3521 471 3569 ad
511 3518 800 3569 sterilitatem
842 3518 1015 3567 insulae
1063 3532 1287 3573 arenosae,

250 3610 256 3615 ·
296 3586 489 3634 Samum
524 3592 649 3634 certe
680 3582 952 3648 frugiferam
982 3582 1084 3631 esse
1120 3582 1289 3631 Strabo

251 3665 256 3670 ·
304 3649 413 3711 icit)
436 3648 520 3696 sed
541 3648 603 3697 ad
624 3657 791 3696 terram
815 3646 945 3696 Sami
967 3645 1285 3710 argillaceam,

263 3713 395 3761 unde
443 3712 808 3761 conficiebantur
851 3711 1153 3760 celeberrima
1203 3710 1289 3758 illa

257 3776 384 3826 'vasa
411 3776 600 3833 fictilias
622 3784 672 3824 et
700 3783 850 3832 testie,
884 3790 992 3839 qum
1024 3774 1288 3823 durissimae
1347 3796 1350 3799 ·

263 3850 417 3896 erant,
442 3848 491 3889 et
512 3840 575 3889 ad
594 3839 853 3887 secandum
883 3854 1069 3902 quoque
1092 3838 1287 3888 adhibe·

264 3905 458 3953 bantur.
481 3904 558 3952 Cf.
578 3920 683 3969 sup.
706 3901 769 3950 ad
790 3901 883 3950 VI.
898 3904 1011 3951 513.
1173 3912 1178 3913 ⁷

253 3980 275 3997 ”
336 3970 384 4017 7.
410 3970 643 4016 Commoda
672 3968 937 4024 communia,
957 3965 1166 4013 omnium
1198 3965 1287 4012 mi·

267 4032 429 4081 litum:
499 4031 671 4078 Malim
713 4038 872 4077 tamen
914 4043 973 4076 ea
1012 4027 1288 4092 intelligere,

255 4099 377 4160 ‘quae
423 4093 651 4143 militibus
703 4091 970 4141 communia
1020 4101 1130 4140 sunt
1180 4109 1290 4141 cum

266 4160 460 4223 togatis.
510 4157 637 4205 Huc
666 4164 809 4222 poeta
841 4170 883 4202 v.
920 4157 1100 4204 8—34.
1131 4155 1286 4212 refert,

269 4223 400 4287 quod
437 4220 571 4268 miles
609 4236 758 4284 aeque·
780 4234 836 4268 ac
863 4225 1050 4283 togatus
1082 4220 1289 4285 proprios

226 4282 234 4292 ’
269 4287 421 4336 habet
436 4284 632 4347 judices.
673 4282 862 4332 Deinde
886 4301 926 4331 v.
944 4285 1156 4334 35—60.
1175 4300 1289 4332 com·

269 4354 399 4400 nzoda
433 4357 762 4405 memorantur,
786 4363 893 4413 quae
926 4347 1035 4399 solis
1065 4347 1292 4399 militibus

1351 1597 1541 1661 propria
1576 1607 1704 1655 sunt,
1736 1596 1858 1645 citus
1900 1595 2052 1646 litium
2093 1597 2264 1656 exitus,
2299 1599 2380 1664 jus

1352 1661 1561 1710 testandi
1599 1662 1706 1709 viv'o
1749 1668 1905 1728 patre,
1942 1662 2139 1711 honores
2171 1672 2220 1711 et
2256 1678 2380 1729 prai-

1352 1726 1465 1773 mia.
1534 1726 1745 1790 Togatus,
1766 1725 1884 1775 civis
1915 1726 2178 1782 Romanus,
2212 1737 2380 1801 quate·

1353 1805 1460 1848 nus,
1482 1789 1736 1854 obponitur
1771 1798 1953 1840 armato
1985 1791 2063 1838 vel
2100 1790 2257 1848 militi,
2296 1791 2379 1855 qui

1353 1868 1468 1917 sago
1489 1853 1692 1903 amictus
1715 1862 1804 1912 est,
1826 1870 1922 1902 non
1954 1860 2081 1918 toga,
2135 1871 2210 1905 uae
2241 1856 2377 1920 inpe-

1353 1915 1564 1966 dimento
1598 1926 1671 1966 est
1701 1918 1960 1982 inpugna.
2024 1871 2204 1967 Eodem
2235 1934 2379 1968 sensu

1353 1979 1438 2029 inf.
1459 1998 1505 2029 v.
1529 1983 1609 2030 33.
1637 1998 1844 2047 paganus
1864 1982 2052 2039 dicitur,
2075 1982 2195 2048 inpr.
2220 1983 2374 2038 lctis,

1353 2045 1436 2108 qui
1452 2045 1566 2094 inde
1586 2053 1917 2094 testamentum
1946 2045 2280 2111 peculiumque
2302 2048 2379 2096 vel

1350 2125 1581 2173 paganum
1599 2124 1701 2159 esse
1718 2110 1900 2167 dicunt,
1923 2111 1997 2158 vel
2022 2120 2262 2162 castrenx:
2293 2127 2377 2172 pa·

1347 2176 1463 2235 gani
1500 2172 1628 2221 euim
1697 2174 1846 2238 roprie
1875 2174 2166 2225 vocabantur
2199 2176 2378 2232 rustici,

1352 2235 1526 2298 quibus
1552 2236 1629 2285 vel
1712 2252 1838 2293 uma,
1861 2238 1939 2285 vel
1970 2239 2159 2287 Servius
2189 2238 2378 2288 Tullius

1351 2297 1403 2345 in
1436 2298 1554 2347 locis
1582 2301 1818 2348 montanis
1846 2301 2044 2374 ipsaque
2076 2312 2243 2351 natura
2272 2318 2377 2353 mu·

1356 2362 1469 2412 nilis
1487 2363 1642 2428 prima
1668 2364 1780 2412 fecit
1806 2365 2038 2428 perfugia,
2068 2381 2174 2429 quae
2210 2368 2378 2417 Graece

1350 2443 1488 2493 mgos
1529 2426 1814 2494 adpellavit3
1863 2428 1914 2477 hi
1955 2444 2079 2487 vero,
2113 2432 2378 2496 Imperato-

1355 2507 1459 2540 rum
1503 2502 1629 2542 certe
1669 2492 1972 2558 temporibus,
2017 2510 2048 2542 a
2094 2494 2264 2543 militia
2305 2496 2377 2545 vi-

1355 2557 1529 2668 dentlui·
1557 2557 1775 2607 inmunes
1811 2557 1969 2615 fuisse,
2002 2574 2062 2608 ne
2095 2560 2195 2623 agri
2224 2568 2381 2610 essent

1352 2637 1461 2671 ineu
1483 2630 1537 2669 ti.
2078 2648 2082 2653 >

1420 2687 1596 2734 8—34.
1632 2686 1830 2750 Injuria,
1857 2685 2002 2735 etiam
2033 2687 2323 2752 gravissima,
2349 2705 2380 2738 a

1355 2749 1506 2798 milite
1542 2751 1717 2815 inpune
1750 2750 1910 2798 inferri
2003 2759 2097 2801 test
2129 2752 2293 2808 cuivis,
2329 2761 2379 2802 et

1356 2813 1418 2861 ab
1437 2813 1512 2862 his
1542 2814 1777 2879 patienter
1806 2815 1934 2862 feren
1971 2830 2001 2863 a
2031 2827 2119 2871 est,
2151 2816 2373 2880 quoniam

1345 2877 1499 2941 judex
1519 2878 1681 2928 militis
1712 2895 1808 2927 non
1841 2880 2038 2935 Praetor,
2060 2881 2145 2930 sed
2167 2881 2376 2930 centurio

1353 2950 1440 2998 est,
1479 2941 1675 3006 ejusque
1707 2942 2012 2993 adcusatione
2045 2945 2163 2993 nihil
2190 2944 2371 3010 profilii·

1352 3012 1446 3063 tur,
1465 3008 1551 3056 sed
1583 3021 1708 3056 nova
1738 3007 1894 3073 potius
1923 3007 2096 3074 injuria
2127 3009 2372 3077 excitatur,

1353 3084 1383 3117 a
1417 3070 1813 3120 commilitonibus
1844 3073 2115 3130 metuenda,
2154 3073 2235 3137 qui
2265 3086 2374 3139 par·

1352 3142 1424 3182 tes
1448 3134 1517 3184 rei
1616 3151 1640 3183 r
1669 3135 1743 3185 sas
1775 3140 1832 3184 a'c
1858 3136 1992 3187 nefas
2021 3145 2225 3186 tuentur.
2290 3138 2371 3187 De

1350 3197 1425 3246 his
1486 3202 1551 3246 mi
1574 3200 1693 3247 itum
1756 3200 2016 3250 commodis
2070 3202 2132 3250 ad
2190 3201 2374 3265 judicia

1351 3278 1375 3310 s
1436 3263 1674 3312 etantibus
1709 3280 1751 3311 v.
1785 3264 1856 3312 tit.
1891 3265 1945 3314 ff.
1977 3267 2037 3316 de
2074 3281 2125 3315 re
2153 3265 2290 3315 milit.
2312 3274 2372 3315 ‘et

1387 3328 1554 3375 almas.
1588 3327 1731 3376 Obss.
1764 3329 1828 3377 ad
1859 3330 1968 3378 Jus.
1997 3330 2100 3378 Att.
2135 3346 2180 3378 c.
2210 3333 2292 3378 21.
2325 3346 2374 3394 p.

1352 3392 1466 3439 420.
1545 3392 1733 3440 Festive
1763 3400 1922 3441 autem
1960 3409 2021 3441 ea
2054 3393 2105 3440 h.
2140 3393 2173 3441 l.
2206 3393 2384 3449 adum·-

1350 3453 1564 3511 brautur,
1598 3464 1647 3504 et
1678 3455 1800 3503 salse
1891 3456 2154 3520 rstringitur
2179 3453 2372 3504 licentia

1351 3519 1706 3583 petulantiaque
1756 3518 1822 3566 mi
1842 3519 1977 3574 itum,
2037 3534 2134 3582 qua
2188 3519 2372 3569 civibus

1353 3582 1499 3631 Rom.
1538 3582 1832 3632 insultabant
1872 3584 2213 3646 Imperatorum
2247 3590 2369 3634 tem-

1351 3645 1557 3710 poribus.
1574 3650 1623 3696 9.
1641 3661 1740 3711 seq.
1760 3646 1839 3695 Cf.
1854 3662 1958 3712 sup.
1978 3646 2077 3695 111.
2094 3649 2370 3700 288—301.

1353 3712 1573 3767 Proetori,
1588 3710 1756 3775 judici.
1830 3720 1835 3724 ”
1992 3722 1993 3725 ’
2308 3730 2317 3735 ·

1422 3777 1499 3824 ll.
1523 3776 1644 3839 Offiz,
1665 3784 1820 3823 tumor
1836 3772 1991 3822 carnis
2011 3790 2048 3824 s.
2070 3776 2208 3827 vibex
2227 3796 2240 3837 ;
2262 3794 2369 3844 pro-

1351 3837 1453 3902 prie
1504 3854 1663 3888 massa
1710 3838 1867 3888 carnis
1915 3838 2172 3890 aliarumve
2214 3856 2369 3890 rerum

1352 3902 1555 3952 rotunda
1575 3903 1694 3952 etin
1716 3911 1942 3952 tumorem
1965 3919 2180 3954 crescens
2213 3906 2292 3952 vel·
2318 3906 2369 3954 in

1352 3981 1503 4014 unum
1539 3967 1806 4024 convoluta,
1843 3967 1963 4032 inpr.
2003 3967 2169 4032 globus
2206 3967 2372 4017 farina

1354 4045 1636 4095 conspersae,
1673 4030 1830 4093 μάζα,
1867 4030 2012 4093 &pu-n,
2053 4032 2184 4079 AEol.
2224 4029 2370 4090 ὅπη,

1354 4094 1484 4143 unde
1502 4096 1608 4143 Lat.
1630 4096 1734 4160 offa.
1758 4096 1836 4144 Cf.
1858 4110 1963 4160 sup.
1986 4094 2046 4142 ad
2069 4095 2142 4142 11.
2162 4096 2243 4142 33.
2264 4096 2368 4144 ‘11⁸‘-

1352 4175 1429 4205 vm·
1448 4161 1637 4208 macula
1658 4159 1973 4223 percussione,
1998 4156 2070 4216 vel
2097 4160 2371 4213 contusione

1356 4236 1410 4269 ac
1463 4223 1667 4272 ressione
1684 4228 1938 4272 contracta.
2122 4235 2127 4242 ·

1450 4288 1502 4334 2.
1538 4289 1717 4337 oculum
1749 4300 1895 4334 unum
1929 4283 2069 4347 plane
2108 4301 2372 4355 excussum,

1358 4350 1652 4415 alterumque
1671 4352 1876 4399 relictum
1910 4347 2103 4411 quidem
2138 4354 2192 4401 ac
2216 4368 2375 4422 super.

1416 4416 1605 4477 3⁴42
