2978 4920
1072 374 1555 447 JUVENALIS.
2219 405 2382 453 mv.

284 561 448 621 Usus
487 568 683 619 autem
719 556 851 631 ejus
886 553 1007 623 dici
1027 555 1127 614 vix
1150 564 1350 633 ‚potest
1373 562 1729 632 quantopere
1762 551 2090 630 inpediatur
2114 569 2208 624 eo,
2228 553 2387 630 quod

283 657 484 718 omnia
507 654 643 725 fere,
669 670 807 729 quae
846 650 1263 728 complectitur,
1288 667 1547 711 meum
1586 649 1744 725 typis
1778 665 2050 724 exprema
2074 658 2212 707 sunt
2236 658 2304 707 et
2320 668 2388 711 se

285 754 533 814 invicem
557 749 873 826 excipiunt.
954 744 1123 809 Hinc,
1138 747 1342 809 multae
1366 747 1500 804 libri
1520 744 1754 823 paginoe
1777 743 1856 802 sd
1870 744 2129 819 quemvis
2151 762 2386 807 versum

285 858 429 910 sunt
466 844 796 911 evolvendae
841 861 960 902 non
997 843 1124 901 sine
1162 859 1379 919 magna
1418 839 1688 919 temporis
1718 839 1976 914 jactura,
2014 856 2149 915 quae
2190 837 2383 901 fructu

285 946 423 1017 inde
447 951 714 1023 percepto
734 941 1073 1015 neutiquam
1103 950 1528 1018 compensatur.
1621 978 1628 983 ·
2370 974 2376 983 -

369 1039 602 1098 Saeculo
625 1037 870 1112 denique
896 1033 1124 1092 XVIII.
1153 1055 1269 1094 non
1289 1054 1465 1096 novos
1478 1047 1653 1115 poeta
1678 1046 1885 1097 nactus
1908 1047 2002 1097 est
2024 1038 2380 1116 interpretes,

284 1148 493 1216 praeter
535 1134 942 1203 Marshallum,
967 1130 1177 1207 (Lond.
1210 1133 1410 1207 1723.)
1450 1135 1551 1210 qui
1592 1145 1823 1194 tantum
1861 1153 1977 1193 non
2017 1135 2212 1194 omnia
2252 1133 2382 1196 Bu·-

286 1235 545 1306 tannico,
574 1231 866 1310 Grangaeo
905 1242 968 1291 et
1006 1232 1369 1308 potissimum
1397 1228 1623 1290 Lubino
1661 1232 1851 1302 debet,
1875 1232 2070 1311 inepto
2094 1234 2381 1310 nugatori,

284 1342 348 1390 et
370 1340 577 1409 praeter
615 1327 896 1405 quosdam
929 1327 1183 1387 eruditos
1216 1327 1458 1404 Anglos‚
1489 1325 1690 1399 Italos,
1718 1325 1925 1386 Gallos
1949 1338 2010 1387 et
2038 1325 2379 1400 Germanos,

287 1428 393 1504 qui
416 1425 771 1485 versionibus
791 1425 913 1482 suis
939 1434 1107 1482 notas
1127 1424 1512 1498 subjecerunt,
1534 1443 1663 1500 quae
1688 1441 2120 1499 nonnumquam
2137 1425 2382 1501 egregiae

291 1533 454 1590 sunt,
480 1521 582 1581 sed
608 1540 724 1580 non
749 1521 1013 1579 omnibus
1037 1521 1317 1579 lectorum
1343 1519 1639 1578 desideriis
1664 1522 1809 1579 satis
1833 1517 2076 1579 faciunt.

376 1616 412 1674 J
418 1637 514 1677 am
537 1619 588 1677 si
612 1619 932 1698 inspexeris
974 1619 1084 1675 has
1122 1617 1425 1688 editiones,
1451 1618 1697 1677 breviter
1730 1636 1769 1676 a
1793 1618 1956 1676 nobis
1994 1628 2380 1689 enumeratas,

291 1714 532 1785 videbis,
558 1715 781 1773 nullum
822 1713 940 1775 fere
980 1714 1352 1790 antiquorum
1391 1724 1694 1793 poetarum
1735 1732 1774 1773 a
1795 1714 1932 1773 viris
1971 1713 2156 1773 doctis
2195 1716 2385 1793 magis

291 1811 639 1888 neglectum,
660 1830 835 1888 quam
861 1810 897 1869 J
904 1811 1227 1882 uvenalem,
1254 1811 1356 1887 qui
1394 1812 1505 1871 hac
1543 1820 1742 1872 tamen
1780 1812 2162 1870 contemtione
2197 1822 2259 1871 et
2291 1812 2383 1872 in·

293 1907 457 1968 curia
481 1908 715 1966 minime
753 1926 919 1984 paene
941 1907 1197 1966 omnium
1238 1906 1447 1983 dignus
1471 1917 1635 1978 erat:
1678 1907 1901 1964 nullum
1931 1907 2175 1983 argutiis
2198 1925 2381 1966 vana·

293 2023 404 2079 que
429 2003 691 2062 doctrina
714 2003 1086 2081 interpretum
1128 2003 1215 2061 ita
1239 2003 1609 2062 obscuratum
1636 2021 1762 2062 esse
1786 2013 1848 2062 et
1872 2002 2055 2062 veluti
2077 2004 2382 2072 obrutum;

294 2100 551 2176 adeoque
575 2100 885 2159 desiderari
911 2100 1101 2159 adhuc
1120 2099 1446 2170 editionem,
1469 2101 1533 2158 in
1557 2118 1674 2175 qua
1698 2110 1827 2159 tum
1851 2110 2179 2172 contextus,
2200 2119 2382 2175 quam

294 2206 356 2255 et
381 2197 823 2256 adcuratissimo
847 2207 908 2256 et
931 2196 1357 2257 modestissimo
1380 2197 1740 2272 potissimum
1769 2196 1989 2272 judicio
2031 2197 2152 2257 fieri
2178 2199 2381 2276 possit,

295 2292 374 2351 ad
413 2291 584 2352 fidem
625 2304 885 2353 veterum
926 2293 1343 2372 exemplarium
1382 2295 1789 2365 constituatur,
1826 2305 1953 2352 tum
1994 2292 2203 2354 Satirae
2242 2296 2383 2373 ipsae

290 2408 430 2448 cum
455 2409 630 2449 sensu
655 2392 879 2468 poetico
896 2402 956 2449 et
978 2392 1152 2469 plena
1173 2391 1488 2450 latinarum
1499 2392 1795 2451 literarum
1816 2381 2265 2471 scriptorumque
2282 2413 2381 2454 sa-

294 2490 594 2547 tiricorum
618 2489 944 2565 cognitione
969 2490 1341 2547 inlustrentur
1366 2493 1774 2549 commentario
1812 2502 2082 2569 perpetuo
2122 2493 2382 2570 satisque

292 2585 522 2655 idoneo,
549 2584 653 2660 qui
692 2584 897 2642 doceat
936 2584 1328 2643 adolescentes
1368 2604 1500 2644 cum
1540 2585 1748 2655 fructu,
1774 2587 2070 2664 voluptate
2107 2597 2169 2645 et
2208 2607 2382 2648 sensu

290 2681 478 2758 pulcri
502 2681 758 2757 rectique
796 2698 898 2739 eas
936 2680 1144 2757 legere,
1171 2691 1232 2739 et
1257 2700 1373 2739 non
1410 2680 1584 2739 modo
1608 2681 1671 2738 in
1694 2680 1958 2757 singulis,
1983 2699 2114 2756 quae
2136 2692 2260 2743 tam
2288 2702 2383 2742 ar·

296 2786 596 2853 gumento,
623 2794 803 2852 quam
828 2777 952 2851 ejus
977 2778 1322 2835 tractatione
1362 2772 1650 2845 differunt,
1676 2776 1895 2851 quaevis
1918 2775 2256 2853 intelligere,
2280 2779 2386 2838 sed

297 2872 483 2931 etiam
525 2871 831 2946 cujuslibet
879 2891 1161 2931 summam
1201 2875 1646 2949 universamque
1690 2871 1959 2944 indolem,
2002 2872 2256 2953 adeoque
2293 2875 2387 2935 vel

298 2969 447 3027 vitia
471 2969 561 3028 vel
585 2968 831 3028 virtutes
855 2989 1215 3047 cognoscere,
1242 2989 1373 3047 quae
1398 2989 1515 3029 non
1541 2981 1663 3029 tam
1686 2970 1935 3047 singulis
1952 2972 2142 3045 rebus,
2158 2991 2385 3033 earum·

300 3084 416 3143 que
452 3066 848 3125 enuntiatione
889 3078 950 3126 et
993 3068 1340 3132 inventione,
1381 3085 1563 3143 quam
1614 3066 1844 3126 illarum
1885 3069 2252 3142 tractatione,
2290 3070 2384 3132 vel

300 3165 562 3241 partium
587 3163 737 3222 inter
776 3183 841 3223 se
880 3166 1300 3236 convenientia,
1327 3173 1387 3224 et
1414 3163 1491 3223 ad
1516 3174 1702 3222 totum
1727 3165 2147 3242 consiliumque
2171 3169 2383 3246 prima·

299 3259 453 3318 rium
477 3260 899 3337 conspiratione
922 3262 1306 3320 continentur.
1389 3258 1484 3319 Ad
1524 3260 1704 3320 talem
1732 3272 2005 3321 conatum
2028 3262 2137 3322 rite
2160 3264 2383 3342 perfici·

298 3352 523 3413 endum
563 3357 828 3431 quamvis
862 3358 1015 3416 vires
1053 3375 1197 3416 meae
1237 3356 1578 3432 neutiquam
1616 3356 1942 3429 subficiant,
1967 3358 2269 3436 procedere
2294 3371 2385 3418 ta·

303 3469 440 3508 men
464 3462 711 3511 conatus
734 3472 899 3534 sum,
917 3470 1218 3531 quousque
1256 3453 1424 3512 licuit
1462 3472 1564 3531 per
1603 3452 2000 3514 difficultatem
2022 3457 2263 3527 itineris,
2288 3475 2390 3534 per

301 3549 493 3624 otium
536 3559 598 3607 et
645 3550 864 3628 ingenii
913 3551 1274 3621 tenuitatem,
1326 3551 1389 3607 in
1444 3550 1695 3610 editione
1742 3561 1949 3628 poetae,
1994 3569 2175 3631 nuper
2213 3572 2253 3612 a
2289 3572 2388 3615 me

305 3654 534 3727 curata,
575 3647 747 3722 quus
786 3646 994 3710 titulus
1031 3655 1155 3706 estt
1197 3646 1280 3704 D.
1306 3644 1474 3703 Juniz·
1512 3645 1811 3706 Juvenalis
1852 3646 2063 3706 δαείω
2104 3648 2270 3709 XVI.
2312 3653 2394 3711 aa

306 3744 650 3817 optimorum
688 3743 1101 3821 exemplarium
1143 3741 1419 3819 (XLVII.
1462 3743 1627 3803 codd.
1675 3741 1857 3804 MSS.
1896 3755 1957 3804 et
1997 3743 2182 3807 Lxx.
2224 3749 2390 3807 cimi-

307 3845 396 3893 ter
420 3837 586 3896 editt.
613 3841 795 3915 antt.)
816 3839 1004 3915 fidem
1030 3843 1334 3911 recensitoe,
1359 3844 1646 3899 varietate
1671 3839 1972 3900 lectionum
2002 3851 2390 3924 pemetuoque
2452 3914 2458 3920 ⁸

307 3934 711 3993 commentario
761 3934 1085 3995 inlustratae
1129 3945 1189 3995 et
1230 3937 1418 3996 indice
1467 3936 1753 3997 uberrimo
1795 3938 1931 4013 (nec
1969 3956 2085 3998 non
2129 3940 2393 4001 codicum

310 4024 489 4087 MSS.
516 4030 950 4108 editionumque
974 4032 1233 4105 elencho,
1259 4044 1321 4092 et
1360 4033 1944 4093 commentationibus
1968 4032 2040 4094 de
2065 4034 2189 4095 vita
2213 4033 2392 4096 Juve-

308 4123 484 4195 nalis,
510 4125 582 4185 de
608 4126 1007 4189 Romanorum
1045 4129 1242 4190 Satira
1265 4139 1328 4190 et
1367 4129 1636 4190 Satiricis
1669 4132 1874 4210 poetis,
1900 4132 2215 4208 horumque
2237 4133 2392 4211 prin-

307 4220 560 4299 cipibus)
586 4226 876 4283 instruetoe
916 4246 957 4283 a
1003 4223 1105 4285 Ge.
1147 4226 1316 4285 Alex.
1357 4227 1624 4306 Ruperti.
1667 4226 1893 4306 Lipsiae,
1918 4226 2190 4288 sumtibus
2222 4228 2391 4303 Casp.

311 4316 572 4391 Fritsclt,
624 4319 797 4379 1801.
825 4322 898 4379 II
929 4321 1048 4381 Vol.
1130 4322 1305 4383 Hanc
1343 4325 1651 4384 editionem
1690 4343 1847 4384 nnnc
1886 4323 1948 4383 in
1985 4322 2388 4401 compendium

313 4413 533 4493 redegi,
563 4436 806 4498 eamque
845 4405 1126 4481 rationem
1165 4430 1448 4498 sequutus
1489 4438 1637 4492 sum,
1662 4431 1731 4478 ut
1770 4422 2016 4497 primum
2054 4429 2177 4476 tam
2202 4418 2394 4478 varias
