2978 4920
1310 299 1989 365 JUVENAL-ls

1113 905 1117 912 .
1213 807 1801 908 'SATIRA··
1848 809 2123 942 xvi„

1352 1331 1976 1416 ARGUMENTUM.

615 1512 915 1561 conditionem
936 1509 1132 1558 militum
1152 1505 1306 1553 multis
1318 1505 1522 1567 partibus
1542 1504 1778 1556 meliorem,
1802 1518 1934 1564 quam
1955 1515 2251 1571 paganorum,
2267 1509 2361 1549 esse'
2372 1501 2638 1556 ostenditur,
2649 1501 2717 1569 (v,

680 1591 852 1655 1-6.)
873 1588 951 1655 a.)
971 1591 1085 1653 qnod
1107 1588 1179 1636 illi
1199 1588 1254 1635 ab
1271 1587 1337 1633 his
1356 1581 1600 1648 norisne-ile
1615 1583 1758 1629 ullam
1771 1583 2000 1643 adcipiant
2025 1581 2259 1641 injuriam,
2283 1598 2463 1644 eamque
2484 1575 2649 1643 inpune
2664 1571 2716 1627 iis

673 1670 846 1736 inferre
863 1670 1042 1731 possint,
1056 1684 1194 1730 quum
1211 1667 1407 1727 proprios
1423 1664 1610 1711 habeant
1618 1655 1815 1723 judiees,
1835 1670 1878 1708 et
1901 1662 1994 1725 lege
2010 1659 2194 1707 Camilli
2211 1670 2336 1708 extra
2359 1661 2532 1708 vallum
2548 1661 2717 1725 litigare

606 1775 614 1786 ·
672 1757 897 1805 veterum,
910 1749 1219 1796 commilitones
1233 1752 1384 1792 autem
1400 1759 1489 1790 non
1505 1742 1631 1789 modo
1644 1756 1773 1788 reum
1790 1737 1961 1803 per-fos
1977 1755 2031 1787 oc
2047 1736 2176 1802 nefas
2198 1745 2434 1795 tueantur,
2448 1743 2525 1788 sed
2541 1743 2715 1788 damna·

673 1840 769 1877 tum
782 1844 949 1892 quoque
959 1829 1213 1882 vindicent3
1249 1823 1483 1888 (7-34.)
1506 1821 1582 1882 β.)
1616 1821 1730 1883 quod
1747 1818 1975 1884 confestim
1995 1821 2067 1874 iis,
2080 1827 2124 1866 et
2135 1823 2299 1881 quoties
2316 1821 2485 1875 lubeat,
2495 1824 2582 1882 jas
2597 1822 2711 1868 dico·-

676 1920 775 1974 ‘²⁰'ae
791 1918 835 1956 et
854 1923 995 1970 neque
1011 1907 1211 1959 initium,
1227 1920 1365 1965 neque
1372 1902 1488 1964 finis
1506 1902 1655 1948 litium
1676 1901 1724 1946 in
1748 1901 2039 1972 longinquum
2061 1897 2306 1968 differatur
2326 1910 2500 1968 tempus
2515 1918 2533 1958 ‚·
2569 1901 2713 1963 (35-

673 1990 782 2051 50.)
805 1987 882 2049 γ.)
904 1988 1018 2049 quod
1044 1984 1271 2047 peculium
1300 1984 1354 2029 iis
1380 1983 1436 2029 sit
1468 1989 1702 2036 castrense,
1722 1989 1763 2027 et
1787 1981 1890 2028 hinc
1909 1981 2216 2041 justes-tandi
2231 1980 2345 2042 ’.υἰυο
2377 1981 2532 2050 oclhuc
2566 1988 2686 2042 patro
2701 1996 2716 2033 ‚·

673 2066 941 2131 (sl-56.)
962 2062 1033 2128 Β.)
1054 2065 1168 2127 quod
1184 2062 1403 2124 phaleras,
1423 2068 1610 2125 torques,
1633 2061 1809 2123 aliaque
1829 2062 2012 2108 virtutis
2026 2063 2212 2122 praemio
2233 2069 2714 2123 consequantur-,quum

674 2150 812 2209 ipsius
831 2147 959 2194 ducis
977 2144 1164 2210 ret‘erot,
1187 2155 1231 2193 et
1252 2146 1459 2193 honorari
1479 2144 1640 2191 milites
1657 2152 1701 2190 et
1723 2144 2002 2205 locupletari.
2035 2142 2298 2207 (56—60.)

702 2287 976 2407 QUIS
1006 2342 1338 2385 numerare
1367 2329 1564 2405 queat
1592 2317 1795 2382 felicis
1824 2318 2111 2405 praemia,
2145 2314 2354 2395 Galle,

700 2420 1003 2486 Militiae?
1049 2421 1214 2485 Nam
1249 2418 1300 2484 si
1331 2418 1690 2484 subeuntur
1718 2441 2024 2506 prospera
2053 2430 2282 2496 castra,

680 2638 742 2687 In
761 2636 913 2703 priore
934 2633 1074 2708 hujus
1094 2633 1263 2707 Satifae
1285 2641 1418 2708 parte
1437 2632 1513 2696 (v.
1536 2634 1632 2680 1-
1660 2690 1663 2695 ,
1695 2631 1864 2708 eadem
1895 2631 2025 2682 notio
2043 2640 2213 2698 quater
2239 2629 2547 2696 exprimitur:
2568 2630 2711 2696 filicis

616 2702 720 2763 34.)
755 2709 898 2767 poeta
915 2706 1029 2747 satis
1054 2708 1345 2762 ingeniosam
1367 2714 1412 2747 ei
1434 2698 1631 2745 formam
1696 2698 1884 2751 mzlitue,
1908 2713 2116 2760 prospera
2149 2706 2312 2750 castra,
2335 2699 2531 2744 secundo
2568 2697 2711 2769 sinere,

614 2763 840 2822 induisse,
861 2772 926 2820 et,
946 2762 1061 2810 dum
1086 2769 1248 2826 aperte
1267 2761 1516 2811 commoda
1543 2761 1631 2809 mi·
1681 2761 1786 2835 soti
1822 2762 2018 2834 benigni.
2081 2762 2189 2809 Hoc
2224 2768 2388 2808 tamen
2416 2776 2444 2809 e
2465 2776 2522 2808 us
2554 2773 2712 2824 princi-

615 2830 733 2879 litiae
775 2833 1000 2882 recenset,
1038 2834 1165 2874 tecta
1204 2825 1353 2874 ironia
1390 2833 1440 2874 et
1477 2826 1634 2891 specie

615 2892 775 2944 laudis
813 2889 1142 2965 vituperationi
1181 2889 1400 2953 inposita,
1441 2888 1637 2937 nimiam

619 2957 822 3007 militum
903 2955 1144 3003 hcentiam
1225 2953 1636 3018 insolentiamque,

617 3037 765 3084 quam
784 3019 879 3068 illis
908 3017 1194 3083 temporibus
1213 3016 1292 3066 vix
1324 3018 1639 3083 Imperatores

617 3098 830 3133 coercere
865 3083 1122 3138 audebant,
1155 3081 1463 3146 perstringere
1504 3080 1636 3130 vide·

618 3153 711 3196 tur.
790 3145 913 3195 Eam
964 3161 1059 3193 non
1112 3144 1342 3208 integram
1395 3159 1638 3219 superesse

618 3209 816 3274 quidam
852 3207 1032 3274 opinati
1070 3215 1197 3263 sunt,
1236 3209 1353 3256 forte
1389 3224 1504 3271 quia
1539 3217 1639 3257 tam

620 3273 795 3330 brevis,
816 3282 867 3322 et
898 3271 1160 3346 argumenti
1180 3270 1396 3320 tractatio
1425 3288 1520 3321 non
1539 3289 1640 3322 om-

620 3340 763 3389 nibus
780 3352 987 3387 numeris
1002 3335 1220 3385 absoluta
1235 3344 1333 3384 est:
1368 3352 1480 3385 nam
1503 3338 1641 3402 plura

620 3402 808 3453 militiae
847 3399 1096 3451 commoda
1130 3414 1187 3449 ac
1230 3398 1492 3475 privilegia,
1531 3417 1641 3451 cum

617 3469 821 3543 legibus,
843 3474 943 3516 tum
965 3465 1307 3530 Imperatorum
1341 3464 1509 3513 edictis
1529 3482 1639 3514 con-

620 3541 788 3581 stituta
818 3539 866 3580 et
899 3544 1137 3586 concessa,
1172 3545 1200 3577 a
1234 3528 1405 3594 Polyb.
1441 3530 1537 3578 VI.
1560 3533 1642 3581 39.

621 3595 756 3706 {Ilipa
788 3594 899 3644 Mil.
922 3595 1065 3642 Rom.
1087 3594 1155 3642 V.
1175 3593 1253 3643 19.
1286 3601 1334 3643 et
1367 3593 1427 3642 de
1458 3594 1644 3657 magni·

711 3693 725 3707 .
759 3657 901 3706 Rom.
926 3660 970 3706 Ι.
992 3660 1042 3707 6.
1077 3656 1274 3723 aliisque
1305 3667 1640 3707 memorantur.

624 3722 721 3771 Sed
781 3721 854 3769 uis
880 3722 1112 3786 poeticam
1133 3722 1200 3771 rei
1225 3721 1553 3771 tractationem
1573 3721 1642 3771 ita

623 3785 687 3836 ad
707 3800 734 3834 c
784 3784 917 3832 culos
947 3785 1135 3834 vocabit
1146 3786 1311 3835 'l-De
1335 3794 1525 3837 auctore
1553 3787 1639 3836 hu-

616 3850 701 3916 jus
732 3846 901 3898 Satirae
928 3845 1032 3908 jam
1063 3848 1176 3897 olim
1206 3849 1352 3906 fuere,
1374 3850 1457 3913 qui
1489 3849 1641 3899 addu-

620 3915 854 3971 bitarent3
907 3925 1063 3975 neque
1102 3910 1208 3960 haee
1245 3913 1305 3961 lis
1345 3913 1482 3962 facile
1524 3914 1639 3964 diri·

620 3978 798 4030 menda
817 3982 906 4033 est,
924 3990 1071 4037 quum
1103 3974 1153 4022 in
1177 3983 1426 4042 utramque
1457 3985 1640 4042 partem

621 4042 861 4112 quiedam,
884 4054 1035 4104 eaque
1066 4037 1181 4086 satis
1210 4041 1389 4113 gravia,
1411 4040 1641 4106 disputari

622 4108 820 4177 possint.
884 4105 946 4153 In
990 4100 1326 4167 antiquissimis
1372 4104 1506 4152 libris
1559 4105 1642 4155 illa

622 4188 720 4233 mn
756 4176 941 4229 exstat3
994 4168 1047 4217 in
1099 4166 1204 4216 aliis
1244 4175 1318 4216 est
1365 4168 1642 4234 penultima.

539 4242 542 4245 '
623 4232 797 4287 Primis
830 4248 1017 4298 quoque
1049 4229 1153 4296 ejus
1190 4232 1401 4282 versibus
1427 4232 1643 4297 ingrata,

618 4316 678 4351 ne
698 4299 853 4348 dicam
875 4297 1071 4355 insulsa,
1095 4296 1217 4348 inest
1245 4296 1523 4371 tautologia,
1548 4314 1645 4366 qua

1698 2840 1828 2891 pium
1848 2838 1887 2871 si
1920 2825 2175 2890 exceperis,
2198 2823 2329 2872 haud
2361 2824 2423 2873 de
2457 2833 2610 2873 eceret
2628 2823 2709 2872 Ju-

1700 2887 1934 2944 venalem,
1968 2889 2102 2937 illam
2139 2888 2408 2953 scripsisse:
2455 2904 2571 2937 nam
2613 2894 2659 2934 et
2693 2903 2719 2934 a

1699 2953 1824 3016 stylo
1854 2952 1956 3017 ejus
1990 2951 2314 3017 rhetoricaqne
2356 2968 2515 3001 rerum
2554 2959 2716 3000 tracta·

1701 3016 1826 3065 tione
1849 3031 1943 3065 non
1970 3017 2205 3073 abhorret,
2228 3025 2278 3064 et
2300 3016 2592 3081 politissimis
2620 3015 2717 3079 pla-

1701 3089 1775 3128 cet
1829 3080 2026 3130 facetiis.
2115 3081 2365 3130 Nonnulla
2419 3082 2563 3131 etiam
2623 3078 2719 3143 ejus

1701 3143 1806 3193 loca
1858 3151 2104 3210 tamquam
2157 3147 2189 3195 J
2194 3145 2408 3194 uvenalis
2471 3143 2722 3193 laudantur

1700 3216 1802 3256 tum
1839 3224 1870 3257 a
1906 3210 2065 3259 Servio
2104 3209 2156 3258 in
2185 3209 2322 3272 Virg.
2353 3211 2473 3258 AEn.
2497 3210 2540 3257 Ι.
2572 3214 2622 3256 et
2653 3208 2724 3256 ΙΙ.

1700 3282 1803 3321 tum
1822 3287 1854 3320 a
1875 3273 2119 3323 Prisciano
2141 3273 2225 3322 lib.
2249 3274 2405 3322 Vm.
2436 3289 2480 3322 c.
2502 3275 2550 3322 9.
2574 3279 2624 3318 et
2649 3274 2724 3319 14.

1704 3338 1831 3396 Quae
1854 3354 2002 3401 quum
2031 3339 2100 3386 ita
2132 3338 2242 3392 sint,
2266 3336 2471 3387 Satiram
2505 3336 2627 3384 hanc
2649 3337 2721 3385 vel

1703 3399 1805 3466 ipse
1827 3403 1859 3451 J
1865 3402 2090 3458 uveualis‚
2111 3403 2268 3452 forsan
2289 3401 2549 3450 admodum
2565 3415 2721 3456 senex,

1707 3474 1790 3528 aut
1811 3481 1907 3514 non
1929 3467 2060 3524 satis,
2081 3467 2262 3524 limate,
2285 3465 2489 3532 scripsit,
2507 3465 2582 3513 vel
2605 3465 2721 3513 anti-

1705 3529 1841 3592 quior
1871 3532 2040 3579 saltem
2073 3546 2162 3580 nec
2198 3531 2354 3579 malus
2390 3529 2724 3596 poetae-Non

1706 3594 1858 3658 mag-is
1884 3595 2179 3659 exploratum
2210 3595 2458 3650 habemus,
2493 3610 2590 3658 quo
2625 3593 2725 3643 loco

1704 3666 1754 3706 et
1787 3674 1884 3723 qua
1921 3659 2167 3709 occasione
2205 3658 2290 3708 illa
2327 3674 2357 3707 a
2399 3660 2431 3708 J
2436 3659 2658 3716 uvenale,
2688 3658 2725 3706 si

1705 3721 1817 3770 huic
1877 3722 2128 3772 tribuenda
2179 3730 2268 3779 est,
2322 3721 2584 3788 composita
2636 3721 2724 3770 sit:

1706 3794 1863 3834 utrum
1893 3786 1946 3834 in
1969 3789 2068 3852 AEg
2133 3794 2198 3845 to,
2221 3795 2270 3836 et
2305 3785 2356 3835 in
2394 3786 2625 3835 invidiam
2656 3786 2724 3834 hi-

1707 3850 1908 3906 strionis,
1933 3866 1962 3900 a
1984 3867 2079 3917 quo
2152 3853 2235 3903 rbe
2265 3858 2475 3901 remotus
2495 3852 2558 3900 sit
2589 3851 2728 3899 false·

1704 3929 1797 3977 que
1835 3914 2023 3965 honoris
2055 3917 2213 3982 specie
2251 3915 2431 3964 cohorti
2462 3915 2728 3981 prefectus,

1705 3993 1766 4026 ne
1799 3976 1842 4026 is
1866 3979 2182 4030 conditionem
2219 3995 2356 4028 suam
2389 3978 2613 4029 miseram
2675 3996 2728 4028 u·

1707 4050 1853 4101 taret3
1888 4058 1969 4101 an,
2000 4046 2128 4107 quod
2170 4045 2466 4111 probabilius
2504 4052 2592 4101 est,
2682 4059 2730 4091 o·

1706 4122 1817 4165 mae,
1850 4114 1900 4155 et
1935 4125 1992 4157 eo
2024 4109 2144 4158 forte
2180 4116 2391 4174 tempore
2421 4125 2518 4174 quo
2552 4108 2727 4164 Gallus,

1708 4170 1771 4245 ad
1825 4187 1968 4236 quem
2020 4173 2196 4240 scripta
2234 4181 2345 4230 ¹est,
2403 4173 2455 4222 in
2516 4172 2729 4223 militiam

1707 4235 1858 4284 iverit.

1779 4302 1822 4350 l.
1847 4299 2030 4365 Gallus,
2053 4301 2235 4351 amicus
2255 4310 2430 4368 poetae,
2453 4302 2572 4352 forte
2582 4300 2732 4356 idem,
