2978 4920
580 326 711 389 324

1292 313 1963 387 JUVENALIS

670 586 1153 684 PLUR1MA
1184 624 1354 691 sunt,
1389 611 1687 693 rusciae,
1716 625 1781 680 et
1811 614 1980 698 fama
2008 610 2206 700 digna
2234 607 2512 692 sinistra.

668 719 760 782 Et
789 715 1006 780 nitidis
1032 715 1343 780 maculam
1371 715 1687 781 haesuram
1717 717 1979 802 figentia
2007 717 2223 794 rebus,

670 823 834 898 Quae
861 831 1211 884 monstrant
1239 818 1360 905 ipsi
1389 819 1605 906 pueris
1635 819 2031 906 traduntque
2057 831 2367 905 parentes,

676 921 743 986 Si
772 922 1077 986 damnosa
1104 944 1309 985 senem
1332 922 1525 1009 juvat
1554 921 1711 1001 alea,
1740 921 1908 988 ludit
1936 934 2003 987 et
2034 922 2216 987 heres

676 1022 995 1102 BullatuS,
1025 1045 1351 1110 parvoque
1380 1022 1600 1088 eadem
1629 1035 1841 1088 movet
1870 1047 2047 1089 arma
2074 1023 2322 1090 fritillo.

674 1126 811 1190 Nec
838 1124 1063 1190 melius
1090 1124 1172 1188 de
1201 1147 1267 1189 se
1296 1124 1595 1210 cuiquam
1625 1147 1876 1211 sperare
1904 1124 2274 1211 propinquo

677 1223 996 1290 Concedet
1016 1225 1292 1312 juveni8‚
1323 1225 1437 1311 qui
1467 1224 1689 1289 radere
1720 1226 1948 1290 tubera
1975 1236 2185 1301 terrae,

677 1323 975 1390 Boletum
1003 1325 1279 1404 condire,
1311 1336 1375 1389 et
1404 1324 1625 1389 eodem
1647 1326 1796 1412 jure
1827 1336 2116 1390 natantes

678 1429 973 1514 Mergere
1002 1427 1302 1493 ficedulas
1330 1426 1579 1507 didicit,
1612 1427 1926 1493 nebulone
1955 1440 2240 1514 parente,

676 1530 768 1594 Et
795 1551 952 1593 cana
979 1541 1363 1598 monstrante
1389 1529 1562 1614 gula.
1655 1530 1870 1607 Quum
1901 1528 2208 1615 septimus
2236 1549 2442 1592 annus

2591 1531 2687 1592 10

679 1629 1033 1695 Transierit
1061 1651 1282 1716 puero,
1312 1629 1594 1694 nondum
1624 1630 1795 1693 omni
1825 1628 2015 1693 dente
2043 1640 2286 1708 renato,

660 1842 816 1893 Satira
829 1844 935 1894 haee
953 1858 1104 1895 rerum
1121 1841 1483 1910 adfectuumque
1499 1860 1605 1909 gra-

596 1909 743 1957 vitate
773 1925 869 1983 prae
890 1910 1055 1959 ceteris
1086 1910 1290 1966 excellit,
1309 1918 1357 1958 et
1376 1910 1610 1975 praeclaris

597 1973 837 2022 sentenuis
871 1982 1112 2038 tamquam
1152 1974 1347 2036 gemmis
1386 1973 1611 2023 distincta

600 2045 669 2085 est
705 2037 988 2085 clarissimis.
1054 2038 1115 2085 In
1154 2037 1306 2102 prima
1343 2038 1445 2103 ejus
1478 2046 1612 2103 parte

598 2101 673 2162 (v.
698 2102 930 2165 1—134.)
952 2099 1292 2164 redarguuntur
1322 2103 1487 2151 acerbe
1521 2118 1604 2168 pa·

598 2172 769 2222 rentes,
808 2164 1032 2231 exemplis
1066 2173 1117 2213 et
1152 2167 1399 2231 praeceptis
1435 2166 1609 2216 liberos

601 2244 710 2276 suos
732 2230 794 2277 ad
812 2227 927 2278 vitia
946 2230 1022 2277 vel
1042 2230 1091 2278 in
1112 2246 1220 2279 suos
1239 2246 1410 2296 eosque
1441 2247 1609 2297 pravos

601 2309 752 2342 mores
782 2294 1053 2352 formantes,
1086 2294 1145 2344 in'
1169 2295 1318 2345 altera
1352 2296 1428 2361 (v.
1455 2299 1611 2346 135-

600 2359 741 2423 331.)
795 2358 1088 2424 potissimum
1152 2368 1341 2409 notatur
1397 2359 1610 2409 avaritia.

605 2423 730 2473 Cum
762 2422 852 2474 hac
888 2423 1173 2474 eonferenda
1209 2424 1395 2475 Horatii
1433 2425 1535 2475 Sat.
1568 2424 1613 2473 Ι.

604 2488 712 2537 libri
733 2489 778 2537 Ι.
795 2495 845 2538 et
876 2489 960 2538 lib.
996 2491 1069 2539 11.
1096 2491 1144 2538 3.
1184 2491 1293 2539 108.
1321 2506 1454 2555 seqq.
1474 2497 1530 2539 ut
1547 2490 1616 2537 ita

606 2552 971 2602 diversissimum
992 2553 1183 2603 dicendi
1202 2570 1350 2620 genus
1372 2555 1613 2620 perspicue

601 2626 937 2730 engnoscatuu
970 2619 1222 2684 (Horatius
1243 2619 1383 2675 enim,
1404 2627 1458 2667 ut
1478 2620 1614 2674 solet,

602 2682 641 2729 ri
675 2683 798 2732 endo
817 2681 984 2732 vitium
1022 2683 1111 2733 boc
1133 2683 1347 2751 conripit‚
1369 2685 1401 2734 J
1403 2683 1618 2733 uvenalis

605 2755 766 2797 autem
809 2747 949 2797 altius
999 2749 1245 2813 insurgens
1279 2748 1612 2799 declamatorio

607 2826 733 2860 more
753 2820 801 2861 et
821 2828 870 2859 m
932 2812 1030 2861 'stri
1059 2813 1302 2863 severitate
1328 2812 1448 2862 illud
1467 2811 1520 2861 in
1539 2813 1613 2861 in-

606 2874 783 2924 vidiam
821 2877 883 2924 ad
919 2876 1030 2934 ucit,
1056 2884 1106 2926 et
1134 2876 1503 2941 indignationem
1532 2893 1613 2926 ex·

605 2940 740 3000 citat)
770 2956 879 2989 cum
909 2940 1010 2998 illa,
1030 2950 1198 3006 preter
1229 2942 1351 2999 loca,
1385 2943 1435 2989 in
1472 2942 1616 2991 Com·

606 3013 751 3055 ment.
768 3003 980 3061 laudata,
1003 3007 1166 3055 Senec.
1189 3006 1249 3055 de
1270 3006 1352 3054 Ira
1372 3007 1445 3056 11.
1463 3008 1546 3055 22.
1564 3013 1615 3055 et

608 3067 758 3132 Epist.
792 3070 875 3118 97.
910 3070 1039 3119 Plut.
1076 3070 1137 3120 de
1165 3070 1365 3119 institut.
1394 3071 1532 3121 liber.
1566 3081 1616 3120 et

608 3131 728 3196 inpr.
751 3133 956 3189 Quintil.
977 3134 1096 3182 Inst.
1118 3135 1204 3183 Or.
1226 3135 1269 3182 1.
1295 3136 1341 3183 l.
1364 3136 1413 3184 6.

681 3198 721 3242 1.
759 3196 959 3253 Fuscini,
992 3198 1055 3246 ad
1086 3214 1225 3261 quem
1258 3199 1413 3247 Satira
1441 3198 1617 3264 scripta

611 3267 702 3315 est,
735 3275 828 3308 non
866 3260 979 3309 alibi
1011 3262 1064 3309 fit
1089 3262 1279 3311 mentio.
1305 3263 1445 3327 fama
1474 3266 1617 3328 digna

608 3328 804 3382 sinistra,
827 3325 877 3373 in
905 3325 1180 3391 turpissimis
1210 3327 1349 3375 rebus
1377 3327 1614 3385 habenda,

611 3389 756 3455 digna
774 3406 883 3454 quae
905 3390 1238 3455 vituperentur.

675 3457 725 3504 2.
747 3457 873 3503 rebus
891 3458 1066 3516 nitidis,
1084 3453 1257 3528 pulcris
1273 3454 1616 3521 praelatisque,

611 3521 846 3578 hoesuram,
879 3536 974 3570 non
1005 3520 1145 3569 facile
1175 3519 1445 3577 eluendam,
1460 3538 1614 3569 maeu-

612 3586 702 3631 lam
718 3586 933 3650 figentia,
970 3584 1227 3649 infigentia,
1263 3583 1515 3646 intuentia,
1552 3601 1616 3633 ω-

613 3655 793 3719 ternam
855 3649 1155 3717 turpitudinis
1218 3650 1376 3699 labem
1425 3650 1617 3716 adsper-

611 3721 785 3773 gentia-

678 3776 727 3823 3.
750 3776 811 3823 In
831 3778 1205 3853 plerisque-libris
1222 3780 1443 3827 maculam
1460 3796 1516 3828 ac
1535 3795 1615 3826 ru-

612 3848 914 3961 {1‘33’2'43221'1'51
941 3843 1101 3955 affl?
1110 3844 1621 3971 {zzzltffssgstffitfflsst

613 3972 728 4032 quod
759 3968 853 4032 (al.
883 3970 1018 4034 quid)
1048 3974 1265 4032 mqy'mum
1295 3975 1403 4021 vitio
1434 3973 1525 4037 (al.
1550 3974 1618 4020 vi-

616 4037 729 4082 tium
767 4040 816 4082 et
851 4034 989 4098 vitia)
1020 4050 1063 4082 se
1091 4039 1300 4099 nitarque
1331 4039 1533 4085 minores.
1569 4038 1619 4084 3.

615 4107 859 4173 ωσπερ-απτ
899 4114 1065 4163 exemp
1084 4098 1139 4156 is,
1183 4107 1233 4147 et
1272 4103 1459 4148 tradunt
1499 4115 1618 4166 Ρω-

612 4178 668 4213 ce
701 4170 779 4213 tls.

669 4181 728 4276 ¹¹³4.
761 4229 872 4277 Alea
897 4229 1118 4283 damnosa,
1152 4245 1197 4276 v.
1228 4244 1332 4292 sup.
1365 4227 1427 4277 ad
1461 4231 1503 4278 1.
1535 4230 1615 4277 89.

615 4294 697 4341 90.
729 4294 848 4341 heres
866 4294 1076 4350 bullatus,
1096 4293 1250 4342 infans
1274 4294 1513 4359 parvulus,
1535 4293 1616 4356 qui

616 4356 796 4406 bullam
830 4364 1196 4425 praetextamque
1226 4357 1433 4413 nondum
1471 4358 1614 4424 depo-

1672 1843 1783 1902 suit,
1805 1843 1879 1893 vel
1900 1842 2137 1894 decimum
2156 1849 2281 1892 certe
2309 1849 2532 1906 quartum
2565 1848 2688 1891 aeta-

1673 1909 1735 1957 tis
1765 1923 1939 1957 annum
1973 1906 2180 1956 nondum
2211 1921 2425 1971 egressus
2447 1914 2536 1955 est.
2570 1904 2689 1982 ςῼῖ.

1674 1973 1964 2102 {xgr-5⁸23&
1992 1971 2243 2092 ιῗῒιέίαὶιῗ,
2261 1978 2591 2109 Ργξὶεόἴινῖἒι
2610 1987 2693 2084 irael

1670 2103 1913 2152 vasculum
1945 2101 2111 2166 poculo
2143 2099 2311 2156 simile,
2329 2115 2382 2148 m
2402 2115 2497 2163 quo
2529 2099 2619 2148 tali
2637 2109 2691 2149 et

1670 2175 1878 2223 tesserae‚
1907 2165 1984 2230 (h.
2002 2167 2037 2216 l.
2067 2183 2210 2222 ama,
2235 2163 2338 2213 ludi
2357 2164 2688 2220 instrumenta,

1671 2230 1797 2280 unde
1816 2230 1972 2278 forsan
1999 2233 2193 2296 amiger
2212 2229 2365 2278 dictus
2383 2244 2492 2295 sup.
2511 2229 2560 2277 1.
2582 2229 2696 2293 92.)

1672 2295 2018 2352 eoncutiuntur,
2050 2302 2100 2345 et
2132 2294 2245 2342 inde
2280 2307 2366 2358 per
2405 2307 2628 2359 pyrgum‘
2646 2310 2688 2342 ε.

1675 2360 1965 2417 turriculam,
1987 2375 2097 2424 quae
2127 2360 2271 2408 etiam
2302 2358 2505 2423 phimns,
2536 2357 2693 2421 φορὸς,

1677 2432 1727 2477 et
1759 2440 1869 2475 orca
1899 2433 2109 2482 vocatur,
2129 2424 2181 2474 in
2200 2423 2434 2473 alveolum
2456 2440 2497 2473 s.
2517 2424 2696 2481 forum,

1680 2490 1892 2541 tabulam
1932 2489 2154 2540 lusoriam
2194 2504 2233 2537 s.
2267 2488 2516 2546 talariam„
2539 2489 2693 2553 conji-

1676 2554 1879 2604 ciuntur.
1911 2565 2077 2603 movet:
2113 2568 2225 2602 nam
2257 2552 2365 2610 tali,
2402 2552 2588 2602 fraudis
2618 2554 2691 2603 vi-

1677 2619 1836 2668 tandae
1879 2633 2042 2676 canna,
2082 2628 2212 2668 mota
2247 2617 2376 2682 prius
2415 2618 2694 2691 agitataque

1681 2696 1826 2734 manu
1863 2683 1916 2732 in
1954 2685 2141 2733 alveum
2181 2681 2408 2732 lusorium
2441 2682 2696 2745 jacieban-

1675 2755 1754 2796 tur
1767 2765 1782 2808 ;
1821 2748 1950 2798 unde
1983 2747 2162 2799 Grecis
2197 2745 2419 2796 dicuntur
2452 2745 2699 2797 &dnm-a

1676 2811 1949 2928 ἒσὲὣγαθω.
1992 2830 2037 2861 ν.
2083 2810 2292 2862 Casaub.
2342 2811 2404 2860 ad
2449 2811 2703 2879 Theophra

1758 2892 1826 2926 ar.
1898 2911 1912 2926 .
1934 2881 1982 2926 4.

1741 2943 1921 2990 6-14.
1954 2943 2071 3008 Spes
2107 2941 2241 2989 nulla
2273 2943 2377 2999 erit,
2414 2955 2572 2989 mores
2605 2940 2696 2990 fini

1678 3007 1796 3055 alios
1828 3005 2132 3070 melioresque
2175 3006 2352 3057 futuroe
2386 3020 2508 3061 oese,
2543 3021 2695 3069 quam

1677 3071 1900 3136 parentis,
1921 3071 1962 3119 si
1982 3071 2059 3119 hic
2089 3070 2291 3121 delicate
2320 3087 2375 3120 ac
2395 3070 2602 3118 molliter
2619 3070 2694 3118 vi-

1679 3143 1774 3185 vet.
1840 3135 1946 3184 Non
1983 3137 2154 3191 melius,
2196 3151 2340 3200 quam
2382 3134 2510 3182 filius
2541 3134 2702 3199 patris

1677 3199 1797 3263 ejus,
1817 3215 1959 3264 quem
1991 3200 2099 3248 alea
2122 3199 2288 3263 juvat3
2321 3200 2400 3249 vel
2423 3217 2511 3247 non
2532 3200 2704 3247 melius

1677 3267 1734 3313 de
1753 3282 1813 3322 se,
1869 3280 1978 3313 uam
1994 3265 2055 3314 de
2074 3272 2269 3329 parente
2287 3280 2389 3314 suo.

1744 3331 1793 3379 7.
1866 3332 2001 3378 ubera
2037 3338 2191 3390 terrae,
2229 3330 2363 3379 Gall.
2399 3330 2478 3376 des
2511 3326 2700 3391 truffas,

1680 3396 2007 3459 chamzn'gnons,
2050 3391 2191 3442 Linn.
2241 3395 2503 3458 lycopendon
2544 3394 2697 3447 tuber,

1682 3458 1847 3508 Germ.
1892 3458 2112 3520 Triiffeln,
2161 3458 2571 3506 Stoubochwiimme.
2612 3473 2692 3504 ra,

1679 3525 1798 3580 dere,
1816 3522 2042 3571 corticem
2057 3537 2215 3572 eorum
2236 3522 2428 3572 cultello
2451 3519 2698 3577 abradere,

1679 3595 1731 3635 et
1746 3594 1844 3636 tum
1860 3603 1919 3637 ea
1937 3587 2045 3636 cibo
2064 3602 2248 3653 parare.
2313 3589 2363 3635 8.
2382 3587 2589 3642 Baletus,
2611 3601 2697 3650 op-

1681 3651 1850 3700 timum
1880 3652 2014 3717 fungi
2044 3667 2208 3716 genus,
2240 3651 2377 3701 Gall.
2398 3668 2423 3699 c
2565 3652 2576 3662 ‘

1675 3732 1856 3778 parm,
1895 3717 2059 3766 Germ.
2098 3718 2221 3772 Bilz,
2270 3716 2700 3765 Meherschwam.

1680 3780 1762 3830 Cf.
1778 3781 1845 3830 V.
1867 3782 1975 3829 147.
1992 3789 2038 3830 et
2057 3781 2148 3829 VI.
2165 3781 2279 3829 621.
2296 3783 2586 3844 eodemjure,
2602 3794 2701 3843 quo

1679 3859 1849 3917 parens
1881 3845 2138 3920 mergebat.
2199 3846 2249 3894 9.
2282 3845 2518 3923 chalula,
2543 3853 2698 3892 mota-

1681 3909 2173 4033 zssltmffatzmssffi
2181 3911 2469 4023 ἐρῶ
2459 3909 2701 4039 ὁῖἕὲ

1681 4038 1898 4167 wc
1916 4038 2243 4153 emere
2294 4040 2696 4153 ...ω

1682 4121 2068 4231 50f31.)’1›010¹t'2‘oe,
2082 4135 2155 4231 (v.
2171 4183 2226 4216 su
2245 4136 2275 4216 ⁰.
2287 4169 2352 4217 v.
2370 4169 2480 4216 147.
2495 4174 2547 4215 et
2561 4136 2695 4216 Suet:

1682 4231 1858 4283 Claud.
1877 4231 1984 4295 44.)
2005 4241 2054 4283 et
2070 4233 2227 4296 ficodu
2276 4269 2287 4281 .
2322 4234 2397 4296 (v.
2419 4231 2548 4281 Gell.
2584 4232 2697 4279 XV.

1682 4297 1728 4344 8.
1759 4296 1827 4345 ibi
1862 4312 1920 4347 ue
1949 4299 2134 4364 Intpp.)
2197 4298 2418 4363 Mer-gere,
2440 4295 2693 4345 devorare:

1680 4368 1793 4412 nam
1860 4362 2039 4415 cedula
2079 4369 2188 4411 totae
2233 4376 2262 4411 a
2300 4359 2476 4427 grilena
2512 4358 2699 4410 comedi
