2978 4920
582 331 710 396 iso

1296 306 1963 376 J‘UVENALIS

676 508 1033 584 Adtonitae,
1062 520 1287 566 cui-rus
1311 508 1378 561 et
1407 515 1608 581 equos
1632 490 1951 577 faciesque
1978 489 2266 556 Deorum

678 610 1051 699 Adspicere,
1080 613 1145 667 et
1173 598 1384 688 qualis
1411 594 1735 662 Rutulum
1763 591 2113 657 confundat
2142 591 2445 677 Erinnys,

678 720 848 782 Nam
877 714 929 777 si
960 705 1228 792 Virgilio
1254 723 1416 789 puer
1440 710 1509 763 et
1538 695 1862 762 tolerabile
1891 696 2134 760 deesset

685 814 1081 902 Hospitium,
1104 805 1397 872 caderent
1425 822 1642 864 omnes
1669 822 1710 862 a
1735 796 2016 861 crinibus
2042 794 2234 881 hydri
2259 821 2276 858 :

2594 796 2686 860 ”lo

686 915 897 984 Surda
922 909 1082 976 nihil
1107 916 1384 993 gemeret
1412 924 1606 987 grave
1633 896 1919 964 buccina.
1973 936 1976 940 ν
2008 894 2360 972 Pessimus,
2390 905 2471 958 ut
2495 893 2595 959 sit'

687 1021 836 1085 Non
864 1016 1067 1079 minor
1095 1007 1361 1092 antiquo
1391 1001 1736 1067 Rubrenus
1766 998 1997 1084 Lappa
2021 996 2358 1074 cothurno,

693 1122 899 1208 Cujus
928 1128 991 1180 et
1020 1109 1291 1177 alveolos
1319 1117 1384 1170 et
1412 1105 1638 1168 loenam
1666 1100 1958 1187 pignerat
1988 1099 2250 1163 Atreus.

690 1227 840 1289 Non
867 1218 1058 1283 habet
1087 1211 1308 1279 infelix
1338 1207 1662 1281 Numitor,
1692 1201 1869 1288 quod
1895 1201 2109 1266 mittat
2138 1200 2378 1264 amico:

693 1319 1020 1405 Quintillae
1048 1312 1225 1402 quod
1253 1310 1468 1386 donet,
1496 1306 1728 1378 habet3
1774 1325 1890 1366 nec
1918 1301 2124 1366 defuit
2154 1300 2267 1378 illi,

2605 1301 2693 1367 75

692 1427 884 1494 Unde
912 1429 1146 1488 emeret
1173 1413 1377 1480 multa
1403 1406 1786 1498 pascendum
1809 1427 2000 1493 ,carne
2028 1403 2270 1467 leonem

698 1532 742 1595 J
747 1550 850 1594 am
878 1521 1226 1589 domitum:
1273 1522 1516 1578 constat
1546 1506 1764 1572 leviori
1791 1504 1982 1570 belua
2010 1515 2227 1568 sumtu

699 1627 1043 1700 Nimirum,
1073 1633 1137 1685 et
1167 1616 1425 1704 capiunt
1454 1612 1601 1699 plus
1628 1608 1926 1674 intestina
1954 1619 2177 1693 poetae.

618 1858 777 1912 peram
795 1838 1021 1892 finxisset,
1032 1839 1081 1882 et
1094 1831 1281 1880 buccina
1292 1826 1454 1875 fuisset
1469 1825 1624 1878 surda,
1687 1823 1764 1876 sit,
1782 1819 1838 1866 iis
1854 1834 1948 1867 non
1964 1817 2104 1866 cedat
2120 1814 2348 1880 gravitate
2364 1830 2421 1863 ac
2439 1831 2486 1863 m
2521 1814 2701 1871 'estate'

620 1925 716 1959 non
736 1907 851 1955 data
872 1900 1044 1954 Furiae,
1066 1908 1219 1959 neque
1243 1900 1342 1940 tam
1373 1886 1629 1938 horrendus

622 1976 668 2023 ei
706 1970 907 2021 tributus
943 1969 1064 2013 esset
1100 1957 1294 2007 sonitus.
1376 1954 1483 2027 Iioc
1524 1965 1631 1999 vero

622 2038 801 2087 dictum
838 2037 910 2080 est
947 2042 1063 2093 pro:
1104 2020 1348 2091 Virgilius,
1380 2033 1421 2064 si
1455 2030 1633 2087 pauper

624 2102 804 2154 fuisset,
835 2092 1035 2142 scribere
1072 2102 1164 2135 non
1199 2089 1425 2150 potuisset
1463 2081 1630 2153 AEnei-

624 2166 752 2220 dem,
782 2159 994 2209 divinum
1026 2165 1231 2203 cannen,
1261 2145 1387 2212 quod
1418 2160 1512 2194 non
1544 2159 1631 2191 mi-

623 2245 715 2279 nus
753 2239 925 2279 rerum,
1001 2219 1350 2267 bantasmatum
1399 2224 1634 2258 commen-

625 2301 871 2356 torumque
908 2286 967 2335 de
988 2291 1111 2338 ectu,
1152 2278 1228 2328 vel
1270 2273 1432 2349 subtili
1471 2273 1634 2321 inven-

625 2361 771 2414 tione,
792 2363 840 2404 et
871 2345 1147 2401 narrationis
1177 2348 1467 2409 praestantia,
1491 2352 1633 2410 quam

626 2419 848 2474 orationis
887 2413 1116 2480 dignitate
1147 2417 1195 2456 et
1233 2414 1401 2455 ornatu
1429 2401 1636 2477 excellit.

628 2491 750 2538 Haec
769 2492 841 2535 est
858 2478 1089 2531 sententia
1117 2471 1330 2539 praeclari
1360 2470 1501 2532 hujus
1528 2467 1637 2519 loci,

632 2561 776 2627 atque
818 2543 1050 2596 nobilitati
1101 2536 1292 2591 'udicio,
1332 2533 1460 2599 quod
1500 2538 1642 2596 poeta

630 2618 740 2668 tulit
755 2615 816 2663 de
839 2614 941 2662 loco
960 2608 1043 2657 illo
1111 2602 1232 2668 irgil.
1249 2601 1367 2652 AEn.
1392 2596 1640 2646 VIL323.

632 2699 731 2748 seq.
767 2693 907 2743 quem
943 2668 1128 2736 egregie
1160 2666 1351 2732 quidem
1387 2667 1641 2736 tractatum

633 2753 957 2805 ornatumque,
978 2745 1030 2786 at
1065 2730 1243 2783 inventi
1276 2727 1536 2778 subtilitate
1551 2723 1644 2795 'vel

631 2808 840 2862 sollertia
870 2818 965 2852 non
998 2799 1115 2849 adeo
1145 2795 1376 2858 insignem
1407 2805 1527 2846 esse,
1542 2803 1646 2850 Jam

637 2873 820 2925 monuit
839 2871 1026 2931 Heyne.
1047 2863 1124 2910 Cf.
1144 2877 1249 2924 sup.
1270 2858 1332 2906 ad
1352 2873 1398 2904 v.
1418 2855 1500 2902 62.
1551 2852 1644 2899 Ce-

639 2949 791 2989 terum
821 2930 1066 2994 Virgilius,
1099 2924 1140 2973 si
1178 2925 1370 2972 Donato
1407 2916 1525 2965 fides
1561 2916 1646 2962 ba-

636 3002 797 3053 benda
827 2999 879 3046 in
911 2994 1010 3043 vita
1040 2988 1142 3053 ejus
1162 3003 1206 3035 c.
1226 2987 1275 3034 6.
1304 2983 1489 3058 possedit
1516 2996 1650 3041 prope

638 3069 799 3116 centies
820 3061 919 3110 HS.
943 3075 994 3106 ex
1027 3052 1360 3103 liberalitatibus
1388 3061 1648 3100 amicorum,

640 3132 879 3189 habuitque
925 3126 1103 3170 domum
1142 3117 1296 3163 Roma:
1325 3115 1392 3159 in
1437 3110 1647 3172 Esquiliis

626 3199 767 3259 juxta
805 3192 946 3238 hortos
980 3182 1252 3235 Maecenatis,
1286 3191 1546 3240 quamquam
1581 3189 1645 3221 30-

641 3276 761 3309 cessu
792 3255 843 3302 in
874 3250 989 3300 villa
1022 3246 1289 3304 Campania,
1313 3255 1408 3288 non
1444 3239 1584 3300 longe
1619 3253 1650 3284 a

643 3324 791 3378 Nola,
830 3319 901 3382 (v.
940 3310 1071 3363 Gell-
1102 3309 1225 3357 VII.
1256 3306 1367 3369 20.)
1408 3303 1652 3364 Sicilioeque

641 3389 891 3454 plurimum
909 3385 1129 3427 uteretur.
1288 3434 1298 3444 ι
1339 3433 1349 3444 .

709 3455 793 3502 70.
822 3449 1028 3498 caderent
1064 3453 1164 3506 pro,
1203 3434 1498 3485 cecidissent.
1522 3495 1532 3505 ι
1570 3431 1652 3478 71.

646 3520 798 3574 Surda
818 3522 868 3563 et
887 3508 1020 3571 κωφὰ
1041 3501 1188 3570 poetis
1216 3516 1309 3549 non
1327 3496 1466 3546 inodo
1486 3497 1652 3547 dicun·

649 3592 741 3638 tur,
762 3594 868 3646 quae
899 3589 995 3623 non
1027 3567 1240 3623 audiunt,
1260 3561 1353 3636 sed·
1377 3561 1521 3610 etiam
1550 3574 1656 3623 quae

650 3662 744 3696 non
781 3640 1050 3692 audiuntur,
1081 3639 1229 3687 muta,
1262 3635 1425 3684 tacita,
1457 3633 1511 3675 ut
1544 3624 1593 3671 h.
1615 3624 1648 3672 l.

625 3719 699 3761 et
729 3707 817 3756 inf.
836 3703 988 3753 XIII.
1012 3698 1119 3760 194.
1152 3696 1323 3744 verbere
1351 3693 1503 3746 surdo,
1537 3688 1586 3735 h.
1602 3704 1652 3760 e.

649 3773 854 3824 obcuito,
895 3765 1030 3829 cujus
1078 3760 1280 3810 sonitum
1326 3771 1463 3803 nemo
1504 3752 1651 3808 audit,

649 3836 732 3888 sed
765 3826 947 3883 animus
966 3826 1123 3876 sentit.
1155 3824 1233 3873 Cf.
1254 3820 1317 3870 ad
1348 3820 1434 3868 Sil.
1458 3818 1552 3865 VI.
1574 3817 1654 3864 ⁷5.

648 3905 855 3970 gemeret,
875 3910 921 3940 v.
940 3907 1045 3954 sup.
1063 3889 1123 3937 ad
1145 3887 1218 3935 II.
1236 3887 1315 3933 90.

718 3966 797 4014 71.
828 3974 928 4021 seq.
952 3955 1174 4002 Poscimus
1202 3949 1389 4013 injuste,
1422 3953 1476 3994 ut
1509 3952 1657 4008 poetae

654 4017 1065 4083 nostri.temporis,
1088 4015 1170 4079 qui
1202 4014 1264 4062 ab
1294 4011 1454 4074 inopia
1478 4022 1659 4082 vexan-

654 4107 746 4151 tur,
782 4084 958 4153 ingenii
996 4080 1346 4149 carminumque
1389 4080 1659 4147 prae-stantia

652 4170 701 4212 et
720 4153 877 4209 solerti
905 4146 1062 4199 studio
1085 4159 1179 4192 non
1200 4141 1435 4189 inferiores
1451 4145 1545 4185 sint
1573 4152 1657 4184 an-

649 4222 797 4290 ‚tiqiiis
826 4215 994 4285 poetis,
1017 4209 1099 4272 qui
1128 4205 1379 4256 honoribus
1399 4202 1658 4273 opibusque

652 4285 938 4339 adfluebant-
994 4278 1074 4325 72.
1093 4275 1275 4335 antiquo
1291 4270 1521 4340 cothurno,
1544 4281 1659 4330 pris-

653 4356 724 4403 cis
753 4348 900 4417 poetis
930 4339 1133 4407 tragicis,
1153 4354 1242 4387 non
1274 4337 1433 4388 aanor,
1457 4331 1663 4387 inferior,

1692 1885 1765 1933 vel
1797 1882 1964 1947 grandi
1995 1896 2164 1947 genere
2191 1878 2433 1944 loquendi.
2452 1915 2457 1928 ,f
2545 1880 2581 1927 f.
2599 1896 2702 1945 sup.

1695 1947 1756 1996 ad
1792 1949 1882 1997 VI.
1906 1948 2018 1996 506.
2084 1946 2323 1993 Rubrenus
2352 1945 2529 2007 Lappa,
2565 1953 2701 2009 poeta

1694 2011 1824 2060 haud
1856 2011 2000 2060 dubie
2035 2009 2238 2074 tragicus
2268 2017 2319 2057 et
2359 2024 2456 2073 pau
2519 2025 2541 2057 r
2580 2008 2703 2057 illius

1694 2075 2196 2189 ffifffflussessffffl
2249 2089 2344 2122 ”⁰¹¹
2396 2073 2460 2121 ²¹³
2497 2074 2529 2130 ”
2580 2072 2700 2137 ‘¹³⁰⁶

1763 2206 1840 2253 73.
1875 2206 1981 2277 Hoc
2013 2203 2244 2269 exquisite
2275 2217 2334 2251 ac
2359 2201 2500 2251 docte
2529 2202 2701 2278 dictum

1697 2268 2134 2390 ξοἜὺῑιΡῗῖυωἙὶΤ
2155 2268 2581 2398 ρέἶέῥᾜωῗῖἱῗ
2587 2268 2704 2396 ὼωῗ.

1700 2400 1763 2446 V.
1777 2396 1882 2459 88.)
1895 2405 1944 2445 et
1964 2400 2144 2453 loenam,
2158 2398 2233 2462 (v.
2246 2395 2309 2444 ad
2319 2396 2425 2445 ΙΙΙ.
2442 2396 2586 2459 283.)
2602 2396 2650 2444 h.
2664 2410 2704 2443 e.

1702 2462 2044 2527 supellectilem
2075 2478 2227 2519 suam,
2258 2463 2487 2526 pig-uerat,
2507 2460 2555 2508 h.
2576 2477 2618 2510 e.
2648 2462 2703 2508 ob

1703 2534 2028 2592 paupertatem
2075 2525 2381 2591 obpignerare
2424 2525 2621 2589 cogitur,
2659 2531 2708 2573 ut

1704 2591 1928 2639 alimenta
1960 2599 2104 2642 emat.
2167 2594 2331 2638 Atreus
2366 2591 2600 2653 tragoedia
2636 2589 2707 2651 vel

1704 2656 1808 2720 ejus
1840 2656 2021 2713 titulus,
2046 2664 2102 2703 ut
2127 2658 2295 2720 Agave,
2319 2656 2531 2715 Pelopea,
2564 2656 2708 2702 Phiio-

1707 2723 1821 2769 mela
1852 2719 1937 2768 inf.
1971 2738 2018 2769 v.
2052 2721 2130 2768 87.
2173 2725 2220 2767 et
2252 2720 2336 2767 92.
2371 2719 2444 2767 vel
2488 2720 2707 2780 Telephus,

1712 2785 1895 2843 Orestes,
1916 2793 1965 2833 et
1987 2785 2147 2832 Tereus
2166 2798 2270 2847 sup.
2293 2784 2338 2830 I.
2357 2785 2407 2830 5.
2425 2786 2474 2831 6.
2497 2784 2620 2832 VII.
2642 2784 2708 2830 12.

1702 2850 1874 2898 ‘Atreus
1886 2852 2095 2914 pignerat
2113 2849 2273 2895 loeuam
2288 2846 2521 2910 exquisite
2534 2847 2711 2903 dicitur,

1712 2922 1765 2962 ut
1796 2913 1880 2962 inf.
1899 2930 1946 2961 v.
1973 2915 2082 2962 135.
2111 2928 2320 2974 purpura
2350 2914 2505 2960 vendit
2529 2912 2710 2960 causidi-

1711 2995 1831 3035 cum,
1852 2979 1902 3026 h.
1924 2993 1969 3026 e.
2009 2977 2060 3024 in
2097 2991 2242 3025 causa
2274 2983 2361 3032 est,
2395 2976 2473 3024 vel
2507 2976 2635 3032 facit,
2664 2982 2713 3022 ut

1713 3043 1976 3091 causidicus
2007 3040 2157 3106 pretio
2175 3039 2480 3089 conducatur.
2551 3039 2711 3089 Simili·

1710 3113 1779 3155 ter
1811 3108 1906 3155 sere
1931 3105 2015 3153 inf.
2039 3123 2082 3154 v.
2102 3107 2184 3154 92.
2248 3105 2502 3170 Proefactoe
2533 3106 2715 3166 Pelopea

1696 3172 1841 3236 facit,
1865 3171 2116 3219 Philomela
2139 3169 2364 3217 Tribunos·

1777 3237 1985 3283 74-78.
2018 3234 2246 3291 Numitor,
2269 3233 2319 3281 h.
2341 3249 2389 3281 e.
2422 3233 2634 3282 Romani
2652 3231 2715 3280 di-

1714 3296 1832 3348 vites
1852 3299 2123 3363 nobilesque
2144 3297 2233 3360 (cf.
2253 3297 2337 3346 inf.
2359 3297 2423 3346 ad
2444 3298 2601 3347 VIII.
2615 3297 2717 3360 93.)

1713 3363 1845 3428 parci
1876 3371 1986 3411 sunt
2017 3378 2073 3411 ac
2090 3361 2264 3410 sordidi
2295 3361 2347 3410 in
2367 3365 2547 3420 amicos,
2567 3370 2721 3428 poetas

1716 3427 1923 3491 aliosque
1962 3426 2159 3476 clientes
2194 3434 2244 3476 et
2278 3427 2403 3474 viros
2440 3426 2606 3482 bonos,
2643 3425 2717 3476 sed

1716 3492 1898 3556 prodigi
1910 3493 1961 3540 in
1975 3493 2208 3540 Venerem
2221 3507 2277 3540 ac
2288 3491 2572 3556 voluptates.
2593 3491 2717 3541 Idem

1719 3557 1848 3607 valet
1885 3555 1945 3605 de
1985 3556 2312 3615 Numitoribus
2352 3563 2525 3603 nosti-m
2561 3555 2721 3604 aetatis.

1716 3621 1883 3686 Infelix
1905 3622 1942 3670 ω’
1964 3621 2120 3674 υνικὸς
2150 3620 2319 3669 dicitur
2339 3618 2471 3669 dives
2491 3620 2721 3675 Numitor,

1715 3685 1797 3748 qui
1817 3695 1866 3734 et
1884 3685 1935 3732 in
1954 3685 2047 3734 elix
2066 3700 2181 3733 sane
2200 3685 2290 3734 suit
2371 3700 2530 3743 κῆνοι-ευ
2544 3683 2720 3748 judicio

1715 3757 1764 3799 et
1784 3767 1873 3799 usu
1895 3767 2053 3816 opum.
2073 3766 2119 3798 v.
2141 3748 2203 3797 ad
2222 3750 2299 3798 VI
2331 3749 2376 3797 Ι.
2392 3750 2472 3797 93.
2531 3749 2721 3805 Quintil-

1718 3816 1788 3872 lae,
1810 3814 1989 3871 amicae,
2011 3813 2258 3863 meretrici.

1786 3881 1865 3927 76.
1899 3878 2085 3927 Divites
2106 3877 2312 3927 Romani
2339 3877 2579 3927 inmensos
2605 3892 2722 3927 sum·

1722 3952 1799 3991 tus
1831 3943 2085 4018 inpendere
2114 3943 2328 4001 solebant
2358 3942 2408 3989 in
2441 3942 2568 4001 feras
2598 3956 2721 3992 man-

1722 4007 2045 4057 suefaciendas
2075 4015 2124 4055 et
2160 4008 2209 4055 in
2243 4005 2430 4056 vivariis
2463 4007 2546 4056 vel
2579 4004 2724 4057 caveis

1722 4072 1997 4138 pascendas.

1714 4194 1719 4195 ⁷
1788 4138 1865 4185 77.
1890 4137 1966 4184 78.
2001 4137 2173 4186 Facete
2193 4144 2242 4187 et
2263 4138 2562 4192 emuniit:
2586 4137 2725 4184 Poeta

1724 4217 1817 4248 non
1838 4210 1936 4250 tam
1958 4201 2122 4266 paucis
2142 4202 2377 4251 sumtibus
2394 4201 2464 4250 ali
2495 4206 2662 4267 potest,
2678 4203 2724 4246 et

1723 4265 1831 4329 plus
1858 4266 2077 4322 comedit,
2098 4283 2242 4330 quam
2278 4268 2373 4320 leo.
2439 4266 2728 4315 Nimirum&-

1723 4345 1826 4394 sup.
1847 4329 1909 4378 ad
1927 4329 1999 4379 ΙΙ.
2022 4332 2129 4380 104.
2470 4358 2473 4361 -
