2978 4920
598 331 726 397 346

1310 293 2009 392 JUVENALIs

697 629 969 744 QUIS
1000 650 1219 729 nescit,
1251 648 1472 713 Volusi
1508 648 1872 735 Bithynice,
1903 647 2121 733 qualia
2149 646 2407 744 demens

697 757 1030 841 AEgyptus
1057 765 1352 839 portenta
1379 750 1593 815 colat?
1642 749 2025 841 Crocodilon
2052 749 2276 815 adorat

698 856 856 920 Pars
883 855 1056 918 haec:
1104 854 1212 917 illa
1240 863 1431 939 pavet
1463 863 1743 916 saturam
1769 849 2170 947 serpentibus
2198 848 2354 912 ibin.

679 1049 753 1096 Ex
804 1056 1079 1113 argumento
1129 1048 1420 1112 intelligitur,
1473 1055 1625 1113 poetae

611 1113 860 1161 eonsilium
876 1129 969 1161 non
990 1129 1046 1161 eo
1061 1112 1355 1177 potissimum
1374 1120 1626 1177 spectasse,

601 1185 667 1224 ‘ut
701 1178 971 1240 religionem
1011 1178 1082 1225 vel
1121 1178 1498 1241 superstitionem
1539 1177 1627 1223 AE-

612 1241 877 1305 gyptiorum
930 1241 1177 1297 derideret,
1216 1241 1300 1289 sed
1348 1249 1402 1288 ut
1452 1240 1624 1303 insigni

612 1306 879 1353 ostenderet
930 1305 1162 1369 exemplo,
1203 1304 1470 1353 diversitate
1518 1304 1624 1351 reli-

616 1369 767 1432 gionis
803 1369 944 1434 hujus
983 1369 1146 1437 populi
1187 1368 1468 1432 inexpiabile
1508 1384 1625 1415 non-

615 1448 874 1496 numquam
905 1433 1064 1481 odium
1102 1441 1151 1481 et
1187 1432 1449 1481 inauditam
1487 1431 1623 1481 inhu-

616 1497 892 1563 manitatem
911 1498 1056 1562 gigni.
1095 1497 1157 1544 In
1179 1497 1282 1562 ipsa
1302 1497 1455 1545 Satira
1478 1497 1553 1560 (in
1589 1512 1626 1544 r.

613 1559 665 1607 in
696 1569 931 1626 postrema
960 1561 1062 1634 ejus
1085 1570 1225 1635 ‘parte
1247 1577 1293 1608 v.
1327 1514 1627 1636 1297-175.)

547 1687 554 1700 X
615 1639 789 1688 magna
800 1634 882 1700 'est
901 1635 1126 1699 orationis
1145 1640 1217 1675 vis
1237 1633 1627 1699 segunnam-rer

617 1698 1225 1811 fitivfssssszssijiififfl
1238 1697 1627 1828 5333321'3333:

618 1825 763 1865 ratur.
827 1820 906 1866 De
929 1826 1152 1883 tempore,
1175 1832 1268 1880 quo
1290 1832 1395 1866 eam
1429 1833 1624 1883 scripse·-

617 1881 680 1928 rit
704 1881 966 1938 Juvenalis,
989 1899 1037 1931 v.
1060 1881 1122 1930 ed
1146 1899 1191 1929 v.
1213 1884 1296 1930 27.
1330 1882 1499 1929 Minus
1515 1895 1627 1929 con-

616 1952 728 2002 stat,
749 1961 845 2008 qua
863 1945 1123 2002 occasione,
1146 1953 1194 1993 et
1215 1961 1309 2007 quo
1332 1946 1438 1996 1000
1454 1946 1545 1994 scri
1581 1954 1631 1996 ta

616 2008 706 2065 sit;
740 2025 854 2058 num
889 2009 1096 2073 Crispini
1127 2007 1363 2073 xAEgyptii,
1388 2011 1461 2073 (v.
1496 2024 1524 2056 a
1585 2012 1629 2059 I.

618 2070 699 2119 26.
720 2087 769 2119 se
805 2107 817 2119 .
838 2079 885 2120 et
907 2073 1000 2121 IV.
1036 2075 1080 2119 l.
1103 2077 1228 2136 seq.)
1264 2088 1325 2121 an
1348 2069 1537 2121 Paridis
1559 2073 1632 2139 (v.

620 2133 680 2181 ad
718 2137 762 2184 V
797 2137 839 2184 I.
871 2137 949 2184 87.
987 2137 1113 2200 seq.)
1146 2134 1271 2192 odio,
1309 2145 1356 2186 et
1392 2146 1549 2186 utrum
1582 2137 1633 2186 in

617 2199 848 2263 AEgypto,
899 2208 1110 2265 tempore
1159 2201 1329 2258 exsilii,
1370 2217 1450 2260 an,
1505 2202 1634 2266 quod

617 2263 908 2327 probabilius
937 2274 1025 2321 est,
1061 2265 1260 2314 Romoe:
1303 2280 1415 2320 nam
1448 2282 1632 2322 versum

620 2328 684 2376 45
718 2328 861 2376 etiam
895 2328 957 2377 ad
991 2344 1140 2379 annos
1181 2328 1434 2382 ‘uventutis
1469 2331 1636 2381 referre

622 2389 747 2502 Ιίεὲεῐ3
770 2395 942 2456 quibus
974 2403 1115 2459 poeta
1140 2345 1405 2463 Aigyptum
1438 2395 1636 2443 lustrare

652 2472 679 2503 ο
701 2464 786 2504 uit.
885 2468 890 2475 ’

614 2471 650 2520 p
690 2523 732 2569 1.
756 2519 834 2569 Cf.
858 2520 962 2570 Cio.
983 2523 1127 2573 Tusc.
1149 2524 1247 2581 Qu.
1269 2522 1334 2572 V.
1354 2525 1436 2572 27.
1456 2524 1540 2588 qui
1559 2532 1632 2574 ta-

619 2597 729 2633 men
762 2586 917 2636 minus
937 2589 1109 2649 ‚acerbe
1142 2586 1363 2652 loquitur.
1433 2589 1637 2643 Volusius

623 2648 907 2712 Bithynicus,
932 2668 960 2700 e
991 2652 1221 2726 Bithynia
1251 2651 1493 2708 oriundus,
1519 2653 1635 2701 arni·

619 2727 703 2760 cus
724 2714 757 2762 J
759 2713 989 2771 uvenalis,
1012 2716 1148 2764 nobis
1177 2716 1379 2779 ignotus.
1444 2718 1495 2765 2.
1522 2718 1635 2764 Par·

620 2785 760 2833 tenta,
794 2794 900 2841 quae
933 2789 1127 2827 monstra
1162 2781 1311 2827 Deam
1342 2779 1461 2827 dixit
1495 2780 1628 2846 Virg.

617 2843 735 2889 AEn.
759 2843 911 2890 VIII.
931 2844 1043 2890 698.
1078 2844 1219 2892 Conf.
1241 2843 1438 2893 Lucian.
1471 2845 1533 2893 de
1554 2860 1629 2893 sa-

614 2906 758 2954 crific.
777 2921 819 2954 c.
846 2908 921 2955 14.
946 2909 1023 2970 15.
1056 2907 1139 2956 ubi
1173 2907 1275 2956 ha’c
1308 2916 1525 2972 portenta
1544 2910 1629 2959 de-

616 2985 750 3024 orum
781 2971 916 3018 ridet.
980 2971 1163 3020 Eadem
1185 2987 1294 3022 vero
1326 2971 1468 3020 etiam
1492 2973 1633 3025 India

614 3033 785 3081 coluit:
822 3049 976 3099 neque
990 3038 1233 3085 dementior
1251 3037 1317 3084 AE
1352 3034 1469 3102 ypti,
1489 3053 1633 3101 quam

618 3098 821 3144 Graeciae
848 3108 895 3146 et
919 3099 1104 3155 Romae,
1124 3098 1287 3164 religio
1338 3100 1423 3157 uit,
1447 3103 1507 3150 ob
1530 3102 1632 3149 cul-

613 3168 714 3206 tum
736 3161 1027 3211 animalium.
1081 3165 1162 3213 De
1182 3179 1275 3227 quo
1295 3164 1487 3228 ejusque
1509 3181 1622 3214 cau-

611 3223 675 3270 sis
714 3240 761 3271 v.
802 3226 999 3277 Lucian.
1034 3226 1095 3275 de
1132 3229 1350 3290 astrolog.
1392 3243 1436 3282 c.
1478 3232 1625 3281 5—7.

610 3287 839 3339 Herodot.
861 3289 930 3351 II.
952 3291 1160 3339 65—76.
1182 3292 1215 3340 J
1218 3291 1432 3339 ablonski
1448 3293 1625 3344 Panth.

615 3354 728 3416 AEg.
754 3353 846 3402 IV.
868 3352 915 3401 4.
935 3354 996 3402 T.
1019 3352 1091 3402 11.
1112 3372 1161 3420 p.
1182 3354 1295 3403 260.
1318 3370 1368 3402 se
1405 3388 1417 3400 .
1442 3365 1489 3403 et
1511 3358 1623 3406 Pro-

614 3417 707 3480 leg.
724 3433 774 3482 p.
801 3419 1006 3468 19—23.
1032 3426 1080 3468 et
1096 3419 1304 3468 83-87.
1326 3419 1384 3483 (u
1420 3418 1430 3429 '
1450 3430 1624 3480 monet,

617 3481 858 3539 animalia,
889 3490 988 3531 tam
1026 3484 1137 3532 viva
1171 3498 1316 3547 quam
1347 3484 1625 3543 inanimata,

614 3545 806 3593 deorum
838 3554 1024 3596 tantum
1045 3547 1266 3612 symbola
1289 3547 1466 3612 fuisse)
1497 3551 1626 3600 Mei-

612 3622 718 3655 ners
749 3611 1004 3671 Grundriss
1032 3612 1082 3662 d.
1118 3612 1296 3660 Gesch.
1321 3614 1437 3661 aller
1464 3614 1626 3678 Relig.

612 3686 663 3734 p.
680 3674 759 3719 32.
772 3689 902 3736 seqq.
923 3676 999 3724 ed.
1017 3692 1111 3725 sec.
1130 3677 1154 3723 1
1190 3692 1244 3724 sa
1260 3693 1446 3751 quoque
1466 3677 1626 3728 Roma

612 3735 945 3810 AEgyptiorum
967 3755 1102 3789 sacra
1123 3693 1338 3789 affscivit.
1390 3743 1626 3800 Quaedam

612 3806 771 3847 autern
804 3802 1029 3850 animalia
1060 3805 1121 3851 ab
1153 3805 1371 3859 omnibus
1401 3807 1626 3860 coleban-

611 3868 687 3909 tur
720 3863 977 3927 AEgyptiiS,
1002 3881 1027 3913 e
1049 3870 1341 3917 terrestribus
1362 3870 1463 3927 boS,
1486 3871 1621 3928 seles,

612 3926 776 3986 canis;
810 3941 866 3974 ex
888 3930 1173 3990 aquatilibus
1203 3931 1454 3997 lepidotus,
1479 3934 1620 3991 lutra,

611 3992 823 4103 alriguilla
838 3999 929 4103 cet).
949 4008 976 4040 e
982 3993 1510 4106 J⁰latfflbu⁵1·a⁰‘³i¹}iter
1518 4009 1621 4071 eet.

609 4071 639 4103 a
659 4072 706 4104 ia
742 4072 773 4104 a
811 4071 891 4119 qur
926 4072 981 4104 us
1017 4073 1093 4104 am
1129 4073 1254 4122 popu
1276 4075 1331 4114 is,
1371 4077 1401 4108 u
1456 4076 1557 4108 ovis
1592 4079 1622 4111 a

1691 1060 1818 1110 saepe
1840 1045 2018 1101 odium,
2039 1046 2181 1102 rixas,
2203 1044 2357 1093 caedes
2384 1060 2440 1094 ac
2461 1044 2594 1093 bella
2627 1059 2702 1109 pe·

1690 1110 1813 1174 perit
1828 1127 1842 1168 ;
1892 1110 2033 1173 quale
2064 1108 2154 1157 fuit
2184 1108 2363 1164 odium,
2396 1108 2544 1172 idque
2574 1117 2703 1158 vetus

1691 1181 1741 1221 et
1760 1174 2026 1228 inmortale,
2048 1188 2106 1221 ac
2131 1174 2309 1221 bellum
2341 1174 2464 1222 inter
2500 1174 2704 1236 Tentyri-
2800 1203 2809 1204 ff

1689 1247 1756 1284 tas
1788 1244 1931 1301 atque
1967 1238 2162 1285 Ombitas
2194 1245 2362 1292 ortum,
2382 1237 2511 1301 quod
2544 1238 2629 1285 inf.
2658 1253 2700 1284 v.
2746 1289 2751 1292 ,

1689 1303 1768 1350 33.
1806 1317 1935 1365 seqq.
1969 1300 2262 1350 describitur.
2327 1301 2491 1350 Simile
2526 1302 2701 1350 bellum

1690 1380 1777 1413 sua
1808 1373 1946 1413 oetate
1979 1364 2209 1414 exstitisse
2242 1373 2468 1414 memorat
2490 1366 2623 1414 Plut.
2640 1365 2698 1413 de

1692 1430 1759 1477 Is.
1781 1437 1830 1477 et
1863 1427 1987 1477 Osi'r.
2013 1430 2142 1505 Opp.
2168 1430 2232 1479 T.
2254 1430 2331 1477 II.
2349 1446 2399 1495 p.
2421 1431 2539 1478 380.
2609 1430 2701 1477 Ro-

1689 1494 1842 1542 manis
1883 1509 2070 1557 quoque
2103 1493 2216 1557 ipsis
2258 1493 2536 1557 aliquando,
2570 1493 2702 1541 simili

1690 1558 1751 1631 de
1768 1573 1929 1631 causa,
1952 1558 2175 1606 adversus
2199 1558 2456 1623 AEgyptins
2470 1573 2621 1632 ‘arma
2633 1559 2705 1608 fua

1689 1622 2040 1736 ιίῗοέἓῖθῖῗῖ
2050 1621 2703 1750 (ὲῖἓέἒιιὶῗέἕὲῗῆῗὲῗζ

1691 1758 1808 1799 extr.
1840 1749 1980 1798 Idem
2002 1750 2284 1798 Plutarchus
2307 1750 2338 1797 l.
2374 1766 2418 1799 c.
2441 1756 2490 1800 et
2512 1748 2704 1799 Diodor.

1692 1814 1762 1861 11.
1784 1817 1832 1863 4.
1857 1814 2066 1870 tradunt,
2087 1814 2262 1879 priseos
2277 1829 2431 1879 reges,
2453 1815 2706 1863 rebellante

1693 1878 1961 1943 frequenter
1991 1880 2182 1944 populo,
2205 1881 2472 1944 AEgyptum
2498 1879 2706 1932 divisisse

1693 1942 1743 1994 in
1779 1944 1932 1994 varias
1966 1952 2139 2009 partes,
2179 1943 2472 2007 singulisque
2508 1943 2704 2002 edixisse

1694 2022 1801 2070 quae
1839 2011 2089 2074 separatim
2127 2008 2335 2056 colerent
2378 2008 2624 2064 animalia,
2658 2014 2705 2056 'ut

1697 2069 1818 2120 inter
1855 2089 1905 2121 se
1937 2071 2216 2121 dissidentes
2255 2086 2350 2119 non
2383 2070 2435 2119 in
2469 2071 2707 2136 Principes

1697 2136 2036 2201 conspirarent.
2120 2138 2169 2185 2.-
2227 2136 2477 2184 Crocodilon
2542 2139 2707 2193 adorat,

1696 2201 1810 2263 quia
1842 2208 1890 2249 et
1932 2203 2200 2265 AEgyptum
2235 2213 2452 2250 securum
2482 2209 2708 2266 prestant

1697 2264 1759 2313 ab
1797 2264 1991 2314 Arabiae
2023 2265 2286 2334 Libyarque
2319 2265 2605 2322 latronibus,
2637 2266 2706 2329 qui

1701 2336 1830 2376 metu
1862 2329 2027 2377 horum
2063 2328 2336 2377 animalium
2366 2329 2607 2394 perterriti
2630 2329 2709 2377 Ni·

1701 2392 1800 2440 lum
1842 2393 2058 2458 trajicere
2100 2407 2195 2441 non
2236 2400 2485 2450 conantur,
2527 2403 2579 2442 et
2612 2394 2710 2443 Me·

1698 2473 1813 2570 3:2²:
1846 2459 2110 2571 3553ssss
2139 2456 2407 2571 ῗίἲὲξὲἳωῗ*
2429 2457 2711 2589 qim

2376 2559 2394 2584 ‚
2464 2574 2467 2575 γ
2691 2552 2708 2561 -

1698 2602 1783 2636 nes
1811 2586 1962 2636 adfert
1996 2586 2195 2639 Diodor.
2229 2588 2303 2644 II.
2336 2590 2387 2637 4.
2459 2589 2709 2651 Crocodilon

1699 2655 1856 2699 adm‘at
1871 2668 1976 2713 pars
1992 2653 2081 2699 haec
2101 2650 2320 2716 AEgypti,
2340 2669 2386 2700 v.
2405 2668 2450 2700 c.
2506 2650 2711 2700 raefectu-

1700 2730 1754 2763 ra
1786 2715 2147 2772 Arsinoitarum,
2172 2718 2245 2777 (v.
2268 2715 2423 2764 Strab.
2512 2717 2636 2764 VII.
2668 2734 2712 2782 p.

1693 2779 1834 2840 558.)
1872 2788 1921 2828 et
1957 2779 2038 2843 qui
2077 2779 2139 2827 ad
2181 2779 2393 2828 Nomum
2432 2780 2710 2828 Thebanum

1694 2843 2009 2907 pertinebant,
2039 2845 2112 2907 (v.
2144 2843 2376 2892 Herodot.
2410 2845 2488 2893 11.
2518 2847 2632 2909 69.)
2662 2854 2711 2894 ut

1697 2907 1897 2965 Ombitae,
1919 2908 2002 2971 qui
2034 2906 2261 2970 religiosis
2293 2923 2376 2959 eos
2406 2910 2630 2965 colebant
2658 2910 2713 2957 ri-

1694 2970 1839 3029 tibus,
1861 2981 1909 3020 et
1932 2972 2106 3021 liberos
2139 2987 2247 3021 suos
2278 2974 2341 3021 ab
2372 2972 2472 3020 illis
2503 2973 2711 3023 devorari

1695 3035 1859 3084 honori
1877 3036 1966 3085 sibi
1988 3035 2241 3084 ducebant.
2263 3039 2339 3101 (v.
2356 3037 2547 3086 AEliani
2568 3039 2633 3085 H.
2651 3039 2712 3086 A.

1698 3100 1762 3146 X.
1782 3101 1864 3148 21.
1887 3107 1936 3149 et
1953 3102 2063 3163 24.)
2082 3100 2280 3149 Δ(ἶοιιῑτο,
2302 3102 2551 3165 Tentyritae
2567 3118 2649 3151 eos
2663 3111 2712 3150 ut

1686 3162 1843 3212 hostes
1872 3172 2232 3229 persequuntur,
2253 3175 2301 3213 et
2329 3166 2437 3213 sola
2467 3181 2585 3216 voce
2620 3174 2708 3215 ter-

1674 3235 1809 3283 rent,
1850 3228 1986 3278 dorso
2028 3229 2174 3277 etiam
2188 3272 2197 3285 ,
2213 3229 2535 3293 equitantium
2571 3232 2708 3285 modo

1687 3291 1893 3358 inpositi,
1928 3290 2093 3342 addita
2123 3292 2173 3340 in
2202 3309 2255 3341 os
2285 3295 2446 3350 clava,
2481 3301 2536 3344 ut
2569 3294 2710 3344 frenis

1688 3354 1738 3404 in
1771 3365 1940 3405 terram
1974 3364 2122 3419 agunt
2153 3358 2382 3421 captivoS,
2404 3359 2446 3406 si
2473 3358 2595 3408 fides
2625 3359 2708 3408 ha-

1688 3420 1850 3469 benda
1870 3421 1994 3469 Plin.
2016 3421 2169 3470 VIII.
2187 3423 2269 3470 25.
2291 3437 2330 3470 s.
2352 3425 2437 3472 38.
2461 3423 2712 3473 XXVIII.

1691 3487 1740 3534 3.
1773 3501 1813 3534 s.
1846 3486 1894 3533 6.
1935 3485 2132 3541 AEliam
2165 3485 2198 3532 l.
2226 3486 2264 3534 1.
2298 3486 2410 3550 (qui
2445 3487 2716 3552 accipitrem

1690 3564 1880 3613 quoque
1931 3551 1994 3607 ab
2035 3548 2205 3608 iisdem
2245 3550 2355 3608 ooli,
2400 3552 2464 3599 ab
2512 3552 2719 3601 Ombitis

1691 3629 1801 3662 vero
1817 3612 2026 3678 crucifigi
2046 3613 2212 3676 tradit)
2235 3615 2402 3680 Steph.
2427 3616 2551 3679 Byz.
2571 3625 2622 3666 et
2644 3618 2705 3665 al.

1688 3680 1691 3681 ’
1756 3679 1804 3726 3.
1835 3677 1934 3734 illa,
1961 3674 2058 3727 alia
2121 3693 2211 3734 ars,
2236 3676 2451 3743 adeoque
2484 3695 2588 3729 non
2621 3688 2717 3729 tota

1692 3739 1950 3807 AEgyptus,
1973 3758 2037 3805 qu
2134 3742 2215 3790 alii
2246 3750 2529 3792 memorant.
2565 3757 2710 3807 pauet,

1689 3805 1907 3870 religiose
1938 3806 2080 3855 colit:
2115 3820 2228 3854 nam
2245 3807 2415 3870 religio
2449 3823 2582 3873 srepe
2602 3810 2718 3858 dici·

1687 3876 1762 3917 tur
1780 3886 1932 3931 pavor,
1957 3880 2111 3933 metus,
2132 3873 2279 3928 timor,
2290 3872 2508 3933 formido,
2533 3875 2705 3930 horror,

1685 3945 2006 4012 δεισιδαιμονία,
2060 3945 2217 4005 ἿΠΒ,
2264 3949 2584 4013 Gotteficrcht
2627 3957 2716 3998 cet.

1685 4013 1909 4074 quoniam
1940 4013 2144 4062 ferarum
2177 4013 2388 4077 gentium
2416 4013 2588 4077 religio
2615 4030 2709 4063 me·

1685 4084 1737 4124 tu
1766 4078 1918 4141 magis
1950 4093 2093 4142 quam
2132 4093 2289 4127 amore
2323 4077 2476 4126 divini
2504 4078 2714 4127 numinis

609 4120 754 4168 Saitis
784 4128 832 4168 et
863 4120 1121 4177 Thebanis,
1142 4137 1287 4231 capra
1318 4130 1365 4171 et
1396 4123 1556 4173 hircus
1590 4141 1621 4174 a
1682 4141 1963 4190 continetur,
2030 4144 2140 4197 [ln-3,
2165 4141 2266 4191 avis
2298 4140 2495 4191 ciconia
2529 4143 2632 4192 fere
2654 4141 2714 4190 gi-

608 4184 667 4230 M
670 4184 888 4240 endesiis,
912 4185 1073 4248 aquila
1095 4201 1125 4233 a
1151 4186 1193 4233 T

608 4247 977 4321 Lycopolitanis,
998 4249 1357 4362 hippopptamus
1380 4267 1421 4325 a·
1438 4254 1619 4328 Papre-

606 4319 734 4359 mitis
774 4320 864 4361 cet.
940 4314 1059 4362 Haec
1096 4331 1145 4364 re
1168 4331 1335 4380 igionis
1375 4316 1620 4368 diversitas

733 4464 758 4493 Q

1228 4186 1408 4242 ebani&
1426 4188 1571 4253 JUPUS
1593 4207 1621 4239 a
1686 4204 1811 4252 milis
1842 4212 1893 4253 et
1923 4205 2172 4255 utilissima
2205 4207 2272 4253 AE

2372 4206 2468 4263 tiis,
2491 4207 2612 4269 quia
2641 4222 2714 4254 ra·

1685 4284 1788 4325 naS,
1809 4278 2064 4334 serpenteS,
2096 4270 2314 4325 bruchos,
2357 4277 2567 4328 ocustas,
2594 4270 2712 4319 alia·

1685 4348 1778 4396 que
1827 4334 2006 4384 insecta
2047 4343 2096 4383 et
2140 4334 2383 4400 amphibia
2436 4335 2707 4389 innumera,
