2978 4920
596 307 698 372 82

1307 299 1975 369 JUVENALIS

685 476 803 542 Ille
833 475 1240 565 supercilium
1267 475 1527 540 madida
1553 474 1826 561 fuligine·
1848 486 2091 539 tactum

681 577 964 665 Obliqua
990 576 1286 664 producit
1312 599 1456 654 acu,
1487 575 1825 663 pingitque
1855 587 2193 640 trementes

674 678 1020 744 Adtollens
1048 677 1300 743 oculos:
1344 677 1548 742 vitreo
1576 678 1743 742 bibit
1772 677 1878 745 ille
1908 677 2164 764 Priape,

2593 678 2677 765 95

682 781 1179 868 Reticulumque
1209 780 1728 887 cofflislauratum
1757 779 2123 866 ingentibus
2148 778 2372 865 inplet,
2469 858 2472 861 Ι

683 882 977 947 Caerulea
1003 882 1268 947 indutus
1285 872 1617 968 scutulata
1644 894 1763 945 aut
1787 881 2057 967 galbana
2085 904 2247 959 rasa,

595 1130 739 1164 mum
771 1118 920 1171 culta.
943 1124 994 1163 et
1025 1117 1198 1164 deinde
1229 1117 1280 1163 in
1314 1118 1601 1179 Phrygiam,

596 1183 709 1245 inde
746 1195 860 1228 vero
903 1183 1121 1228 Athenas
1164 1184 1426 1241 translata3
1454 1184 1604 1228 'unde

596 1246 645 1295 li.
665 1245 701 1294 1.
735 1249 825 1294 dea
848 1246 1085 1307 Cecropio,
1117 1246 1167 1294 h.
1197 1261 1240 1293 e.
1272 1247 1604 1304 Atheniensis,

596 1319 810 1359 vocatur.
890 1312 969 1357 Ab
1015 1325 1071 1356 ea
1101 1313 1226 1358 forte
1259 1326 1355 1358 non
1391 1313 1601 1369 diversa,

596 1384 726 1424 certe
741 1378 784 1423 ei
802 1376 975 1423 similis
995 1378 1149 1435 cotys,
1171 1374 1330 1432 Κὸτυς.
1345 1377 1605 1423 libidinum

598 1441 722 1495 Dea,
736 1456 764 1488 a
783 1441 1046 1487 Corinthiis
1067 1448 1116 1486 et
1139 1442 1272 1487 Chiis
1290 1442 1437 1494 culta,
1456 1455 1485 1487 a
1508 1454 1603 1498 qua

595 1502 744 1552 homo
759 1506 920 1552 mollis
939 1512 989 1550 et
1005 1506 1312 1552 effeminatus
1330 1504 1489 1557 Χία-νος
1513 1506 1607 1551 θια-

595 1568 760 1625 n'urne,
785 1572 948 1629 Cotym
967 1570 1154 1626 sodalis,
1181 1571 1339 1616 dictus
1372 1578 1602 1629 putatur3

596 1636 692 1681 nisi
718 1635 845 1681 forte
874 1636 1265 1692 et-proverbium
1299 1636 1390 1680 hoc
1420 1641 1470 1680 et
1503 1636 1608 1694 ipsa

596 1701 702 1746 Dea
723 1699 957 1757 originem
980 1698 1122 1742 debet
1140 1698 1303 1758 Cotyi,
1318 1699 1609 1745 libidinosis-

596 1766 723 1810 simo
742 1760 968 1808 Thraciae
1001 1761 1120 1821 regi,
1144 1764 1204 1808 de
1234 1778 1332 1823 quo
1353 1777 1399 1808 v.
1424 1765 1607 1811 Athen.

595 1828 719 1874 xn.
739 1827 787 1874 8.
812 1826 893 1875 ef.
906 1826 995 1872 loc.
1013 1828 1158 1874 elasa.
1173 1827 1328 1874 Strab.
1344 1828 1407 1873 X.
1429 1842 1475 1887 p.
1493 1826 1604 1874 470.

596 1895 681 1939 al.-
705 1892 818 1941 721.
857 1891 919 1938 Β.
954 1888 1004 1936 et
1036 1892 1306 1940 Mitscherl.
1333 1895 1395 1938 ad
1431 1893 1603 1939 Horat.

597 1957 752 2018 Epod.
767 1955 928 2003 xvn.
940 1954 1021 2003 56.
1035 1956 1157 2001 toeda
1169 1963 1357 2015 secreta,
1369 1964 1605 2002 nocturna

598 2035 637 2067 s.
659 2023 886 2082 mystica,
910 2022 1103 2079 qualem
1135 2024 1388 2080 gestabant
1420 2017 1608 2082 δαδῦχοι

598 2088 648 2132 in
674 2085 954 2132 Eleusiniis.
990 2085 1118 2130 soliti
1137 2086 1312 2131 lassare
1332 2087 1484 2145 ipsam
1518 2090 1605 2132 Co-

596 2154 731 2210 τρέω,
765 2149 907 2208 cujus
944 2155 1108 2195 tamen
1142 2146 1292 2195 libido
1322 2151 1607 2195 insatiabilis

596 2221 687 2261 est.
750 2215 913 2267 Poeta,
959 2215 1146 2272 opinor,
1187 2214 1344 2273 fingit,
1386 2215 1607 2260 homines

597 2279 787 2325 istosin
809 2279 962 2324 foedas
994 2279 1214 2324 libidines
1246 2281 1365 2324 adeo
1398 2293 1449 2324 se
1477 2292 1605 2324 mer—

595 2357 726 2404 gere,
738 2350 793 2388 ut
805 2343 909 2401 ipsa
929 2338 1124 2407 Cotytto
1136 2355 1302 2388 eorum
1322 2345 1605 2403 adspectum

598 2409 732 2454 velut
762 2407 992 2469 refugiat,
1023 2408 1101 2453 vel
1134 2409 1284 2468 prius,
1308 2422 1454 2470 quam
1479 2408 1603 2467 ipsi,

596 2474 1075 2532 delassaretur-atque
1090 2475 1360 2528 satiaretur,
1376 2475 1417 2519 si
1434 2474 1606 2530 iisdem

598 2538 926 2597 voluptatibus
947 2551 1000 2583 se
1019 2539 1232 2585 dederet.
1430 2585 1433 2588 ,

660 2602 869 2649 93-95.
901 2603 999 2648 Alii
1035 2616 1096 2648 ex
1128 2603 1243 2658 illis,
1268 2616 1404 2648 more
1433 2604 1606 2648 mulie-

597 2681 726 2726 rum,
747 2667 930 2715 decoris
959 2669 1180 2721 studiosi,
1207 2669 1460 2728 supercilia
1494 2669 1605 2713 fuco

595 2734 830 2791 inlinunt,
852 2739 900 2778 et
910 2731 1141 2791 fuligine,
1164 2734 1308 2777 stibio
1329 2746 1366 2776 s.
1391 2746 1604 2789 cerussa,

597 2800 868 2858 denigrant.
889 2797 965 2843 Cf.
983 2797 1106 2841 Plin.
1135 2796 1211 2843 11.
1232 2796 1312 2855 37.
1328 2796 1406 2843 28.
1432 2797 1502 2842 11.
1522 2797 1603 2843 30.

596 2862 676 2908 15.
698 2861 848 2912 33.,6.
864 2869 912 2906 et
936 2861 1122 2906 Lowth.
1138 2861 1198 2905 ad
1215 2860 1392 2905 Jesaiae
1414 2860 1603 2906 111.16.

601 2926 815 2986 Tangere
833 2926 972 2970 docte
1004 2924 1180 2969 dicitur
1202 2938 1287 2985 pro
1309 2925 1511 2983 tingere,
1536 2926 1607 2969 in-

601 2993 762 3043 buere,
779 2991 1080 3048 adspergere.
1095 3002 1142 3033 v.
1162 2988 1333 3048 Heyne
1352 2991 1412 3033 ad
1427 2989 1606 3037 Tibull.

600 3055 712 3102 1.·8.
728 3056 806 3102 52.
845 3054 975 3098 Hinc
991 3052 1132 3097 lectio
1147 3053 1351 3098 aliorum
1370 3053 1605 3099 librorum

597 3121 793 3165 tinctum
813 3118 1022 3176 glossam
1046 3117 1242 3162 redolet.
1291 3116 1608 3177 Supercilium

589 3182 826 3243 producit,
848 3188 904 3227 ut
935 3197 975 3229 s.
997 3180 1212 3240 proferre
1241 3180 1298 3227 de
1318 3181 1493 3241 maida
1524 3197 1602 3244 ap.

596 3249 788 3307 Patron.
811 3246 922 3293 100.
940 3253 990 3291 et
1014 3245 1222 3290 Martial.
1247 3246 1344 3293 IX.
1359 3245 1437 3291 38.
1454 3246 1502 3291 6.
1526 3249 1603 3294 vel

594 3313 938 3373 nigropulvere
953 3310 1188 3355 oculorum
1208 3323 1256 3355 ca
1267 3309 1397 3355 ordia
1430 3311 1603 3369 produ-

595 3381 781 3424 cuntur.
803 3390 881 3436 ap·
903 3374 1104 3422 Tertull.
1127 3375 1188 3420 de
1209 3374 1320 3421 hab.
1344 3377 1464 3420 mul.
1487 3390 1533 3423 c.
1555 3377 1601 3426 2.

595 3442 774 3502 obliqua
793 3455 899 3499 acu,
921 3440 1110 3497 crinali,
1130 3441 1368 3498 quae-ipsa
1401 3453 1497 3485 non
1519 3442 1604 3487 ob-

596 3507 727 3567 liqua
768 3513 859 3561 est,
900 3506 982 3550 sed
1020 3504 1333 3563 supercilium
1359 3504 1604 3564 obliquat,

591 3570 826 3630 producit,
846 3570 1043 3629 crispat,
1063 3569 1145 3615 vel
1168 3569 1401 3615 extendit.
1444 3572 1525 3615 An
1548 3568 1608 3617 c)

586 3634 837 3694 producere
851 3640 1037 3691 spectat
1057 3634 1116 3678 ad
1133 3635 1332 3693 confinia
1351 3635 1602 3693 supercilii,

593 3709 708 3758 quoe
726 3699 888 3757 pulcra
905 3699 1022 3743 olim
1034 3699 1353 3745 censebantur
1367 3699 1390 3743 Ρ
1428 3699 1503 3744 Cf.
1516 3701 1604 3746 Pe-

597 3772 724 3808 tron.
758 3761 864 3808 126.
899 3762 1150 3807 claudian.
1180 3770 1319 3823 nupt.
1345 3762 1531 3811 Honor.
1552 3773 1603 3811 et

598 3827 727 3872 Mar.
757 3825 866 3873 267.
897 3833 950 3872 et
986 3825 1132 3871 ovid.
1167 3826 1230 3871 A.
1264 3828 1324 3874 A.
1360 3825 1454 3872 111.
1487 3829 1601 3876 201.

586 3892 775 3952 pingit,-
790 3891 940 3937 fucat.
977 3889 1130 3947 oculos
1151 3894 1409 3948 trementes,
1429 3899 1603 3951 paetos,

593 3955 903 4015 palpitantes,
938 3954 1190 4010 tremulos,
1225 3959 1282 4001 ut
1314 3956 1468 4002 solent
1500 3971 1604 4004 esse

516 4055 519 4058 ,
594 4026 911 4066 scortatorum
927 4035 942 4065 ε
961 4018 1542 4080 ocutonaedooaetremutos,
1552 4035 1607 4067 ac

587 4096 739 4147 prona
759 4083 951 4129 libidine
964 4079 1205 4136 marcidos,
1209 4083 1315 4144 jam
1319 4085 1512 4144 jamque
1531 4099 1600 4131 ee-

590 4146 960 4207 miadopmzaos.
984 4147 1134 4208 Apul.
1155 4146 1277 4194 Met.
1298 4145 1396 4194 ΙΙΙ.
1414 4163 1461 4209 p.
1487 4148 1598 4197 185.

590 4214 665 4258 ed.
689 4212 913 4259 Elmenh.
950 4211 1027 4258 cf.
1050 4212 1141 4260 inf.
1160 4210 1275 4260 vn.
1308 4211 1421 4259 241.
1438 4208 1604 4262 'ovid-¹

1667 1132 1800 1165 mam
1823 1120 2032 1166 membri
2057 1119 2226 1176 virilis,
2249 1116 2325 1165 vel
2348 1119 2498 1177 ipsius
2522 1116 2676 1175 Priapi

1669 1186 1903 1229 referente
1917 1199 1932 1237 ς
1959 1191 2011 1230 ut
2026 1185 2200 1229 similis
2212 1185 2383 1229 formae
2398 1182 2536 1242 panis
2550 1183 2678 1235 Mar-

1672 1250 1769 1293 tial.
1795 1248 1938 1295 XIV.
1958 1250 2035 1295 69.
2067 1249 2277 1308 Priapus
2297 1247 2538 1306 siligineus
2562 1247 2677 1293 dici-

1668 1319 1764 1360 tur.
1788 1314 1861 1358 Cf.
1877 1315 1999 1360 Ptin.
2018 1313 2154 1359 XIV.
2172 1313 2218 1359 2.
2240 1313 2316 1358 13.
2333 1313 2414 1378 22.
2433 1311 2678 1357 xxxm.

1671 1377 1816 1423 Praef.
1832 1387 1880 1423 et
1897 1393 1938 1424 c.
1966 1378 2011 1426 1.
2028 1380 2109 1426 96.
2140 1377 2426 1434 Remulum,
2443 1378 2677 1421 muliebre

1670 1444 1840 1502 capitis
1874 1451 2086 1503 tegmen,
2120 1440 2412 1506 κικξόφαλος,
2440 1445 2677 1491 aurarum,

1671 1514 1726 1551 ut
1758 1521 1951 1552 aureum
1983 1523 2063 1569 ap.
2096 1509 2288 1553 Petron.
2324 1506 2403 1552 67.
2437 1504 2513 1552 Cf.
2538 1503 2681 1550 Varr.

1673 1570 1733 1619 L.
1757 1572 1811 1620 L.
1835 1572 1917 1618 1v.
1942 1573 2018 1620 67.
2044 1579 2093 1618 et
2117 1572 2317 1618 Salmas.
2342 1571 2479 1616 Obss.
2505 1571 2566 1615 ad
2587 1571 2679 1615 Jus

1670 1636 1774 1684 Att.
1794 1652 1834 1683 c.
1852 1638 1901 1686 5.
1917 1651 1963 1697 p.
1985 1638 2094 1685 162.
2145 1636 2424 1683 Henninius
2442 1649 2537 1680 non
2556 1634 2682 1679 male

1671 1705 1887 1763 auratum
1901 1705 2100 1762 putabat
2114 1705 2321 1756 dictum,
2336 1700 2409 1745 vel
2424 1701 2550 1759 quod
2564 1711 2684 1743 auro

1670 1767 1910 1812 intextum
1935 1775 2078 1821 esset,
2100 1769 2171 1812 vel
2195 1767 2326 1826 quod
2340 1770 2478 1810 comae
2494 1764 2593 1809 itlae
2608 1763 2682 1807 in·

1662 1834 1845 1890 gentes,
1867 1845 1980 1890 quae
2000 1833 2195 1891 signum
2230 1832 2329 1875 sint
2361 1828 2513 1874 animi
2542 1829 2686 1887 plane

1668 1896 1950 1950 effeminati,
1963 1898 2066 1941 auri
2082 1897 2275 1956 pulvere
2285 1901 2444 1940 essent
2460 1892 2682 1951 respersi,

1667 1960 1832 2018 quales
1853 1961 1904 2005 in
1927 1961 2118 2007 Othone
2139 1961 2352 2013 delicias,
2376 1971 2466 2004 nec
2499 1971 2596 2002 non
2631 1956 2681 2001 in

1672 2023 1935 2083 Elagabalo
1957 2031 2186 2070 notarunt
2209 2030 2444 2070 auctores.

1738 2090 1816 2135 97.
1853 2091 1996 2135 Color
2017 2090 2239 2135 caeruleus
2260 2096 2310 2133 et
2336 2087 2556 2147 gulbium
2580 2087 2683 2132 sive

1664 2154 1890 2213 galbanus
1920 2156 2183 2201 mulierum
2210 2159 2302 2206 est,
2329 2166 2424 2198 non
2448 2152 2682 2208 virorum,

1674 2221 1801 2264 unde
1829 2219 2020 2278 galbam·
2052 2233 2200 2264 mores
2231 2220 2281 2264 h.
2314 2231 2360 2264 e.
2395 2217 2569 2261 molles
2604 2229 2683 2274 ap.

1673 2284 1884 2330 Martial.
1909 2284 1950 2331 1.
1976 2284 2055 2331 97.
2079 2282 2125 2328 9.
2183 2283 2422 2330 Galbanm
2444 2293 2483 2326 S.
2510 2279 2680 2339 galba-

1672 2360 1785 2393 num
1822 2350 2011 2405 gummi
2047 2362 2084 2393 s.
2119 2349 2274 2393 resina
2306 2347 2433 2390 male
2466 2344 2607 2390 olens
2634 2351 2682 2390 et

1670 2426 1841 2459 succus
1875 2414 2086 2459 viscidus
2130 2413 2320 2471 ferulae,
2357 2409 2594 2476 νάρθηκος,
2628 2412 2681 2454 in

1672 2485 1809 2549 Syria
1841 2491 2100 2550 nascentiS,
2124 2486 2364 2550 χαλέάνη,
2388 2494 2436 2532 et
2459 2467 2679 2545 ³³:517,

1674 2573 1812 2618 Chal.
1846 2579 1895 2617 ct
1932 2571 2037 2630 Syr.
2070 2546 2363 2622 Rn’lnffin,
2386 2573 2517 2617 unde
2550 2570 2690 2630 chal,-¹

1670 2638 1836 2684 bunum
1849 2638 2027 2682 rectius
2040 2638 2281 2684 scribitur.
2315 2634 2457 2684 color
2472 2637 2683 2687 exterior

1672 2703 1825 2748 flavus
1846 2708 1939 2757 est,
1956 2701 2119 2761 etipsa
2136 2702 2311 2756 ferula,
2323 2713 2435 2760 quae
2452 2701 2593 2749 initio
2611 2702 2680 2748 al-

1670 2767 1770 2824 bet,
1784 2772 1922 2811 vetus
1937 2767 2167 2823 flavescit,
2182 2765 2500 2812 albicantibus
2514 2771 2684 2810 tamen

1669 2831 1871 2877 maculis
1886 2831 2127 2876 distincta.
2164 2831 2259 2876 Res
2278 2832 2404 2886 haec,
2418 2843 2478 2874 ex
2494 2830 2683 2875 oriente

1671 2909 1699 2941 a
1717 2896 2019 2942 Phoenicibus
2033 2896 2156 2940 forte
2173 2897 2234 2940 ad
2248 2895 2443 2941 Groecos
2465 2896 2683 2953 primum

1671 2970 1868 3029 perlata,
1889 2970 2020 3015 dicta
2052 2970 2242 3016 videtur
2274 2972 2334 3016 ab
2369 2971 2518 3015 Hebr.
2551 2947 2684 3022 2517.

1670 3039 1784 3083 laete
1811 3035 1936 3099 (scil.
1958 3036 2138 3081 arboris
2171 3032 2442 3097 fruticisve)
2474 3038 2552 3082 vel
2574 3040 2682 3100 Syr.

1672 3092 1800 3163 2517
1818 3111 2023 3171 gummi,
2047 3118 2094 3155 et
2117 3092 2217 3180 125
2237 3113 2394 3159 albus.-
2429 3113 2543 3159 inde
2566 3127 2682 3160 vem

1666 3184 1795 3228 color
1812 3180 2000 3226 albidus
2018 3186 2064 3224 et
2084 3181 2255 3236 flavus,
2268 3183 2351 3241 qui
2363 3182 2571 3242 galbano
2588 3189 2680 3235 est,

1668 3242 1779 3293 Lat.
1811 3244 1975 3303 galbas
2003 3252 2054 3289 et
2079 3248 2308 3305 galbanus
2341 3247 2417 3292 vel
2446 3247 2684 3305 galbinos.

1666 3310 1895 3357 scutulata
1916 3309 2017 3353 scil.
2042 3312 2351 3368 vestimenta,
2370 3325 2464 3356 non
2487 3313 2680 3365 eadem,

1668 3390 1780 3435 quae
1809 3374 2011 3434 virgata,
2043 3371 2268 3437 ῥαέἲωτὰ,
2293 3374 2595 3436 (gesiretfte),
2620 3378 2681 3421 de

1668 3440 1841 3499 quibus
1857 3452 1901 3483 v.
1919 3439 1979 3483 ad
1999 3438 2082 3483 Sit.
2102 3440 2196 3487 IV.
2215 3439 2322 3486 155.
2347 3442 2563 3500 adeoque
2581 3453 2680 3485 non

1668 3504 1797 3550 dicta
1830 3518 1859 3549 a
1891 3499 2123 3567 σκυτάλῃ,
2146 3506 2310 3564 virga3
2345 3506 2429 3550 sed
2463 3502 2677 3563 taisson,

1668 3574 1801 3614 texta
1845 3568 1894 3612 in
1945 3569 2154 3614 formam
2196 3571 2516 3628 scutularum,
2550 3572 2601 3615 h.
2633 3583 2681 3615 e.

1666 3634 1981 3692 quadrarum,
2002 3634 2169 3692 quales
2189 3635 2239 3679 in
2264 3634 2465 3691 retibuS,
2480 3635 2559 3680 vel
2580 3636 2688 3681 tela

1667 3710 1949 3742 aranearum
1974 3698 2249 3754 cernimus;
2276 3698 2418 3756 Stqffit
2437 3699 2526 3745 mit
2543 3699 2676 3745 Rou-

1668 3767 1745 3807 ten
1766 3762 1874 3807 oder
1898 3760 2147 3821 Wv'irseln,
2163 3763 2435 3825 gewv‘iaeffeltc
2454 3762 2565 3809 oder
2588 3765 2680 3809 mit

1671 3825 1962 3880 Quecrh'nien
1981 3826 2377 3873 durchschnittene
2391 3826 2447 3872 K
2443 3826 2585 3873 leider
2597 3843 2618 3882 ,-
2646 3840 2681 3871 a·

1664 3891 1710 3936 la
1726 3889 1960 3950 quadrato.
1982 3906 2031 3938 v.
2048 3890 2199 3936 Hard.
2220 3894 2280 3938 ad
2298 3893 2420 3940 Plin.
2434 3891 2580 3938 vm.
2596 3891 2680 3938 48..

1666 3969 1706 4003 s.
1726 3954 1803 4001 73.
1821 3961 1870 4000 et
1886 3955 2132 4014 Biittigers
2150 3955 2537 4016 Vasengemiilde
2554 3955 2613 4001 T.
2634 3957 2674 4002 1.

1667 4018 1806 4065 Fasc.
1829 4019 1896 4064 11.
1919 4032 1970 4079 p.
1993 4021 2070 4067 77.
2090 4032 2198 4065 ram
2219 4023 2525 4073 vestimenta,
2546 4019 2678 4082 ξος-ἂς

1661 4084 1877 4141 tesza..
1905 4084 2011 4130 sine
2042 4084 2171 4129 villis
2202 4086 2279 4130 vel
2313 4086 2441 4144 pilia,
2477 4093 2533 4145 ut
2565 4091 2673 4145 twa

1660 4164 1767 4195 rasa
1788 4163 1866 4209 ap.
1889 4149 2099 4194 Martial.
2125 4148 2195 4195 11.
2214 4148 2294 4196 88.
2318 4157 2365 4194 et
2386 4151 2515 4198 Plin.
2529 4149 2671 4196 vm.

1661 4213 1741 4268 4³8.
1767 4227 1805 4258 s.
1832 4212 1911 4260 74.
1943 4214 2022 4258 cui
2044 4213 2302 4270 obponitur
2324 4220 2438 4274 toga
2456 4229 2501 4261 s.
2525 4215 2678 4260 vestis*

591 4276 653 4323 A.
670 4278 731 4324 A.
751 4276 825 4324 11.
839 4277 1103 4326 721.21²ers.
1119 4275 1160 4323 1.
1181 4275 1256 4323 18.
1323 4276 1401 4324 95.
1429 4278 1508 4324 ille
1527 4279 1595 4323 bi·
1654 4292 1795 4339 pexa,
1812 4276 1839 4329 ἦ
1854 4275 2087 4341 pauzana
2107 4276 2259 4335 ieme,
2274 4280 2677 4356 eminentioribus

590 4340 656 4387 bie
682 4357 712 4394 e
744 4344 892 4390 vitreo
913 4343 1101 4406 Priapo.
1124 4343 1177 4392 h.
1197 4355 1241 4389 e.
1273 4343 1467 4403 poculo,
1496 4344 1599 4389 foi-⁴

1659 4340 1805 4392 villis.
