2978 4920
881 277 1150 338 PERSII
1196 276 1297 336 ET
1337 274 1810 338 JUVENALIS.
2261 297 2384 338 xxv.

260 448 582 527 adparet:
645 465 793 524 quae,
826 447 1061 506 etiamsi
1109 447 1415 522 cujusdam
1463 447 1683 506 nomini
1727 444 2134 514 inscribantur,
2180 455 2382 506 tamen

300 547 571 624 inci-iptio
606 560 720 603 non
760 545 874 602 nisi
913 563 1015 622 pro
1052 545 1412 604 dedicatione
1428 556 1549 613 est,
1573 561 1706 619 quae
1732 541 2061 619 argumenti
2084 545 2382 617 tractatio·

299 660 440 701 nem
465 642 606 698 nihil
622 639 876 699 adficiat.
938 640 1055 699 Sed
1072 660 1205 716 quae
1228 653 1446 699 certam
1469 651 1531 699 et
1549 648 1914 705 constantem
1939 639 2114 695 habet
2133 638 2381 697 formam

302 736 584 814 Epistola,
608 736 811 794 eadem
836 737 896 794 in
921 744 1257 812 argumento
1275 738 1439 795 varia
1460 737 1737 814 reperitur
1756 745 1817 792 et
1835 734 2385 800 inconstanti-sima,

303 829 534 909 Quippe
573 833 747 907 hujus
785 832 952 908 copia
980 843 1043 890 et
1066 833 1318 890 varietas
1359 832 1533 889 nullis
1574 833 1912 890 terminatur
1948 829 2244 899 limitibus,
2270 832 2384 888 nisi

250 988 255 991 ,
301 928 403 1002 qui
424 929 503 985 ab
529 929 658 1004 ipsa
694 938 908 986 natura
946 946 1181 1005 poeseos
1221 929 1522 986 constituti
1561 938 1717 986 sunt.
1795 925 2190 1001 Quacumque
2229 928 2384 983 enim

303 1024 605 1083 materiem
643 1024 903 1099 praebent
927 1024 1260 1101 vulgaribus
1299 1025 1573 1102 epistolis,
1599 1042 1691 1093 ea,
1715 1024 1828 1080 nisi
1850 1022 2133 1099 poeticam
2153 1023 2384 1099 exposi-

305 1120 519 1177 tionem
544 1138 771 1196 prorsus
796 1133 1087 1196 respuant,
1107 1121 1378 1195 cultaque
1398 1120 1747 1177 ornamentis
1770 1121 2048 1176 nitescere
2073 1129 2384 1196 nequeant,

307 1217 697 1295 Epistularum
750 1220 1100 1295 poeticarum
1150 1220 1411 1296 scriptori
1458 1228 1680 1295 patent.
1784 1215 1897 1275 Hae
1945 1210 2141 1276 reduci
2188 1235 2385 1276 omnes

252 1374 263 1381 ,γ
306 1315 603 1372 commode
642 1325 881 1391 possunt
922 1315 997 1381 ad
1037 1325 1154 1372 tres
1191 1316 1552 1391 potissimum
1591 1314 1841 1390 species:
1883 1331 2130 1388 quarum
2157 1331 2273 1370 una
2287 1324 2388 1371 est

309 1408 701 1488 Epistularum
725 1409 1375 1478 didacticarum,-altera
1405 1409 1808 1484 elegiacamm,
1836 1409 2007 1466 tertia
2019 1406 2383 1482 jocularium.

309 1503 408 1562 Ad
450 1506 623 1569 illam¹
646 1505 1061 1564 didacticarum
1101 1507 1350 1582 speciem
1394 1505 1680 1581 pertinent
1728 1504 1973 1562 morales
2008 1522 2113 1561 seu
2158 1504 2385 1583 etliicae,

310 1600 515 1674 quales
582 1600 877 1663 Horatius
930 1602 1262 1678 composuit.
1370 1599 1584 1658 Earum
1653 1602 1883 1659 omnino
1943 1611 2037 1657 est
2106 1601 2385 1657 instruere

310 1699 572 1756 homines
620 1709 681 1756 et
712 1699 962 1769 fdoeere,
1016 1700 1324 1776 praecipere
1370 1699 1668 1767 virtutem,
1694 1740 1698 1747 .
1720 1697 1797 1756 ad
1861 1715 2104 1772 eamque
2151 1697 2384 1779 ‘ample-

249 1851 257 1867 ἰ
307 1793 579 1852 ctendam
617 1804 678 1851 et
717 1794 1015 1853 colendam
1057 1797 1327 1853 excitare.
1410 1791 1523 1851 His
1563 1794 1870 1852 moralibus
1914 1791 2185 1869 Epistolis
2223 1795 2385 1868 (nam

310 1890 547 1965 reliquae
589 1890 736 1947 nihil
778 1889 853 1948 ad
877 1893 936 1948 h.
961 1892 1031 1965 l.)
1056 1909 1410 1965 quamquam
1452 1890 1780 1966 propinquae
1821 1899 1960 1947 sunt
2002 1887 2232 1958 Satirae,
2257 1908 2385 1965 pro·

309 1985 639 2060 pinquiores
664 1985 815 2062 apud
842 1983 1168 2055 Horatium,
1192 1987 1299 2061 qui
1324 1997 1383 2042 et
1408 1986 1785 2043 urbanissime
1807 1986 1953 2042 vitia
1981 1985 2215 2060 carpsit,
2237 1978 2387 2041 et'in

310 2081 589 2138 virtutum
634 2082 1128 2140 commendatione
1179 2101 1311 2139 cum
1361 2082 1587 2138 illorum
1634 2081 1749 2139 levi
1791 2081 2067 2158 vituperio
2116 2072 2390 2149 socianda

315 2178 577 2234 mirabile
618 2188 1127 2254 temperamentum
1167 2178 1465 2236 adhibuit:
1513 2188 1710 2236 tamen
1736 2176 2056 2235 Satirarum
2095 2179 2280 2236 omnis
2301 2181 2391 2236 vis

314 2290 435 2329 non
461 2272 716 2330 docendo
755 2283 815 2331 et
854 2274 1152 2343 monendo,
1179 2293 1373 2331 verum
1398 2273 1634 2331 ridendo
1657 2284 1718 2331 et
1743 2274 2086 2351 increpando
2110 2270 2391 2352 expromi-

312 2376 426 2437 tur,
453 2368 506 2423 si
527 2367 757 2442 quidem
779 2369 844 2424 in
868 2387 936 2425 eo
961 2378 1280 2447 versantur,
1308 2379 1373 2427 ut
1394 2370 1662 2426 vitiorum
1679 2370 1776 2426 vel
1802 2370 2120 2446 graviorum
2147 2371 2389 2448 turpitu-

319 2463 539 2531 dinem,
590 2463 678 2520 vel
730 2464 1001 2521 leviorum
1051 2463 1348 2520 ridiculam
1396 2465 1705 2522 stultitiam
1755 2476 1975 2533 notent,
2024 2466 2391 2543 redarguant,

308 2560 627 2635 castigent.
714 2557 883 2617 Unde
926 2559 1137 2636 duplex
1177 2578 1374 2616 earum
1414 2579 1596 2636 genus
1632 2562 1956 2618 enascitur:
2016 2580 2196 2621 unum
2245 2563 2392 2621 bila·

310 2657 462 2712 rium
488 2673 559 2712 ac
584 2653 939 2724 festivatum,
965 2673 1112 2729 quas
1138 2653 1420 2712 Venusini
1443 2657 1598 2712 vatis
1618 2656 1911 2731 elegantia
1934 2656 2073 2713 lusit
2087 2674 2105 2725 3
2150 2651 2394 2715 alterum

311 2754 572 2811 tristium
595 2763 658 2811 et
688 2765 1065 2822 austerarum,
1092 2754 1302 2828 quibus
1325 2750 1362 2810 J
1366 2754 1628 2810 uvenalis
1650 2753 1941 2829 Persiique
1978 2753 2064 2810 ira
2097 2773 2165 2811 se
2185 2745 2188 2750 ¹
2205 2773 2395 2813 arma-

312 2850 447 2907 vit.-
505 2835 770 2925 Denique
794 2849 1270 2924 quemadmodum
1305 2850 1573 2907 materies
1595 2849 1796 2906 horum
1829 2850 2146 2907 carminum
2170 2850 2399 2909 diversa

297 2957 432 3019 vest,
459 2948 544 3003 ita
567 2957 627 3007 et
651 2946 926 3003 orationis
957 2946 1109 3003 color
1148 2947 1407 3021 ratioque
1442 2952 1772 3002 metrorum.
1854 2944 1923 3001 In
1952 2944 2223 3022 Epistolis
2239 2949 2400 3006 enim

312 3042 577 3119 gravitas
615 3042 807 3101 elucet
848 3039 1199 3118 Philosophi,
1240 3042 1430 3116 qualis
1470 3040 1711 3098 decebat
1753 3038 2080 3109 Horatium,
2110 3053 2170 3099 et
2192 3044 2396 3114 virum,

314 3146 382 3212 et
406 3156 556 3196 verae
581 3138 881 3215 sapientiae
915 3138 1268 3195 studiosum:
1309 3137 1371 3193 in
1398 3136 1607 3194 Satiris
1646 3136 1851 3194 levitas
1893 3137 2131 3214 adparet
2155 3136 2397 3210 Comici,

315 3232 511 3309 qualis
527 3252 564 3290 a
574 3243 745 3309 poeta
748 3233 963 3306 juvene
982 3233 1441 3310 exspectabatur,
1445 3232 1775 3306 juveniliter
1788 3233 2139 3304 exsultante,
2152 3227 2398 3311 poculis-

316 3346 439 3404 que
461 3336 522 3384 et
543 3327 746 3404 puellis
771 3325 961 3384 adhuc
986 3326 1207 3384 idoneo.
1292 3323 1360 3381 In
1400 3325 1515 3383 illis
1553 3336 1860 3383 metrorum
1902 3326 2225 3385 adstrictior
2263 3328 2359 3386 lex
2373 3351 2397 3389 τ

316 3422 388 3498 in
434 3420 529 3477 his
572 3440 934 3479 numerorum
979 3421 1332 3478 solutissima
1380 3420 1754 3497 negligentia.
1840 3419 1909 3476 In
1959 3420 2232 3497 Epistolis
2282 3443 2399 3483 non

296 3518 636 3595 ‘Socraticae
661 3517 845 3576 solum
869 3517 1242 3594 philosophiae
1262 3535 1473 3593 sparsa
1498 3528 1633 3574 sunt
1657 3518 1898 3586 semina,
1925 3517 2027 3575 sed
2051 3518 2154 3576 illa
2176 3537 2400 3598 quoque

298 3613 604 3683 Socratis,
629 3623 782 3689 certe
807 3612 1210 3689 discipulorum
1233 3612 1359 3686 ejus
1382 3610 1573 3687 lepida
1597 3610 1864 3686 quaedam
1903 3631 2034 3670 cum
2075 3616 2402 3678 urbanitate

324 3708 398 3766 de
421 3708 591 3765 rebus
617 3705 693 3764 ad
717 3725 903 3765 mores
928 3717 989 3765 et
1011 3692 1200 3765 officia
1237 3705 1632 3783 spectantibus
1664 3706 1997 3784 disputandi
2023 3711 2170 3767 ratio
2195 3711 2399 3771 adum·

323 3804 497 3863 brata
522 3802 870 3861 adnoscitur.
952 3801 1048 3859 Ad
1076 3802 1301 3859 Satiras
1341 3811 1545 3859 contra
1581 3800 1774 3859 referri
1804 3801 2034 3871 debent,
2059 3822 2191 3878 quoe
2214 3808 2305 3865 vel
2330 3809 2403 3868 de

246 3949 255 3972 .·
323 3899 639 3958 Comoediae
663 3900 870 3957 veteris
907 3898 1237 3970 dicacitate,
1266 3899 1338 3956 ab
1367 3895 1611 3955 Horatio
1650 3916 1937 3974 expressa,
1964 3899 2052 3957 vel
2080 3900 2152 3958 de
2174 3904 2404 3961 mimico

324 4013 557 4056 morum
582 3994 986 4053 imitandorum
1023 3992 1284 4064 artificio,
1308 3994 1399 4052 vel
1440 3994 1513 4052 de
1551 3993 1703 4052 felici
1730 3992 2149 4069 Lucilianorum
2175 3998 2407 4059 lusuum

300 4088 727 4149 ,emendatione
748 4141 753 4152 ,
774 4089 1010 4165 passim,
1051 4088 1165 4147 sed.
1200 4090 1516 4165 promiscue
1564 4090 1878 4165 disputavit
1914 4088 2136 4149 Astius‘
2158 4093 2220 4148 in
2263 4094 2405 4152 libro

298 4237 305 4242 „
322 4204 503 4262 supra
526 4181 820 4243 laudato.’'
880 4182 975 4242 ,In
1004 4185 1201 4244 ecdem
1239 4185 1382 4243 libro
1406 4186 1561 4262 (cap.
1590 4186 1675 4261 3.)
1701 4186 1844 4244 bene
1882 4185 2135 4256 docetur,
2161 4189 2404 4262 vestigia

328 4278 648 4341 Platonicoe
701 4281 1036 4340 imitationis
1085 4282 1370 4363 praecipue
1420 4281 1648 4357 reperiri
1699 4283 1760 4339 in
1813 4279 2040 4340 Horatii
2094 4280 2275 4359 Epist.
2329 4284 2403 4343 ad

1368 4375 1407 4431 d
