2978 4920
1125 329 1569 405 'SATI'RA
1646 335 1762 407 VI:

2364 321 2495 415 1545

475 512 795 575 Arcanam
816 493 1065 576 'juda-a
1094 501 1369 577 tremens
1398 507 1720 578 mendicat
1746 514 1813 576 in
1844 508 2131 592 aurem,
2170 517 2177 524 ‘

476 612 805 705 Interpres
828 611 1043 699 legum
1079 613 1504 700 Solymarum,
1537 624 1601 678 et
1632 633 1863 700 magna
1892 614 2200 681 sacerdos

474 712 770 792 ArboriS‚
801 737 875 777 ac
905 715 1135 779 summi
1166 716 1296 781 fida
1324 715 1717 781 internuntia
1744 713 1916 791 coeli3

476 815 692 904 Inplet
722 829 786 881 et
816 816 924 880 illa
954 839 1236 895 manum,
1269 817 1379 882 sed
1409 816 1664 903 parcius
1694 838 1818 881 aere
1846 817 2111 883 minuto.

475 900 977 1003 Qualiacumque
998 907 1171 982 voles
1201 909 1421 982 Judaei
1452 917 1692 982 somnia
1721 917 2033 982 vendunt.·

475 1018 763 1105 Spondet
796 1030 1139 1083 amatorem
1170 1032 1480 1096 tenerum,
1514 1018 1617 1082 vel
1647 1017 1862 1083 divitis
1891 1019 2029 1083 orbi

471 1117 957 1185 Testamentum
985 1120 1232 1206 ingenS,
1257 1119 1478 1185 calidae
1504 1118 1807 1208 pulmone
1836 1111 2147 1185 columbae'

473 1222 803 1300 Tractato,
836 1223 1184 1287 Armenius
1217 1223 1320 1287 vel
1352 1226 1820 1310 Commagenus
1848 1222 2197 1310 haruspex3

469 1323 740 1388 Pectora
767 1322 1093 1410 pullorum
1122 1323 1394 1390 rimatur
1422 1341 1487 1392 et
1517 1337 1668 1390 exta
1695 1323 1929 1403 catelli,

2347 1227 2480 1290 550

470 1412 806 1489 Interdum
836 1437 900 1491 et
930 1425 1147 1512 pueri:
1194 1426 1405 1505 faciet,
1438 1427 1618 1515 quod
1646 1426 1936 1491 deferat
1920 1435 2074 1514 lpse.
2138 1430 2187 1476 l

375 1604 418 1638 c.
446 1590 491 1638 1.
512 1590 573 1640 Τ.
597 1593 695 1639 111.
718 1606 765 1651 p.
801 1593 848 1639 9.
884 1592 1096 1653 Philippi
1129 1593 1296 1653 Epigr.
1322 1593 1389 1640 X.

293 1689 298 1694 -
377 1656 430 1702 111
465 1657 679 1704 Brunck.
726 1658 869 1706 Anal.
907 1658 966 1703 Τ.
1000 1656 1074 1704 II.
1107 1671 1155 1717 p.
1191 1657 1303 1706 214.
1328 1660 1391 1704 ad

377 1723 507 1779 quod
526 1735 570 1767 v.
586 1722 764 1768 Jacobs
784 1723 847 1767 ad
862 1723 1062 1769 Antbol.
1083 1723 1167 1768 Gr.
1182 1722 1297 1769 Vol.
1319 1723 1392 1771 11.

377 1786 433 1831 P.
468 1784 542 1832 ΙΙ.
575 1799 624 1844 p.
655 1785 764 1832 150.
812 1785 922 1834 151.
961 1794 1011 1833 et
1045 1786 1212 1847 Intpp.
1245 1788 1388 1837 ovid.

376 1848 510 1895 Fast.
535 1851 576 1896 1.
601 1850 715 1899 453.
740 1849 851 1897 454.

438 1914 551 1963 542.
575 1929 675 1975 seq.
702 1915 859 1971 Quaem
879 1914 957 1961 ille
989 1914 1134 1962 Isidis
1167 1918 1387 1963 sacerdos

370 1978 517 2026 Iocum
539 1979 664 2026 dedit
683 1980 791 2026 aliis
808 1978 1159 2038 superstitionis
1180 1982 1386 2027 auctori·

371 2043 486 2097 bus.
493 2051 543 2090 et
565 2045 778 2097 recessit,
789 2044 966 2089 Judoea
980 2045 1173 2103 mulier,
1198 2047 1273 2091 vel
1289 2045 1322 2091 J
1327 2060 1380 2091 u

369 2106 467 2155 duni
482 2109 773 2161 subcedunt,
789 2110 874 2167 qui
886 2107 1293 2169 cophinosoenoque
1308 2123 1384 2155 rc-

361 2168 493 2229 Rem,
515 2174 567 2222 11.
589 2188 635 2219 e.
657 2173 826 2219 relicta
846 2173 983 2233 sylva
1006 2186 1063 2218 ac
1088 2174 1384 2231 supellectile

363 2241 476 2292 sua,
509 2238 563 2284 in
600 2237 788 2284 Urbem
822 2243 1080 2294 venerunt,
1112 2245 1162 2282 et
1195 2238 1383 2283 mendi-

365 2302 513 2349 candi
532 2310 584 2348 et
617 2300 910 2348 vaticinandi
928 2314 1089 2349 causa.
1127 2301 1237 2346 vid.
1272 2314 1379 2375 sup.

365 2368 432 2413 ad
457 2361 556 2413 111.
579 2365 657 2411 14.
692 2377 792 2422 seq.
824 2377 1040 2410 arcanam
1072 2365 1300 2424 mendicat
1330 2366 1381 2411 iu

364 2443 551 2488 aurem,
571 2429 625 2479 in
643 2441 809 2476 aurem
832 2434 1068 2476 matronae
1081 2429 1382 2489 superstitio-

367 2508 439 2542 sae
468 2496 597 2542 clam
626 2495 901 2541 insusurrat
931 2495 1031 2540 fata
1062 2489 1170 2554 ejus
1199 2493 1383 2542 futura.

366 2558 647 2605 Mendicare
664 2558 822 2604 facete
854 2572 941 2618 pro
973 2571 1242 2615 susurrare,
1262 2572 1383 2617 quo·

365 2625 499 2670 niam
516 2622 731 2669 mendici
746 2624 908 2670 Judaei
931 2623 1296 2677 susurrantael
1318 2623 1382 2668 si-

364 2689 471 2734 mul
491 2688 620 2734 clam
646 2688 821 2748 stipem
856 2693 1046 2749 rogant.
1105 2687 1243 2733 Clam
1268 2701 1384 2733 vero

362 2752 692 2799 vaticinantur
710 2759 761 2798 et
779 2752 1079 2806 mendicant,
1102 2759 1153 2798 et
1173 2751 1224 2796 in
1242 2766 1380 2798 arca·

362 2822 473 2862 nam
498 2826 659 2864 aurem
681 2830 739 2864 ac
756 2820 1018 2874 trementes,
1035 2818 1088 2864 h.
1108 2829 1153 2865 e.
1187 2816 1378 2874 timide,

360 2883 563 2939 pavide,
614 2883 844 2943 quoniam
887 2880 1141 2928 Judaicsm
1184 2882 1376 2942 religio-

358 2958 472 2992 nem
490 2946 691 3005 professi
702 2947 777 2992 vel
796 2945 929 2992 Urbe
948 2941 1282 3006 ejiciebantur,
1300 2946 1384 2992 vel¹

357 3008 803 3069 graviustributum
816 3010 1105 3071 pendebant.
1121 3011 1195 3054 ef.
1212 3009 1378 3069 Intpp.

361 3075 498 3122 Suet.
529 3075 681 3122 Dom.
718 3074 796 3124 12.
842 3075 937 3121 Sed
960 3074 1055 3119 vid.
1090 3086 1198 3135 sup.
1232 3076 1293 3120 ad
1317 3076 1376 3120 V.

364 3139 443 3186 11.
488 3137 600 3185 544.
622 3140 864 3199 Interpm
882 3139 1044 3200 legum·
1059 3138 1375 3198 Solymarum,
1443 3137 1488 3200 §-

359 3202 936 3264 Hierosolymitanarum.
980 3202 1029 3249 h.
1068 3217 1110 3247 e.
1150 3202 1183 3248 J
1187 3203 1377 3251 nasica·

349 3266 500 3324 ‘rum3
527 3281 641 3314 nam
658 3267 848 3328 Solyma
859 3269 976 3314 olim
999 3268 1129 3313 dicta
1145 3267 1372 3313 Hieroso-

355 3330 513 3393 lyma,
527 3341 577 3378 et
590 3331 771 3392 Solymi
788 3331 1000 3381 Hebraei.
1034 3332 1228 3378 Arboris
1243 3344 1377 3391 mag*-

354 3411 419 3442 κα
435 3397 667 3453 Μαινάσι,
693 3411 736 3442 v.
759 3413 868 3458 sup.
892 3398 955 3443 ad
979 3393 1193 3443 111.15.
1261 3393 1371 3443 545.

355 3462 674 3518 intermnacia,
692 3474 803 3520 quae
825 3463 1127 3511 voluntatem
1158 3459 1253 3505 Dei
1286 3460 1373 3505 ho·

350 3525 569 3572 minibus
585 3525 781 3574 indicat.
808 3526 931 3589 fida,
943 3524 1034 3572 cui
1057 3525 1173 3570 fides
1194 3531 1267 3570 est
1284 3525 1372 3569 ha·

353 3591 545 3645 benda·
590 3590 824 3657 nied-nesib.
866 3590 1040 3636 summi
1080 3588 1286 3643 εει-11311.
1325 3603 1370 3637 e.

351 3655 466 3708 Dei,
488 3623 677 3704 0121111.
698 3657 759 3702 ad
782 3654 930 3702 xlv.
954 3653 1033 3701 97.

418 3718 533 3765 546.
552 3719 710 3780 Inplet
730 3724 774 3767 et
797 3718 880 3766 ma
896 3720 1070 3766 Judoea
1087 3732 1127 3766 s.
1149 3719 1368 3765 sacerdos

350 3785 446 3831 sibi
468 3798 660 3832 manum
694 3786 1000 3845 praedicendo
1031 3785 1213 3830 futura.
1248 3797 1367 3843 par-

349 3850 472 3903 eim,
495 3862 645 3908 quam
668 3858 844 3895 manus
865 3849 1168 3895 sacerdotum
1201 3847 1366 3905 Isidis,

347 3913 436 3977 (de
458 3916 636 3973 quibus
670 3914 765 3959 vid.
800 3925 871 3959 vs·
906 3909 1127 3972 540.1.)
1150 3919 1199 3958 et
1220 3913 1364 3959 clam.

343 3991 441 4025 oere
478 3980 678 4037 minuto,
712 3977 989 4054 trientibus,
1018 3977 1366 4037 quadrantibus

347 4052 444 4090 cet.

403 4094 532 4155 547.
548 4107 764 4154 Fallaces
784 4106 949 4154 sudaei
961 4120 1049 4167 pro
1066 4107 1285 4154 mercede
1307 4106 1368 4151 ad

347 4172 651 4218 consulentis
671 4179 843 4218 votum
864 4179 914 4217 et
937 4173 1126 4218 somnia
1157 4172 1365 4218 aliorum

347 4236 751 4298 interpretantur,
771 4243 822 4282 et
844 4247 954 4296 quae
975 4235 1068 4295 ipsi
1094 4235 1364 4282 somniave-

347 4301 450 4347 rint
466 4301 772 4360 confingunt.

417 4360 714 4415 548-5524'
751 4364 1007 4415 Armenius
1057 4376 1252 4425 quoque
1296 4362 1368 4410 vel

1460 1595 1804 1652 Commagenus
1849 1594 2083 1655 haruspex
2127 1594 2470 1655 superstitiosis

1455 1657 1760 1713 mulieribus,
1782 1673 1892 1719 quae
1915 1658 2179 1719 peregrinis
2207 1661 2470 1720 haruspici-

1456 1724 1548 1769 bus
1570 1737 1667 1768 non
1691 1724 1948 1778 minorem,
1971 1734 2118 1783 quam
2156 1724 2386 1771 Romanis
2412 1721 2467 1771 11-

1452 1787 1567 1834 dem
1596 1788 1797 1850 habent,
1821 1802 1882 1835 ex
1904 1788 2134 1848 inspectis
2155 1789 2282 1833 extis
2302 1790 2469 1836 futura

1452 1852 1694 1911 praedicit,
1710 1858 1760 1897 et
1782 1854 1894 1900 huic
1915 1852 2109 1912 spondet
2127 1857 2380 1899 amatorem
2403 1857 2471 1899 te·

1450 1929 1635 1969 nerum,
1670 1917 1884 1975 dulcem,
1916 1918 1994 1963 vel
2017 1925 2182 1962 tenero
2211 1930 2268 1963 ac
2292 1918 2471 1964 blando

1449 1993 1617 2027 amore
1639 1980 1943 2039 flagrantem,
1963 1981 2033 2026 illi
2059 1984 2379 2027 testamentum
2395 1982 2471 2027 in-

1440 2058 1578 2105 gene,
1600 2042 1758 2104 ampla
1779 2048 1905 2093 bona
1927 2046 2401 2106 testamentalegata
2420 2040 2470 2091 ei

1448 2110 1524 2156 vel
1543 2109 1726 2155 relicta.
1755 2108 1999 2170 Spondere,
2014 2116 2069 2156 ut
2070 2110 2346 2169 promittere
2356 2123 2469 2169 sup·

1449 2171 1552 2220 III.
1569 2172 1650 2221 43.
1666 2174 1750 2219 sed
1761 2177 1957 2234 gravius
1973 2180 2067 2231 est,
2086 2174 2473 2235 fidissimumque·

1448 2238 1817 2296 promissionem
1841 2252 1897 2285 ac
1919 2239 2281 2299 praedictionem
2316 2239 2477 2304 signi·

1446 2302 1574 2347 ficat.
1642 2302 1948 2362 Commagene
1988 2315 2100 2362 pars
2143 2302 2295 2362 Syriae
2336 2287 2477 2350 inter

1445 2366 1698 2412 Amanum
1713 2373 1931 2413 montem
1944 2374 1994 2413 et
2012 2366 2330 2425 Euphratem.
2357 2365 2462 2414 Ha·

1446 2442 1621 2488 ruspex
1641 2429 1882 2485 tractabat,
1902 2430 1952 2479 h.
1965 2444 2010 2478 e.
2031 2430 2315 2491 inspiciebat
2327 2437 2473 2488 exta,

1446 2501 1495 2538 et
1518 2495 1715 2553 quidem
1738 2496 2047 2553 potissimum
2075 2495 2357 2568 pulmquem,
2385 2491 2473 2557 je-

1446 2570 1535 2602 cur
1556 2566 1605 2603 et
1627 2558 1823 2605 cor.1n
1836 2566 2139 2605 contemtum
2156 2557 2305 2620 hujus
2320 2561 2462 2620 artis,

1445 2635 1559 2680 quae
1581 2622 1798 2681 profecto
1819 2623 2083 2669 admodum
2107 2624 2273 2683 inepta
2288 2631 2390 2669 erat
2409 2634 2469 2683 et,

1446 2685 1667 2741 ridicula,
1687 2700 1782 2732 non
1801 2683 2042 2748 majorum
2059 2688 2363 2745 animalium,
2376 2696 2465 2736 sed

1445 2750 1680 2808 columber,
1701 2751 1939 2810 pullorum
1959 2758 2010 2797 et
2042 2751 2197 2797 catelli
2216 2756 2325 2798 exta
2355 2766 2458 2799 me·

1444 2816 1619 2861 morari
1654 2816 1897 2863 videntur.
1933 2815 2149 2862 columboe
2176 2814 2356 2874 calidoe,
2386 2832 2461 2864 re-

1442 2892 1558 2925 cens
1581 2888 1809 2927 mactatae
1842 2888 1891 2926 et
1916 2881 2075 2927 adhuc
2104 2881 2359 2936 fumantis,
2382 2883 2461 2929 vel

1440 2945 1686 3005 spirantiS,
1702 2946 1754 2993 11.
1769 2959 1811 2991 e.
1834 2946 2134 3004 palpitantis,
2154 2942 2463 3011 ἀκαίροις-οη

1443 3011 1667 3065 rimatur,
1689 3016 1950 3067 scrutatur,
1972 3009 2164 3069 inspicit
2176 3017 2226 3056 et
2247 3013 2459 3061 consulit

1442 3079 1573 3120 exta.
1620 3079 1730 3121 esta
1759 3074 1930 3129 catelli,
1955 3074 2029 3122 cf.
2055 3073 2371 3122 Pausan.V1.
2406 3077 2454 3123 2.

1460 3242 1464 3247 .
1507 3156 1621 3251 552.
1653 3202 1898 3250 Interdum
1919 3208 1966 3250 et
1981 3217 2147 3264 pueros
2168 3206 2373 3260 occidet,
2396 3213 2455 3257 ut

1440 3267 1555 3312 talia
1576 3274 1920 3326 perscrutetur.
1936 3268 2108 3330 faciet,
2131 3269 2251 3329 quod
2272 3269 2453 3331 afferat

1438 3333 1555 3391 ipse,
1578 3338 1636 3378 ut
1657 3332 1914 3391 praemium
1945 3333 2200 3378 delationis
2226 3333 2452 3393 adcipiat,

1437 3396 1592 3441 Vetus
1629 3395 1786 3442 Schol.
1824 3399 1863 3424 “
1887 3397 2029 3450 Heic‚
2063 3397 2151 3450 ait,
2183 3396 2453 3454 Egnatium

1436 3460 1779 3520 philosophum
1803 3460 2060 3518 significat,
2084 3460 2169 3519 qui
2186 3460 2338 3505 filiam
2354 3462 2451 3513 Ba-

1435 3537 1534 3569 reae
1554 3522 1744 3577 Sorani,
1768 3537 1936 3584 quam,
1959 3537 2112 3583 quum
2137 3524 2241 3582 ipse
2261 3525 2324 3569 ad
2346 3537 2452 3572 ma.

1434 3589 1594 3646 gicam
1612 3589 1890 3635 discendam
1908 3594 2032 3634 esset
2053 3588 2291 3643 hortatus,
2309 3590 2461 3636 detu·‘

1434 3653 1492 3698 lit
1515 3652 1721 3709 Neroni,
1754 3654 1820 3698 ob
1851 3665 2000 3712 quam
2034 3665 2137 3697 rem
2173 3654 2299 3700 mori
2332 3668 2448 3701 cum

1430 3726 1571 3777 patre
1597 3713 1736 3777 jussa
1766 3724 1842 3763 est
1872 3731 1904 3766 a
1936 3714 2181 3763 Nerone.''
2219 3718 2297 3766 cf.
2329 3718 2449 3773 Tac,

1431 3784 1562 3831 Ann.
1586 3782 1728 3832 XVI.
1751 3781 1833 3830 30.
1852 3780 1903 3828 e't
1917 3786 2032 3841 stip.
2057 3780 2154 3829 111.
2174 3780 2283 3837 116.
2400 3842 2401 3847 ¹

1495 3845 1767 3894 553—581.
1806 3846 1966 3893 Locus
1988 3848 2132 3899 class.
2154 3848 2217 3893 de
2237 3849 2334 3895 alia
2364 3862 2449 3899 su«.

1432 3912 1712 3972 pei-stitione
1743 3919 1794 3958 et
1824 3918 1946 3970 arte,
1984 3922 2102 3972 que
2133 3925 2164 3957 a
2195 3913 2450 3964 communi

1430 3978 1531 4024 fere
1552 3978 1711 4023 omnis
1727 3977 2079 4037 superstitionis
2098 3976 2253 4034 Rmte,
2265 3989 2296 4022 a
2312 3976 2448 4025 tutus

1430 4055 1595 4089 rorum
1610 4043 2063 4102 pei-scrutandorum
2076 4055 2133 4087 ac
2147 4045 2448 4100 praenoscen-

1431 4108 1606 4153 dorum
1639 4107 1926 4165 cupiditate,
1945 4120 2043 4166 qua
2063 4105 2229 4153 omnis
2240 4105 2335 4150 aevi
2350 4104 2444 4152 ho-

1429 4172 1588 4217 mines
1618 4171 1898 4230 flagrarunt,
1922 4170 2136 4230 profecta
2168 4174 2259 4221 est,
2283 4173 2334 4214 et
2363 4168 2462 4216 cui.
2500 4208 2504 4213 .

1431 4242 1538 4281 tum
1557 4233 1645 4280 viri
1658 4249 1796 4294 aeque
1809 4248 1865 4280 ac
1881 4235 2108 4279 mulieres
2119 4230 2271 4276 dediti
2287 4237 2443 4283 erant,

1429 4301 1555 4345 Eam
1578 4299 1925 4357 profitebantur
1940 4295 2162 4345 homines
2183 4294 2342 4339 ubivis
2358 4308 2443 4341 va-

1429 4370 1622 4424 ganteS,
1635 4363 1719 4426 qui
1739 4359 1959 4417 cnaldaea,
1967 4362 2034 4414 (v
2050 4354 2185 4421 553.)
2197 4359 2449 4424 astrologi,

2351 721 2483 784 545
2566 741 2573 748 ,
