2978 4920
1074 293 1519 357 SATIRA
1580 291 1695 357 vl.

2305 295 2413 359 141

436 454 714 551 Jamque
742 464 957 530 eadem
989 464 1251 528 summis
1278 462 1517 548 pariter
1545 462 1945 549 minimisque
1974 462 2212 528 libido:

379 567 386 611 ’-
434 566 571 630 Nec
599 565 841 643 melior,
875 563 1109 629 silicem
1137 563 1412 651 pedibus
1433 586 1583 649 quae
1611 563 1878 627 conterit
1907 576 2141 651 atrum,
2174 628 2179 632 ,

2298 566 2419 631 350

437 667 642 743 Quam
673 688 821 752 quae
850 666 1184 750 longorum
1215 663 1473 728 vehitur
1501 663 1740 728 cervice
1774 665 2100 750 Syrorum.

523 768 619 831 Ut
650 777 888 852 spectet
919 764 1128 843 ludos,
1158 763 1456 828 conducit
1489 764 1769 850 Ogulnia
1798 777 2059 843 vestem,

439 866 755 933 Conducit
786 867 1069 945 comites,
1101 865 1339 943 sellam,
1369 865 1658 942 cervical,
1687 866 1938 945 amicas,

432 970 790 1047 Nutricem,
820 982 883 1036 et
906 968 1159 1046 flavam,
1191 967 1295 1032 cui
1327 967 1438 1031 det
1468 966 1787 1053 mandata,
1818 969 2112 1055 puellam.
2209 956 2215 961 ⁹
2272 1032 2283 1039 .

379 1098 404 1127 κ
432 1070 595 1133 Haec
624 1080 833 1134 tamen
862 1070 1108 1155 argenti
1140 1078 1425 1155 superest
1454 1067 1905 1155 quodcumque
1933 1068 2181 1157 paterni

2296 1070 2419 1135 355

437 1168 721 1233 Levibus
749 1168 1026 1248 athletis,
1055 1193 1128 1233 ac
1157 1191 1307 1233 vasa
1333 1158 1671 1232 novissima
1698 1168 1914 1233 donat.

436 1268 668 1334 Multis
700 1292 800 1343 res
827 1281 1100 1355 angusta
1129 1269 1337 1334 domi:
1387 1267 1498 1355 sed
1527 1268 1703 1332 nulla
1731 1268 2041 1355 pudorem

432 1370 835 1457 Paupertatis
864 1370 1082 1449 habet,
1111 1393 1225 1435 nec
1256 1393 1319 1434 se
1350 1369 1614 1433 metitur
1644 1369 1726 1433 ad
1755 1370 1960 1447 illum,

434 1469 644 1545 Quem
663 1471 988 1536 dedithaec
1005 1472 1370 1558 posuitque,
1394 1470 1673 1534 modum.
1710 1472 1954 1535 Tamen
1976 1472 2129 1536 utile
2150 1473 2305 1561 quid
2317 1472 2418 1550 sit,

433 1570 836 1657 Prospiciunt
866 1570 1211 1658 aliquando
1238 1571 1398 1634 viri:

2293 1572 2421 1638 360

1443 1570 2155 1661 frigusque.famemque

431 1671 724 1734 Formica
753 1671 1007 1736 tandem
1032 1672 1292 1758 quidam
1324 1693 1631 1757 expavere
1660 1671 1975 1757 magistra.

375 1786 386 1861 f
432 1769 711 1856 Prodiga
738 1794 864 1836 non
895 1774 1083 1837 sentit
1113 1782 1481 1860 pereuntem
1511 1771 1745 1835 femina
1773 1794 2051 1851 censum,

374 1921 381 1928 -
432 1876 555 1951 Ac,
586 1875 764 1941 velut
793 1877 1103 1942 exhausta
1124 1875 1438 1940 recidivus
1459 1874 1731 1961 pullulet
1765 1899 1909 1940 arca

339 2065 388 2111 4.
417 2064 462 2112 1.
478 2077 577 2124 ως.
597 2065 714 2113 Tac.
737 2068 864 2112 Ann.
885 2065 980 2114 x1.
1000 2066 1080 2112 35.
1104 2071 1151 2110 ct
1168 2078 1275 2123 sup.
1297 2077 1345 2109 v.
1408 2065 1595 2118 amicas,
1609 2079 1729 2124 quas
1741 2048 2160 2129 honestasclicutaae,
2175 2067 2299 2114 dixit
2316 2068 2418 2115 Ho-

343 2129 456 2184 234.
482 2128 591 2175 235.
617 2130 827 2188 Lepidus
847 2139 1009 2175 autem
1030 2132 1163 2174 lusus
1182 2131 1347 2173 verbo-
1410 2137 1499 2171 rat.
1524 2128 1614 2175 Od.
1642 2129 1707 2174 11.
1736 2129 1812 2175 18.
1835 2130 1884 2177 8.
1916 2131 1998 2176 ubi
2033 2146 2075 2175 v.
2109 2130 2239 2177 Jani.
2305 2131 2420 2179 854.

339 2207 474 2246 rum,
493 2193 719 2239 emtodire
733 2194 1052 2240 custodes—ab
1073 2195 1168 2239 illis
1186 2193 1346 2249 incipit

341 2271 482 2315 actor,
519 2259 742 2302 custodes
776 2259 849 2303 vel
890 2257 1093 2315 pecunia
1124 2270 1346 2303 conrum-

343 2334 486 2379 pens,
524 2320 602 2381 (ut
640 2333 746 2379 sup.
784 2335 828 2365 v.
864 2318 996 2380 234.)
1034 2323 1106 2367 vel
1139 2323 1259 2367 adeo
1290 2322 1352 2366 ad

338 2386 656 2430 concubitum
681 2385 958 2430 sollicitans.

375 2495 382 2498 .
407 2447 522 2495 350.
547 2447 846 2494 Describitur
864 2448 1019 2508 puella
1036 2462 1158 2508 vaga
1171 2453 1220 2494 et
1237 2460 1351 2505 pau·

337 2514 560 2571 percula,
573 2526 683 2571 quae
691 2512 878 2571 pedihus
893 2514 1072 2559 incedit
1090 2526 1172 2571 per
1182 2512 1353 2557 silicem

343 2581 523 2630 atrum,
561 2576 609 2621 h.
640 2590 681 2622 e.
706 2578 889 2633 plateas
921 2578 1184 2622 lutulentas
1220 2576 1351 2621 silice

342 2647 537 2687 stratas.
575 2641 651 2686 Cf.
675 2642 815 2699 Prop.
840 2642 908 2687 11.
945 2641 1024 2687 23.
1051 2639 1127 2686 15.
1161 2645 1207 2683 et
1234 2641 1349 2684 Pru·

341 2706 476 2753 dent.
519 2713 685 2751 contra
711 2704 898 2764 Symm.
933 2719 976 2749 v.
1012 2704 1123 2751 582.
1159 2704 1347 2748 Salicem

342 2773 501 2824 atrum
523 2771 581 2814 ad
601 2770 932 2827 pavimentum
959 2771 1103 2815 Rom.
1115 2783 1174 2814 ex
1197 2768 1344 2826 lique·

344 2833 484 2894 factis
504 2833 745 2878 montium
770 2833 1041 2879 ardentium
1060 2829 1346 2893 ejectamen·

344 2897 407 2939 tis
448 2897 801 2955 congelatisque
840 2898 1162 2955 compositum
1202 2897 1350 2942 refert

345 2959 540 3007 XVakef.
562 2963 621 3006 ad
647 2959 840 3006 Lucret.
862 2960 906 3009 1.
927 2962 1038 3008 316.

404 3023 516 3069 351.
565 3024 837 3083 Descriptio
883 3034 1111 3071 matrona>
1155 3024 1347 3079 nobilis,

345 3101 450 3146 quae
482 3089 649 3133 lectica
668 3089 742 3132 vel
770 3089 888 3133 sella
918 3088 1046 3146 vehi,
1069 3095 1116 3133 et
1142 3102 1169 3134 a
1189 3089 1346 3146 Syris,

341 3153 389 3196 h.
408 3166 451 3198 e.
476 3152 647 3209 servis,
662 3152 837 3210 gestari
862 3154 1060 3200 solebat.
1102 3152 1347 3206 lmegorum

345 3215 595 3275 Syrorum,
613 3230 657 3260 v.
682 3217 741 3260 ad
763 3216 859 3263 111.
883 3216 992 3264 240.
1012 3227 1060 3262 et
1085 3217 1128 3262 1.
1151 3214 1229 3260 64.

405 3279 680 3328 352-365.
714 3280 906 3325 Vitium
929 3282 1059 3327 aliud
1084 3280 1343 3325 mulierum

338 3351 554 3397 notatur,
576 3346 725 3402 quod,
746 3346 967 3403 quamvis
1001 3356 1249 3404 pauperes,
1272 3351 1345 3388 ta·

1411 2191 1543 2236 Nat»
1555 2195 1687 2250 icem,
1718 2201 1772 2239 ut
1808 2201 1909 2240 tam
1953 2196 2088 2240 dives
2126 2210 2182 2242 ac
2225 2198 2419 2254 nobilis,

1411 2269 1558 2314 quam
1581 2256 1786 2317 fecunda
1797 2259 2013 2313 videatur
2028 2266 2195 2305 mater.
2215 2263 2417 2321 flamm,

1416 2322 1652 2376 pulcram,
1679 2335 1724 2368 v.
1758 2322 1949 2381 sup5ad
1982 2322 2043 2369 V.
2080 2321 2186 2368 115.
2240 2323 2353 2372 355.
2371 2326 2420 2373 6.

1417 2381 1493 2430 cf.
1518 2383 1826 2430 Martial.1V.
1847 2384 1924 2432 28.
1940 2386 2140 2449 athletis,
2155 2401 2272 2447 quos
2285 2396 2421 2437 amat

1417 2453 1464 2490 et
1481 2447 1768 2506 quibuscum
1787 2452 2071 2496 concumbit.
2103 2452 2311 2505 Quidam
2332 2466 2418 2513 pu·

1418 2515 1544 2567 tant,
1567 2511 1656 2556 hoc
1678 2526 1780 2557 esse
1802 2515 2076 2559 obscoenum
2111 2519 2310 2563 verbum
2332 2531 2419 2577 pro

1416 2575 1496 2630 iis,
1541 2575 1625 2633 qui
1664 2587 1776 2621 cum
1820 2590 1875 2622 ea
1908 2584 2052 2635 caput
2083 2579 2328 2635 limax-ent,
2363 2587 2418 2628 ut

1419 2640 1543 2702 Gall.
1568 2639 1630 2684 les
1647 2640 1887 2698 piqucurs.
1938 2639 2151 2694 Levibus,
2174 2644 2421 2703 mollibuu,

1414 2706 1610 2760 teneriS,
1631 2704 1923 2759 inberbibus,
1952 2703 2022 2766 (v.
2054 2707 2114 2752 ad
2149 2706 2241 2751 111.
2280 2704 2417 2769 111.)

1413 2769 1488 2813 vel
1511 2769 1671 2826 potius
1692 2768 1928 2824 depilibus
1950 2782 1989 2813 s.
2022 2770 2193 2827 vulsis,
2219 2772 2304 2828 qui
2336 2786 2421 2818 ex-

1412 2833 1575 2891 emplo
1592 2830 1812 2876 mollium
1840 2833 2067 2886 virorum,
2092 2833 2242 2892 glabri
2268 2841 2322 2880 ut
2344 2849 2417 2882 es-

1411 2905 1538 2951 sent,
1576 2897 1771 2955 barbam
1810 2896 2023 2954 pilosque
2054 2897 2145 2943 sibi
2180 2899 2419 2945 vellebant

1411 2961 1486 3005 vel
1527 2960 1668 3006 evelli
1707 2961 1954 3004 curabant.
2006 2975 2112 3006 vara
2148 2964 2420 3017 novissima,

1410 3032 1646 3077 extrema,
1665 3038 1775 3084 quoe
1798 3025 1955 3071 adbuc
1978 3025 2162 3085 reliqua
2185 3034 2314 3074 sunt.
2338 3028 2419 3074 ef.

1470 3150 1742 3199 357—365.
1760 3147 1908 3197 Multi
1926 3160 2036 3198 sunt
2052 3167 2312 3215 pauperes,
2332 3157 2418 3202 sed

1408 3215 1634 3262 mulieres
1656 3217 1937 3276 plerumque
1951 3218 2127 3269 minuS,
2146 3234 2291 3279 quam
2310 3221 2418 3275 riri,

1408 3280 1702 3339 paupertatis
1756 3295 1811 3325 ac
1854 3282 2141 3328 facultatum
2181 3286 2420 3331 rationem

1409 3348 1601 3400 habent.
1665 3344 1837 3391 Multis
1856 3354 1927 3391 est
1950 3358 2023 3392 ret
2052 3346 2304 3407 familiaris
2335 3362 2420 3394 an·

340 3422 454 3463 men
502 3409 734 3467 prodigae,
786 3409 836 3453 in
887 3409 1110 3455 libidines
1154 3407 1345 3466 potissi·
1403 3415 1564 3470 gusta,
1586 3409 1776 3467 exigua.
1802 3423 1967 3468 parva.
2009 3410 2135 3454 nulla
2149 3424 2271 3456 uxor
2285 3410 2420 3459 habet

341 3485 499 3524 mum,
519 3481 567 3517 et
582 3473 849 3517 ambitiosae
863 3473 979 3527 sint,
996 3475 1209 3530 adeoque
1227 3472 1347 3517 divi·
1401 3474 1626 3533 pudorem
1645 3473 1955 3531 paupertatis,
1998 3472 2279 3519 reformidat
2312 3472 2419 3538 ejus

339 3546 414 3581 tes
437 3537 713 3593 nobilesque
738 3537 886 3583 videri
905 3538 1116 3597 cupiant.
1143 3537 1216 3581 Cf.
1239 3549 1348 3595 sup.
1412 3535 1761 3594 turpitudinem
1785 3545 1834 3580 et
1857 3536 2108 3580 infamiam
2128 3549 2144 3590 ς
2182 3538 2277 3591 vel,
2311 3542 2418 3586 nul.

346 3601 409 3645 ad
433 3599 529 3646 111.
556 3599 823 3647 180-183-
842 3587 1049 3647 cohducit
1071 3605 1236 3646 vestem
1258 3609 1350 3648 cet.

340 3665 410 3711 cf.
442 3665 530 3716 inf.
556 3664 674 3714 Vll.
704 3664 811 3712 143.
841 3673 889 3710 et
912 3678 1020 3721 sup.
1042 3667 1102 3710 ad
1127 3662 1348 3710 111.180.

344 3728 455 3774 181.
482 3726 554 3779 m
571 3727 791 3807 0⁸35qu
807 3727 1101 3793 θεραπαίνας.
1120 3726 1255 3775 ἀλλὰ
1273 3746 1350 3788 μα·

342 3792 570 3841 esch-Sao
586 3810 644 3846 us
662 3793 746 3845 «uin
765 3790 941 3851 ᾰξῦδονς,
961 3796 1086 3852 apud
1106 3794 1348 3850 Theophr-

339 3859 489 3908 Char.
507 3857 679 3905 xxii.
700 3855 1023 3923 ἇηλιυθιςίις,
1042 3857 1351 3904 inliberalita-

342 3922 429 3976 tis,
454 3929 508 3966 ut
540 3922 588 3967 h.
613 3924 646 3967 l.
668 3923 964 3974 ambitionis,
986 3923 1222 3968 indicium
1259 3930 1348 3966 est.

341 3987 422 4033 Cf.
443 3985 509 4031 ibi
536 3986 738 4033 casaub.
760 3988 846 4046 qui
866 3990 1011 4032 etiam
1035 3993 1218 4038 monet,
1241 3999 1370 4034 raro.

335 4051 456 4096 olim
477 4056 722 4097 matronas
744 4052 913 4109 pedem
933 4052 1079 4096 domo
1101 4050 1348 4105 extulisse,

334 4127 429 4159 nec
451 4115 500 4159 in
519 4115 766 4172 publicum
779 4115 1018 4173 ⁴prodiisse
1035 4114 1127 4159 nisi
1148 4115 1348 4172 stipatas

336 4179 571 4237 gregibus
606 4180 907 4232 ancillarum.
951 4177 1126 4234 sellam,
1165 4178 1214 4223 in
1252 4192 1349 4238 qua

333 4241 583 4289 deferatur
611 4243 663 4288 in
698 4244 942 4294 theatrum
974 4242 1136 4301 ibique
1167 4244 1347 4288 sedeat.

337 4299 551 4360 cervical,
576 4308 755 4353 lectum
790 4307 840 4352 in
876 4306 1007 4355 sella.
1041 4320 1088 4353 v.
1119 4307 1180 4352 ad
1208 4307 1244 4352 1.
1267 4305 1347 4353 65.

1415 3602 1511 3645 lam
1537 3598 1683 3658 pudet
1708 3600 2018 3657 paupertatis,
2036 3599 2084 3643 in
2105 3614 2249 3658 quam
2269 3615 2419 3652 sesua

1414 3665 1573 3722 culpa,
1598 3662 1930 3721 prodigalitate
1950 3664 2234 3725 luxuriaque
2253 3668 2417 3716 detru-
2440 3695 2446 3701 ·

1414 3730 1507 3786 sit3
1545 3727 1637 3772 nisi
1668 3728 1830 3784 malis,
1866 3728 1991 3772 mella
2020 3727 2150 3774 hahet
2172 3731 2416 3792 pudorem,

1413 3791 1701 3837 modestiam
1725 3791 2135 3851 honestatemque,
2158 3809 2268 3854 quae
2301 3811 2416 3844 cum

1405 3860 1681 3915 paupertate
1713 3852 1970 3917 conjuncta
1990 3870 2093 3903 esse
2114 3861 2249 3905 solet.
2300 3861 2414 3909 358.

1415 3919 1462 3965 9.
1498 3921 1575 3967 cf.
1598 3920 1683 3965 inf.
1708 3920 1802 3966 xl.
1825 3920 1907 3968 35.
1933 3934 2030 3982 seq.
2063 3921 2324 3970 admodum
2345 3926 2415 3971 rei

1414 3985 1665 4030 familiaris
1696 3984 1785 4048 1ut
1826 4000 2040 4032 mensura
2072 4000 2230 4031 census
2265 3987 2413 4034 xlv.

1411 4049 1546 4106 316.)
1561 4063 1607 4095 se
1628 4052 1834 4102 metitur,
1848 4051 1998 4096 vitam
2019 4050 2247 4108 disponit.

1475 4113 1593 4161 361.
1622 4113 1840 4160 Formica
1871 4116 2121 4174 magistra,
2143 4114 2208 4160 cf.
2243 4114 2414 4162 Horat.

1413 4178 1511 4225 Sat.
1537 4179 1576 4223 1.
1603 4177 1738 4230 1.33.
1759 4192 1857 4236 seq.

1472 4241 1585 4288 363.
1617 4241 1800 4286 Versus
1821 4242 2009 4286 delectu
2033 4241 2285 4286 verborum
2309 4244 2416 4301 pul.

1409 4307 1657 4353 cern-imus.
1707 4304 1783 4350 Ac
1812 4306 1967 4363 recepi
2000 4317 2058 4349 ex
2096 4303 2296 4350 dimidia
2316 4306 2415 4357 fere
