2978 4920
969 329 1414 392 SATIRA
1487 328 1624 393 111.

337 502 640 566 Deterius
669 501 885 577 credas
913 501 1169 575 horrere
1194 488 1507 577 incendia,
1539 500 1753 566 labsus

337 604 686 668 Tectorum
717 601 1038 681 adsiduos,
1069 625 1142 666 ao
1172 601 1343 666 mille
1372 602 1655 688 pericula
1683 623 1866 669 saevae

337 703 557 780 Urbis,
589 717 653 769 et
684 707 993 790 Augusto
1024 703 1359 767 recitantes
1389 724 1602 768 mense
1631 707 1901 789 poetas?
1967 736 1972 742 ·

337 805 462 868 Sed
491 806 647 870 dum
679 817 815 870 tota
843 805 1070 868 domus
1098 802 1298 867 rheda
1326 803 1726 889 componitur
1760 826 1906 881 una,

2185 805 2335 867 ·10

336 906 635 971 Substitit
665 907 750 970 ad
771 919 1014 971 veteres
1042 927 1227 969 arcus
1256 903 1707 989 madidamque
1739 905 2057 990 Capenam
2083 930 2101 977 3

332 1009 484 1087 Hic,
517 1009 628 1074 ubi
657 1022 986 1075 nocturum
1011 1009 1228 1072 Numa
1256 1006 1684 1072 constituebat
1714 1007 1947 1073 amicoe.

330 1114 395 1176 N
399 1136 521 1177 unc
550 1113 708 1178 sacri
737 1113 931 1178 fontis
958 1135 1183 1177 nemus
1212 1123 1276 1175 et
1306 1110 1576 1177 delubra
1604 1111 1893 1178 locantur

326 1215 374 1279 J
379 1214 601 1295 udaeis,
633 1239 908 1304 quorum
937 1215 1248 1304 ooph'mus
1274 1213 1648 1301 foenumque
1671 1204 1971 1301 supellex.

246 1449 329 1498 Sil.
368 1447 471 1496 ΙΙΙ.
513 1448 647 1506 429.)
691 1456 747 1495 ut
791 1464 888 1495 non
930 1450 1102 1496 Romae
1139 1462 1256 1501 eum

244 1515 491 1573 praeferas,
514 1515 592 1560 vel
619 1515 685 1559 ibi
719 1516 861 1560 malis
887 1528 1010 1572 esse,
1032 1527 1180 1573 quam
1204 1515 1254 1558 in

243 1578 332 1624 hac
372 1581 510 1636 urbe,
541 1580 624 1623 ubi
657 1578 848 1624 adsidue
880 1580 1010 1625 varia
1045 1577 1258 1636 pericula

240 1641 444 1697 horreas,
457 1651 646 1690 metuas
661 1655 850 1688 necesse
864 1651 932 1689 est
938 1645 1085 1702 ,quod
1101 1643 1258 1687 multo

239 1704 442 1752 deterius
459 1709 774 1761 censendum,
792 1721 940 1767 quam
957 1707 1087 1768 quod
1109 1707 1160 1751 in
1181 1707 1253 1752 lo-

241 1771 309 1815 cis
342 1772 548 1835 desertis
581 1773 780 1818 habite&
848 1771 1253 1832 Frequentissina

240 1834 386 1881 fuisse
407 1835 579 1883 Rofflae
595 1844 644 1883 et
664 1835 872 1882 incendia
894 1843 943 1882 et
960 1839 1119 1884 ruinas
1135 1836 1251 1881 aedi-

244 1899 459 1947 Reiorum
485 1901 629 1964 (inpr.
656 1908 850 1960 propter
880 1902 1056 1947 horum
1085 1901 1252 1945 altitu·

241 1964 403 2010 dinem
460 1973 510 2031 et
559 1967 804 2027 angustias
861 1967 1069 2022 viarum)
1113 1966 1252 2010 docet

245 2025 478 2076 Heubach
494 2026 552 2082 'ia
571 2031 764 2076 Comm.
780 2032 840 2077 de
860 2031 1024 2089 politia
1044 2031 1251 2076 Roman.

242 2089 279 2150 §-
307 2092 384 2141 1⁷.
406 2102 455 2140 et
485 2093 564 2139 45.
617 2095 689 2140 Cf.
726 2094 858 2159 Lips.
892 2096 950 2140 ad
984 2095 1100 2143 Tac.
1123 2093 1254 2139 Ann.

240 2156 354 2204 XV.
375 2158 455 2206 48.
523 2160 569 2205 8.
611 2159 749 2205 Urbis
779 2175 934 2218 eaevoe,
961 2161 1013 2204 in
1047 2171 1145 2220 qua
1178 2165 1249 2203 tot

239 2225 501 2268 metuenda
522 2229 636 2269 sunt
653 2225 880 2283 pericula.

299 2286 347 2334 9.
383 2287 560 2333 Facete
582 2288 707 2333 inter
729 2301 924 2334 summa
947 2288 1093 2334 Urbis
1125 2288 1248 2345 peri-

238 2347 345 2397 cula
367 2357 517 2411 atque
539 2351 848 2399 incommoda
878 2361 1152 2398 recensetur
1173 2353 1250 2396 in-

237 2424 446 2476 portuna
470 2416 708 2460 malorum
738 2422 990 2474 poetarum
1013 2416 1248 2469 recitatio,

238 2482 485 2540 praecipue
501 2492 653 2525 meme
673 2480 905 2538 Augusto,
932 2494 1028 2538 quo
1050 2493 1251 2525 enecan-

237 2549 315 2590 tur
337 2544 589 2589 auditores
604 2551 652 2589 et
675 2544 1045 2604 flagrantissimo
1061 2551 1187 2590 aestu
1203 2549 1254 2587 et

236 2608 518 2654 recitatione
547 2615 822 2667 poetarum,
839 2619 1045 2667 quorum
1081 2614 1130 2653 et
1163 2621 1252 2652 nu-

238 2684 396 2718 merus
419 2679 470 2717 et
493 2674 709 2718 studium
735 2674 975 2718 scribendi
994 2672 1251 2719 recitandi-

239 2749 330 2794 que
362 2743 439 2783 est
471 2745 685 2796 tantum,
728 2746 784 2782 ut
821 2750 880 2782 eo
911 2735 1103 2797 quoque
1135 2737 1252 2782 anni

239 2807 470 2861 tempore,
489 2816 586 2861 quo
608 2803 886 2864 pleriquese
908 2801 1201 2847 subtrahunt
1223 2815 1252 2847 a

239 2867 441 2925 negotiis
455 2867 648 2913 etvrbe
659 2867 933 2924 discedunt,
949 2868 1150 2913 miseros
1163 2867 1248 2911 ho-

242 2930 394 2975 mines
417 2932 495 2976 vel
520 2930 761 2991 precibus,
791 2932 865 2976 vel
890 2932 1177 2976 auctoritate
1192 2944 1249 2977 ac

240 2995 444 3052 praemiis
461 2995 525 3040 ad
547 2996 839 3042 audiendum
861 2995 1105 3041 adliciant.

303 3058 373 3105 10.
408 3063 506 3105 tota
526 3059 707 3111 domus,
727 3059 913 3105 familia
950 3065 999 3105 et
1033 3060 1248 3117 supellex

242 3119 489 3170 Umbricii.
524 3138 621 3170 una
643 3122 804 3180 rheda,
824 3137 922 3183 quo
945 3124 1155 3169 tenuitas
1167 3137 1248 3169 su·

241 3186 482 3243 pellectili·
527 3190 798 3246 denotatur.
885 3187 961 3234 11.
1012 3186 1247 3241 Substitit,

242 3248 530 3306 Umbricius,
570 3266 684 3299 cum
723 3258 864 3310 poeta
897 3253 1098 3311 pedibus
1139 3253 1246 3300 the„

241 3314 347 3359 dam
370 3329 683 3377 proegressus‚
707 3323 944 3373 moratur,
963 3322 1247 3375 exspectans

243 3391 445 3439 currum,
468 3391 520 3427 et
540 3388 809 3426 extremum
832 3380 1247 3439 contemplaturus

243 3445 390 3490 varias
422 3459 480 3492 ac
503 3446 680 3504 soepius
713 3458 743 3490 a
775 3458 827 3491 se
848 3446 1068 3491 visitatas
1087 3452 1247 3503 partes

245 3508 387 3567 urbis,
399 3522 550 3578 quam
573 3522 704 3566 nunc
725 3510 974 3569 relinquit,
995 3516 1051 3554 ut
1068 3510 1244 3567 solent,

244 3573 322 3631 qui
331 3574 494 3635 aliquo
506 3576 764 3634 emigrant.
788 3573 967 3620 Veteres
977 3586 1113 3620 arcus
1121 3574 1246 3620 forte

246 3640 636 3702 aquaeductuum,
659 3641 735 3685 vel
766 3638 983 3693 Romuli,
1007 3638 1091 3697 qui
1124 3639 1243 3686 Inte·

246 3702 339 3747 titii
357 3705 574 3762 primum
593 3710 644 3749 et
676 3710 841 3763 postea
862 3702 1119 3749 marmorei
1138 3704 1241 3749 fue·

243 3773 378 3821 runt3
411 3782 556 3827 quam
576 3768 865 3815 sententiam
883 3774 1078 3826 propter
1091 3769 1241 3828 epith.

243 3833 400 3890 veteres
427 3833 600 3895 ceteris
631 3828 930 3892 prssaeferre'm,
951 3831 1095 3876 modo
1126 3846 1241 3880 con·

246 3899 403 3953 staret,
426 3898 514 3942 hos
535 3910 677 3943 arcus
698 3899 758 3943 ad
780 3903 970 3958 portam
995 3896 1241 3954 Capenam

247 3957 403 4020 finisse.
469 3960 699 4020 Capenam
731 3969 938 4021 portam,
979 3972 1063 4020 per
1094 3974 1242 4019 quam

226 4019 449 4081 'Capuam
470 4026 587 4080 itur,
617 4026 678 4072 ad
708 4027 838 4072 viam
860 4025 1092 4084 Appiam,
1114 4026 1244 4071 unde

248 4086 386 4133 etism
417 4089 577 4150 Appia
607 4091 878 4149 dicebatur-3
913 4090 1044 4142 (hod.
1080 4089 1133 4135 S.
1163 4088 1241 4135 Se-

249 4148 434 4214 bastian)
486 4153 744 4218 madidam,
782 4156 898 4214 quia
949 4167 1096 4213 supra
1131 4165 1239 4199 eam

247 4218 546 4272 aquaeductus
567 4225 829 4279 estfquem
845 4231 976 4264 nunc
997 4219 1242 4277 adpellant

248 4276 416 4327 Arcum
435 4282 704 4335 stillantem,
728 4282 819 4346 (ita
845 4290 939 4328 vet.
966 4282 1147 4340 Schol.)
1169 4282 1243 4327 vel

250 4344 401 4400 potius
431 4353 625 4407 propter
656 4349 833 4403 fontes,
867 4348 952 4406 qui
983 4346 1053 4392 ibi
1088 4353 1244 4403 erant,

1320 1448 1450 1501 unde
1470 1453 1524 1494 et
1555 1447 1821 1503 Fontinali:
1842 1449 2117 1503 vocabatur,
2139 1450 2202 1501 de
2231 1465 2329 1510 quo

1322 1527 1366 1558 v.
1391 1511 1519 1558 Fest.
1554 1520 1602 1558 et
1627 1512 1734 1558 Liv.
1759 1513 1981 1559 XXXV.
2009 1513 2084 1559 10.
2110 1523 2226 1562 extr.
2252 1517 2331 1564 ef.

1323 1577 1535 1622 Martial.
1557 1576 1654 1623 111.
1673 1575 1752 1624 47.

1392 1640 1466 1687 12.
1488 1655 1617 1701 seqq.
1656 1641 1814 1687 Lucus
1836 1650 1936 1687 erat
1961 1643 2009 1688 in
2029 1644 2150 1690 valle
2175 1645 2327 1693 Arici-

1319 1719 1398 1760 na,
1421 1707 1595 1753 Dianae
1616 1718 1769 1763 sacer,
1793 1714 1843 1752 et
1868 1705 2085 1753 camena
2105 1722 2135 1754 a
2157 1709 2330 1756 Numa

1317 1779 1549 1824 sacratus,
1568 1784 1722 1830 quem.
1738 1771 1954 1818 medium
1977 1785 2038 1818 ex
2050 1782 2200 1832 opaco
2222 1787 2329 1836 spe-

1316 1849 1377 1881 cu
1393 1835 1511 1897 fimae
1542 1837 1739 1894 perenni
1772 1837 1955 1894 rigabat
1987 1849 2131 1896 aqua,
2159 1846 2210 1884 et
2242 1840 2328 1885 ubi

1317 1913 1402 1946 rex
1422 1900 1504 1945 ille
1526 1900 1769 1946 similabat
1790 1900 1882 1946 sibi
1914 1914 2027 1949 eum
2063 1901 2165 1947 Dea
2203 1902 2329 1962 Ege.

1318 1965 1387 2011 ria
1419 1977 1704 2022 congressus
1734 1969 1981 2013 nocturnos
2012 1978 2149 2021 essu
2196 1970 2327 2014 unde

1317 2030 1367 2075 h.
1385 2030 1416 2074 l.
1439 2029 1861 2074 nocturnoeamicoe.
1901 2043 1946 2075 v.
1961 2029 2069 2076 Liv.
2089 2030 2128 2076 1.
2151 2031 2228 2080 19.
2244 2032 2325 2080 21.

1318 2094 1521 2152 Dionys.
1545 2092 1611 2139 11.
1636 2092 1714 2139 60.
1738 2105 1836 2150 seq.
1860 2100 1909 2139 et
1931 2094 1996 2139 al.
2064 2094 2158 2141 Sed
2185 2098 2324 2143 lucus

1314 2160 1404 2203 iste
1433 2159 1495 2202 ad
1520 2157 1733 2204 Ariciam
1764 2158 2065 2217 aliquantum
2100 2161 2265 2207 aberat
2295 2174 2326 2208 a

1315 2228 1451 2281 porta
1484 2222 1706 2280 Capena3
1751 2223 1881 2267 unde
1911 2235 2001 2280 pro
2032 2223 2131 2269 Hic
2165 2226 2326 2285 legen.

1313 2289 1432 2332 dum
1457 2286 1740 2332 crediderim
1766 2283 1918 2339 Hinc,
1945 2296 1999 2333 ut
2032 2301 2202 2334 sensus
2226 2291 2317 2336 sit:

1317 2350 1448 2397 Hinc
1487 2362 1763 2409 progressus
1794 2349 2072 2398 Umbricius
2109 2355 2325 2400 substitit

1314 2415 1567 2475 paululum
1623 2415 1685 2459 ad
1747 2415 1915 2462 lucum
1982 2415 2324 2465 Camenarum.

1314 2480 1606 2524 constituebat
1638 2479 1800 2523 amieo:
1832 2481 1999 2530 horam
2035 2490 2322 2543 tempusque

1315 2555 1599 2601 congressus
1606 2544 1984 2603 concubitusque
1997 2560 2011 2589 ε
2037 2546 2166 2592 haud
2178 2547 2336 2593 dubie

1315 2608 1445 2652 enim
1469 2614 1611 2664 poeta
1626 2607 1707 2651 his
1730 2606 1887 2652 verbis
1918 2609 2174 2665 significat,
2199 2610 2325 2669 Ege-

1315 2673 1441 2717 riam
1463 2684 1559 2715 non
1584 2670 1865 2731 Nympham
1900 2673 1977 2717 vel
2001 2671 2215 2725 Musam,
2240 2677 2324 2721 sed

1315 2737 1511 2782 amicam
1533 2735 1582 2780 h.
1616 2748 1658 2781 e.
1692 2734 1911 2793 pellicem
1943 2734 2126 2782 Numae
2156 2737 2324 2798 fuisse,

1317 2802 1445 2860 quod
1467 2799 1615 2845 etiam
1636 2799 1733 2844 illis
1754 2800 2050 2858 temporibus
2070 2801 2203 2848 fama
2220 2804 2326 2852 vul.

1311 2870 1526 2925 gaverat,
1583 2864 1873 2911 Constituere
1892 2865 2138 2923 dicuntur,
2154 2868 2238 2926 qui
2259 2869 2321 2914 de

1312 2931 1471 2987 aliqua
1493 2943 1547 2973 re
1563 2929 1886 2988 paciscuntur,
1904 2929 2031 2974 inter
2045 2942 2166 2989 quos
2188 2932 2248 2977 de
2264 2945 2321 2980 ea

1311 2994 1554 3040 convenit.
1617 2993 1837 3039 Venuste
1871 2994 1921 3039 h.
1941 2995 1977 3041 l.
2011 2995 2073 3040 de
2098 3000 2320 3043 nocturna

1311 3072 1479 3105 amlm·

1380 3121 1459 3174 13.
1498 3136 1677 3179 nemus,
1712 3123 1850 3167 lucus
1890 3121 2231 3179 Camenarum,
2264 3124 2318 3171 in

1312 3200 1409 3247 quo
1423 3185 1541 3248 sous
1560 3195 1608 3232 et
1630 3186 1834 3245 dehcbra,
1857 3188 1985 3233 oedes
2007 3200 2037 3232 a
2059 3186 2227 3235 Numa
2258 3189 2320 3234 iis

1311 3259 1514 3300 sacrata.
1544 3252 1687 3308 sacri,
1709 3258 1763 3297 ut
1784 3255 1952 3298 omnes
1968 3251 2144 3305 fontes,
2164 3251 2319 3305 fluvii.

1311 3329 1472 3375 aquae,
1497 3323 1691 3375 propter
1710 3328 1878 3360 numen
1897 3330 2033 3375 aquoe
2058 3316 2143 3360 inf.
2168 3329 2214 3359 v.
2241 3315 2320 3364 19.

1313 3378 1480 3426 Numa
1504 3381 1671 3426 lucum
1705 3385 1937 3437 praeterea
1968 3392 2314 3439 campumque,

1311 3458 1456 3503 quem
1479 3446 1589 3489 fons
1612 3443 1805 3501 inrigat,
1825 3443 2052 3487 Camenis
2072 3456 2318 3489 consecra-

1311 3514 1446 3553 verat
1468 3515 1517 3552 et
1539 3504 1648 3569 ὕδωρ
1670 3501 1775 3569 heb
1805 3502 1999 3563 ἆτίδυξσ
2022 3506 2123 3557 ταῖς
2144 3505 2316 3557 ’Eccita

1310 3568 1546 3640 vagante,
1584 3568 1699 3621 ἴτυς
1735 3569 2039 3630 hap-Cinnam
2072 3571 2322 3639 noelnpigoes

1309 3635 1522 3697 όγυίζωσι
1543 3635 1623 3682 καὶ
1643 3632 1811 3699 ῥαίνουσι
1844 3632 1899 3681 τὶ
1917 3634 2170 3701 ἐνέης-ερον,
2194 3648 2317 3687 teste

1309 3701 1436 3747 Plut.
1460 3703 1515 3747 in
1534 3701 1703 3747 Numa
1725 3713 1772 3759 p.
1787 3699 1867 3747 68.

1376 3764 1580 3812 14-16.
1613 3764 1817 3822 Judaeie,
1847 3765 2061 3825 primum
2108 3767 2316 3824 Claudii,

1308 3830 1481 3877 deinde
1513 3830 1783 3876 Domitiani
1823 3830 2119 3889 temporibus
2161 3832 2320 3881 Roma

1305 3895 1475 3956 pulsis,
1491 3895 1675 3941 locatus
1689 3901 1789 3939 erat
1800 3895 1953 3951 locus,
1973 3894 2186 3943 Camenis
2197 3899 2316 3944 olim

1307 3974 1454 4011 sacer,
1473 3957 1624 4022 (unde
1646 3959 1717 4004 hae
1741 3954 1874 4011 im&
1894 3961 2047 4020 ejectoe
2067 3961 2317 4020 dicuntur)

1306 4026 1376 4070 ita
1394 4031 1448 4070 ut
1470 4025 1729 4083 quotannis
1750 4022 1995 4072 mercedem
2014 4037 2053 4070 s.
2077 4025 2317 4072 tributum
2364 4075 2368 4080 ,

1302 4090 1586 4149 penderent.
1608 4089 1740 4135 Hinc
1756 4094 1898 4147 pocta
1915 4088 2194 4147 perstringit
2204 4103 2316 4138 ava·

1304 4154 1465 4199 titiam
1502 4152 1878 4212 Imperatorum,
1901 4151 1984 4212 qui
2007 4159 2056 4197 et
2075 4152 2181 4198 loca
2202 4156 2314 4199 reli,

1303 4218 1438 4279 giosa
1456 4215 1783 4278 profanarent,
1801 4224 1850 4262 et
1863 4216 2062 4275 qumviS,
2077 4218 2221 4262 etiam
2240 4230 2315 4262 sa-

1307 4296 1407 4336 cra,
1430 4283 1667 4338 locarent,
1691 4282 1882 4327 lucrum
1913 4294 1973 4325 ex
1994 4280 2119 4324 omni
2138 4281 2312 4331 arbore,

1308 4359 1369 4396 ex
1393 4346 1642 4410 omnibus,
1665 4344 1742 4388 vel
1763 4342 2037 4399 levissimiS,
2067 4344 2206 4388 rebus
2236 4356 2316 4390 ca.

1422 4409 1529 4466 <22
