2978 4920
565 255 718 323 344.
1280 250 1957 319 JUVENALIS

653 439 819 508 Haec
835 459 1095 526 quoque
1125 437 1178 504 si
1205 457 1436 524 rugam
1463 436 1686 517 trahit,
1708 435 2127 525 extenditque
2148 437 2499 516 ‘labellum;
2543 440 2657 505 325

661 533 860 606 Sume
884 540 1048 605 duos
1076 537 1375 625 Equites,
1403 537 1508 603 fac
1537 537 1730 604 tertia
1755 537 2243 626 quadringenta.

659 644 728 709 Si
757 643 1040 708 nondum
1070 640 1307 729 inplevi
1335 640 1675 729 gremium,
1705 641 1763 707 si
1788 641 2096 729 panditur
2123 643 2298 711 ultra
2314 671 2333 710 ε

654 746 793 811 Nec
824 744 1028 810 Croesi
1057 743 1324 809 fortuna
1351 765 1687 830 umquam,
1717 766 1833 809 nec
1864 742 2121 810 Persica
2145 767 2345 833 regna

660 844 1012 912 Subflcient
1041 844 1273 925 anime,
1303 866 1420 910 nec
1448 844 1694 912 divitiae
1724 845 2031 926 Narcissi,

662 947 943 1014 Indulsit
974 949 1190 1013 Coesar
1216 946 1322 1013 cui
1353 946 1670 1013 Claudius
1694 946 1930 1027 omnia,
1960 948 2150 1036 cujus
2547 952 2666 1015 330

660 1049 889 1118 Paruit
918 1048 1222 1137 imperiis,
1253 1070 1520 1115 uxorem
1548 1049 1836 1115 occidere
1856 1049 2097 1136 jussus,

577 1233 766 1290 sidet-et,
801 1232 890 1282 hoc
926 1231 1091 1283 ordine
1129 1239 1179 1281 et
1217 1232 1391 1282 honore
1423 1231 1597 1306 dignus
1658 1238 1786 1282 veste
1827 1232 1994 1299 petita,
2037 1234 2351 1285 continuatur.
2417 1236 2526 1285 Hoc
2567 1252 2664 1285 vero

580 1299 890 1358 censebatur3
923 1305 974 1347 at
1000 1296 1205 1361 dignitas
1231 1298 1336 1346 hec
1363 1311 1516 1361 magis
1536 1311 1596 1345 ex
1657 1296 2001 1362 preferendum
2040 1298 2241 1356 videtur,
2279 1301 2396 1365 quia
2432 1301 2664 1366 subjungi-

580 1363 785 1429 pecunia
830 1361 1086 1428 pendebat,
1126 1377 1270 1428 quam
1308 1376 1370 1411 ex
1407 1360 1598 1410 homine
1660 1369 1737 1410 tur
1934 1366 1944 1376 ‘
2082 1365 2305 1421 labanum
2333 1381 2431 1430 quo
2462 1382 2562 1415 non
2592 1367 2665 1413 mi·

579 1427 777 1493 ejusque
822 1427 1029 1476 moribus
1079 1424 1449 1490 virtutibusque:
1504 1441 1600 1490 quo
1660 1441 1752 1474 nus
1781 1427 1946 1491 aegritu
1980 1444 2009 1477 o
2029 1436 2077 1478 et
2104 1445 2239 1479 mens
2264 1446 2434 1496 parum
2459 1438 2667 1480 contenta

581 1493 726 1542 etiam
735 1499 918 1559 spectat
928 1505 1190 1541 samninus
1201 1506 1308 1558 sup.
1321 1491 1593 1541 111.154-
1663 1491 1984 1544 adumbratur.
2060 1494 2285 1544 Similiter
2315 1494 2465 1560 Angli
2499 1495 2666 1551 dicunt,

589 1558 703 1608 159.
1663 1562 1697 1584 “
1721 1558 1895 1605 tobeml
1926 1558 2000 1606 the
2030 1558 2162 1617 brom,
2182 1562 2275 1608 and
2303 1561 2426 1625 hung
2457 1562 2534 1609 the
2566 1559 2666 1621 lip.”

647 1622 924 1673 325-329.
955 1621 1006 1670 si
1027 1622 1116 1670 hcc
1137 1636 1305 1683 quoque
1324 1635 1494 1669 summa
1515 1620 1601 1672 tibi
1661 1621 1777 1672 326.
1819 1625 1956 1670 tertia
1990 1626 2335 1690 quadringenta,
2378 1632 2475 1673 tres
2518 1639 2670 1673 census

586 1700 685 1736 non
720 1686 926 1744 subiicit,
958 1702 1078 1735 sune
1106 1686 1215 1733 duos
1351 1687 1447 1741 itas,
1480 1685 1529 1734 h.
1555 1702 1602 1735 e.
1663 1693 1918 1750 equestres,
1962 1686 2010 1733 h.
2048 1704 2093 1737 e.
2135 1704 2330 1738 censum
2377 1689 2670 1743 senatorium,

587 1766 708 1864 pai-3
732 1749 1335 1863 61ιίἀρειιιιειιὲιιᾱβείὲισὶζιζιιὶξζιᾱεπ
1336 1750 1606 1862 υξίῐιιιέιιῖξῑ
1667 1750 2138 1865 qzzzAugusmd
2152 1752 2406 1805 duodecies
2415 1753 2670 1803 sestertium

587 1830 630 1864 si
649 1832 665 1864 ι
728 1831 823 1865 non
856 1832 938 1864 um
1120 1832 1137 1863 1
1169 1832 1186 1862 1
1237 1831 1255 1862 1
1393 1848 1408 1870 ‚
1492 1831 1523 1862 u
1589 1832 1601 1861 ε

587 1879 676 1929 sed
700 1881 790 1929 hoc
821 1879 908 1930 tibi
934 1878 1221 1946 persuadeas
1240 1877 1400 1934 velim,
1420 1878 1604 1943 cupidi·
1733 1881 1847 1930 327.
1864 1894 1996 1945 seqq.
2027 1879 2079 1929 Si
2112 1882 2322 1932 nondum
2352 1882 2527 1932 satiavi
2554 1881 2671 1946 cupi·

589 1950 715 1993 tates
746 1958 993 1995 avarorum
1024 1956 1283 2016 numquam
1312 1941 1492 1998 satiari,
1514 1956 1604 1992 nee
1667 1942 1864 1993 (litatem
1884 1952 2032 2002 tuam,
2054 1946 2102 1994 h.
2119 1961 2164 1996 e.
2185 1947 2226 1996 si
2245 1962 2305 1996 ea
2318 1962 2378 1996 ne
2398 1948 2466 1996 sic
2488 1948 2674 2013 quidem

593 2008 705 2057 ullis
722 2007 933 2057 terminis
949 2007 1175 2056 contineri
1197 2019 1347 2070 posse.
1410 2005 1606 2055 Similli-
1667 2007 1881 2063 satiatur,
1913 2009 1996 2058 sed
2027 2010 2068 2058 si
2099 2011 2312 2076 pluribus
2343 2011 2520 2068 inhias,
2556 2012 2679 2077 plum

596 2087 705 2120 mus
722 2072 856 2120 locus
879 2071 912 2119 fi
948 2071 958 2082 '
1016 2086 1077 2120 ue
1096 2068 1250 2119 satirae
1269 2078 1343 2119 est
1370 2086 1449 2135 ap.
1471 2071 1608 2123 Pers.
1668 2073 1986 2138 concupiscis:
2036 2090 2126 2124 nec
2169 2076 2344 2134 Croesi,
2386 2092 2477 2127 nec
2523 2091 2678 2141 regum

595 2137 693 2185 vl.
712 2087 1067 2194 75——800mffcc
1086 2151 1251 2199 quoque
1269 2149 1455 2185 summa
1469 2137 1510 2183 εἰ
1523 2153 1605 2185 ru-
1669 2137 1939 2195 Persarum,
1958 2153 2046 2188 uec
2066 2140 2282 2189 Narcissi
2308 2157 2425 2206 opes
2454 2143 2676 2204 adficient

587 2218 701 2266 gam
720 2201 860 2249 trahit
876 2202 1151 2263 extenditque
1177 2200 1401 2257 labellum,
1422 2207 1478 2248 ut
1495 2216 1607 2250 con-
1669 2204 1816 2250 animo
1834 2210 1934 2260 tuo,
1955 2202 2006 2253 h.
2023 2219 2070 2253 e.
2103 2204 2292 2255 avidam
2325 2214 2539 2256 mentem
2559 2214 2677 2255 tuam

593 2273 673 2314 tra
684 2268 791 2330 jam
809 2266 927 2314 redit
949 2266 1002 2313 in
1023 2281 1081 2312 ru
1188 2300 1203 2322 ,
1235 2263 1285 2315 h.
1303 2279 1349 2313 e.
1379 2265 1518 2314 multi
1550 2265 1609 2315 li-
1672 2267 1947 2332 explebunt.
2012 2269 2166 2318 Poeta
2198 2275 2297 2319 toto
2328 2270 2376 2318 h.
2404 2270 2440 2319 l.
2473 2286 2587 2319 cum
2615 2270 2678 2317 in-

591 2337 747 2387 catur,
764 2339 1070 2381 romulam
1133 2348 1250 2385 ona,
1267 2344 1345 2393 ap.
1363 2330 1499 2380 Pers.
1567 2331 1611 2381 Ι.
1671 2328 1944 2395 dignatione
1963 2331 2185 2397 loquitur.
2228 2335 2474 2383 Per-samm
2491 2351 2549 2385 ac
2570 2335 2680 2382 Par-

593 2396 680 2446 79.
700 2395 782 2446 ubi
807 2395 1019 2446 casaub.
1035 2396 1179 2445 verba
1205 2401 1365 2443 nostra
1381 2392 1610 2459 interpre-
1672 2393 1860 2445 thorum
1895 2411 2029 2462 reges
2047 2405 2097 2447 et
2126 2397 2237 2450 olim
2260 2407 2309 2449 et
2332 2407 2438 2447 tum
2467 2398 2680 2465 temporis

597 2466 728 2510 tatur
767 2459 864 2510 ita:
910 2459 950 2509 si
990 2473 1175 2508 summa
1211 2458 1423 2508 nondum
1458 2460 1615 2509 tendit
1672 2460 1982 2526 potentissimi
2018 2471 2155 2513 eraut
2183 2464 2425 2530 iidemque
2460 2463 2689 2513 ditissimi.

601 2541 756 2600 neque
797 2524 958 2591 explet
996 2523 1300 2598 marsupium,
1329 2523 1415 2573 sed
1455 2523 1612 2575 adhuc
1676 2524 1754 2575 cf.
1771 2526 1900 2592 Intp.
1917 2526 2084 2578 Horat.
2108 2528 2207 2579 Od.
2226 2530 2298 2578 ΙΙ.
2319 2532 2369 2579 2.
2388 2532 2472 2580 17.
2490 2544 2622 2594 seqq.
2642 2535 2686 2576 et

599 2589 738 2639 hians
758 2597 808 2640 et
823 2589 984 2639 laxum
1004 2596 1078 2638 est
1093 2604 1147 2638 os
1166 2588 1311 2639 illius.
1355 2589 1497 2638 Meta
1529 2588 1612 2638 ho-
1675 2589 1780 2639 III.
1797 2591 1846 2640 9.
1865 2592 1914 2640 4.
1945 2593 2059 2641 330.
2083 2594 2423 2644 Commentarii
2450 2595 2557 2642 loco
2581 2600 2683 2642 sunt

599 2669 704 2705 ram
733 2662 872 2720 putat
900 2654 1167 2704 desumtam
1195 2666 1298 2702 esse
1329 2667 1362 2702 a
1383 2653 1503 2703 vesti
1536 2671 1610 2712 us,
1676 2655 1820 2704 verba
1848 2654 1977 2705 Suet.
1998 2657 2172 2708 Claud.
2192 2660 2276 2708 28.
2297 2659 2372 2708 cf.
2393 2657 2461 2722 ej.
2478 2673 2588 2723 cap.
2612 2659 2686 2708 26.

599 2734 805 2785 quarum
839 2718 902 2769 sit
935 2716 1173 2783 proprium
1208 2733 1406 2783 rugat-03
1438 2725 1494 2766 ut
1529 2718 1612 2769 alii
1674 2718 1756 2783 29.
1774 2720 1857 2769 39.
1888 2728 1937 2770 et
1963 2721 2080 2770 Tac.
2099 2722 2230 2772 Anu.
2262 2724 2355 2772 XI.
2380 2725 2463 2774 12.
2481 2725 2688 2772 26-38.

600 2797 635 2832 a
654 2798 810 2842 sacco,
832 2781 915 2848 qui
932 2797 1079 2847 quum
1111 2781 1280 2847 plenus
1311 2797 1405 2830 non
1434 2781 1514 2840 sit,
1535 2799 1614 2833 ru-
1676 2798 1870 2841 uoeorem,
1923 2786 2274 2845 Messallinam,
2328 2803 2438 2851 quse
2505 2795 2686 2854 propter

603 2863 716 2913 gam
745 2847 918 2897 trahat.
981 2846 1136 2895 Vetus
1174 2853 1333 2896 autem
1371 2846 1530 2896 Schol.
1565 2856 1616 2897 et
1677 2846 1963 2898 adulterium
1981 2857 2032 2900 et
2060 2853 2252 2919 nuptias
2278 2867 2389 2903 cum
2416 2850 2553 2910 Silio,
2575 2852 2685 2903 alia-

602 2912 723 2977 pleri
755 2928 819 2961 ue
850 2911 1004 2977 intpp.
1038 2926 1227 2961 sensum
1264 2911 1512 2961 verborum
1545 2911 1617 2962 ita
1676 2925 1770 2978 que
1797 2912 1992 2978 flagitia,
2016 2925 2206 2966 auctore
2242 2917 2542 2984 potissimum
2571 2918 2689 2966 Nar-

600 2991 633 3027 e
760 2977 881 3027 'untz
917 2978 957 3026 si
976 2976 1072 3025 hec
1104 2991 1271 3038 quoqne
1287 2991 1456 3024 summa
1474 2993 1616 3041 rugas
1678 2976 1816 3039 cisso,
1839 2979 1996 3028 occisa
2015 2988 2103 3038 est,
2122 2981 2271 3031 inscio
2302 2989 2354 3032 et
2375 2981 2524 3031 invito
2551 2981 2689 3030 olau-

606 3038 660 3087 in
690 3041 841 3090 fronte
860 3047 947 3090 tua
962 3038 1213 3097 contrahit,
1234 3039 1284 3088 h.
1303 3056 1347 3090 e.
1366 3048 1416 3095 te
1435 3041 1618 3091 tristem
1679 3040 1776 3099 dio,
1803 3044 1886 3108 qui
1923 3044 2108 3095 veniam
2143 3047 2189 3097 ei
2219 3045 2417 3096 daturus
2452 3053 2572 3104 erat,
2605 3044 2690 3094 nisi

604 3102 737 3160 tacit,
760 3104 973 3168 adeoque
1002 3103 1090 3154 tibi
1121 3103 1362 3171 displicet„
1376 3120 1473 3155 non
1503 3106 1620 3155 satis
1678 3104 1873 3155 libertus
1897 3107 1979 3162 ille
2004 3110 2187 3162 codem
2217 3110 2501 3162 festinasset·
2536 3111 2616 3162 Cf.
2633 3109 2691 3160 ad

606 3183 784 3231 magna
793 3167 1000 3218 videtur.
1060 3168 1193 3217 Illud
1213 3167 1425 3218 adridere
1444 3177 1618 3234 potest,
1681 3171 1746 3223 X.
1765 3173 1876 3222 342.

602 3231 831 3298 quoniam
867 3238 970 3283 tum
1005 3248 1056 3284 v.
1091 3233 1206 3286 327.
1254 3233 1547 3301 metaphora,
1588 3250 1619 3285 a
1822 3232 1826 3239 ’
