2978 4920
967 359 968 362 κ
1008 323 1454 394 SAT1RA
1514 321 1712 390 VIII.

404 509 681 593 Silanus,
709 515 1116 596 quocumque
1144 507 1268 574 alio
1296 507 1378 572 de
1406 508 1732 593 sanguine,
1763 527 1947 575 rarus

1850 581 1871 600 ‘-

409 611 585 674 Civis
614 623 674 686 et
704 609 996 696 egregius
1023 607 1246 695 patriae
1275 608 1587 694 contingis
1614 610 1847 676 ovanti.
1884 617 1889 622 “
2002 695 2009 702 .

405 712 983 791 Exclamare-libet,
1013 711 1292 799 populus
1320 711 1500 799 quod
1530 712 1782 791 clamat,
1814 713 1983 779 Osiri
2084 755 2090 759 -
2180 765 2187 778 ,

408 816 700 878 Invent0.
748 813 904 891 Quis
932 813 1098 880 enim
1126 835 1500 899 generosum
1530 812 1763 878 dixerit
1793 814 1986 893 hunc,
2016 814 2134 900 qui

2322 817 2409 878 30

410 916 726 1003 Indignus
753 939 1002 1002 genere,
1033 927 1095 980 et
1125 916 1428 1002 praeclaro
1449 914 1699 980 nomine
1728 928 1979 982 tantum

411 1015 729 1103 Insignis?
775 1017 1029 1080 Nanum
1055 1015 1388 1103 cujusdam
1419 1016 1693 1082 Atlanta
1720 1039 2050 1082 vocamust

411 1117 781 1206 Ailthiopem
812 1142 1116 1206 cycnum:
1164 1142 1422 1205 pravam
1454 1131 1897 1206 extortamque
1926 1119 2230 1206 puellam·

410 1221 750 1306 Europen:
798 1219 1289 1307 canibus'pigris
1318 1219 1652 1306 scabieque
1682 1231 1937 1285 vetusta

408 1322 715 1400 LevibuS,
744 1335 810 1388 et
840 1323 1019 1388 siccae
1049 1322 1476 1388 lambentibus
1504 1346 1616 1387 ora
1643 1322 1917 1390 lucernae

2323 1325 2410 1386 35

409 1424 657 1487 Nomen
685 1422 804 1488 erit
833 1424 1094 1509 pardus,
1127 1423 1330 1509 tigriS,
1361 1423 1482 1502 leo,
1516 1423 1567 1487 si
1597 1423 1756 1510 quid
1787 1424 1997 1490 adhuc
2026 1436 2145 1501 est,

408 1524 598 1601 Quod
625 1524 854 1589 fremat
884 1524 949 1588 in
980 1524 1163 1589 terris
1192 1524 1547 1590 violentius.
1636 1527 1817 1612 Ergo
1844 1527 2103 1592 cavebis.

407 1627 498 1690 Et
530 1600 759 1720 mettis,
788 1649 867 1690 ne
898 1637 970 1690 tu
1003 1626 1087 1691 sis
1118 1627 1409 1691 Creticus
1436 1638 1551 1691 aut
1586 1628 1975 1693 Camerinus.

495 1727 622 1790 His
652 1750 770 1812 ego
790 1750 982 1814 quem
1012 1728 1275 1794 monui?
1321 1740 1529 1793 tecum
1561 1737 1656 1793 est
1686 1727 1842 1794 mihi
1872 1751 2095 1807 serm0,
2121 1729 2381 1795 Rubelli

443 1895 606 1962 nisque
647 1898 823 1948 ratione
860 1898 1039 1948 habita„
1104 1899 1225 1947 Haec
1262 1906 1334 1948 est

464 1977 568 2011 mm
619 1963 879 2017 sententia:
922 1963 1007 2012 sed
1046 1963 1193 2012 oratio
1237 1979 1334 2012 non

324 2017 448 2076 Bene
467 2026 587 2077 fluit.
629 2028 725 2078 Pto
747 2045 1014 2091 quocumque
1034 2044 1081 2077 v.
1101 2030 1184 2076 27.
1217 2027 1333 2076 forte

323 2089 420 2154 leg.
450 2108 702 2155 quorumve,
730 2094 874 2150 salve,
891 2100 944 2139 ut
971 2092 1059 2141 Gr.
1087 2095 1240 2159 χαῖρε,
1262 2101 1336 2142 est

323 2155 492 2203 vocab.
522 2155 710 2221 pietatis
746 2164 888 2220 atque
921 2156 1108 2204 honoris
1135 2172 1175 2203 s.
1202 2172 1333 2205 reve·

322 2219 491 2268 rentiae
511 2235 622 2283 quo,
641 2219 925 2284 quicumque
957 2236 1016 2269 ea
1037 2219 1337 2282 dignissimus

323 2292 417 2340 est,
451 2290 500 2332 et
531 2282 666 2347 cujus
696 2283 901 2333 favorem
933 2284 1208 2348 expetimus,
1238 2282 1336 2332 sive

318 2345 393 2395 sit
412 2349 563 2403 Deus,
585 2348 682 2395 sive
701 2348 856 2403 homo,
876 2348 974 2396 sive
996 2348 1114 2397 adeo
1136 2363 1224 2402 res,
1247 2362 1334 2396 nu-

324 2410 473 2458 minis
494 2410 596 2459 loco
615 2412 762 2469 culta,
785 2412 1109 2477 compellatur.
1174 2411 1332 2459 Goetu·

321 2477 446 2534 licut
494 2490 752 2538 cognomen
802 2477 861 2525 C.
901 2474 1111 2525 Cornelii
1150 2477 1339 2525 Lentuli

325 2538 486 2595 Cossi,
510 2540 634 2602 quod
666 2541 710 2589 ei
737 2540 933 2590 devictis
955 2539 1157 2590 Gaetulis
1175 2541 1340 2589 datum

327 2611 418 2652 est.
439 2619 485 2652 v.
507 2603 631 2653 Flor.
654 2606 750 2655 IV.
776 2607 849 2655 12.
866 2607 947 2654 40.
1010 2605 1207 2662 Silanus,
1230 2620 1339 2670 cog-

316 2667 501 2721 'nomen
523 2670 555 2718 J
558 2669 681 2717 uniae
701 2669 872 2733 gentis.
1195 2703 1199 2706 «

395 2734 475 2781 29.
510 2733 631 2783 Haec
654 2741 869 2799 spectant
887 2733 949 2783 ad
981 2740 1143 2781 notum
1164 2748 1341 2781 morem

326 2797 681 2863 AEgyptiorum,
727 2813 758 2846 a
804 2798 974 2872 quibus
1017 2797 1164 2846 forma
1209 2796 1341 2846 bovis

331 2862 573 2911 colebatur
592 2863 746 2919 Osiris,
758 2867 840 2927 qui
857 2861 1183 2925 agriculturam
1206 2867 1255 2909 et
1269 2861 1339 2909 vi-

328 2924 449 2974 tium
487 2928 794 2991 arborumque
833 2925 1217 2975 conserendamm
1264 2939 1337 2973 ar-

329 2997 429 3038 tem
461 2990 705 3046 invenisse,
728 2990 954 3055 cujusque
986 2989 1143 3038 anima.
1172 2988 1223 3037 in
1254 2990 1338 3037 bo-

330 3070 442 3103 vem
453 3055 519 3102 mi
573 3071 674 3104 asse
694 3057 961 3120 putabatur.
993 3055 1136 3126 Iiunc
1151 3055 1337 3129 bovem,

331 3134 482 3232 ἓξὲξ
520 3120 1341 3240 03303331'2222130523'ffegzffi

332 3245 385 3295 in
410 3247 536 3299 fonte
559 3251 808 3303 necabant,
832 3257 881 3297 et
899 3263 1008 3296 cum
1040 3248 1172 3296 luctu
1204 3247 1339 3312 plan-

333 3319 509 3376 ctuque
560 3315 838 3378 quoerebant
889 3312 1050 3367 alium,
1099 3327 1238 3376 quem
1289 3311 1341 3359 in

331 3374 435 3439 ejus
453 3377 609 3427 locum
626 3377 987 3435 substituerent3
1054 3392 1114 3424 uo
1136 3374 1339 3432 invento,

325 3439 424 3504 ipsi
462 3457 571 3490 cum
608 3443 781 3507 populo
819 3441 1034 3491 exclama
1069 3447 1176 3488 ant:
1224 3438 1341 3506 nigni-

330 3506 925 3634 ’1‘52‘12’553’535‘3‘35’3051
932 3504 1343 3619 {233¹.¹{·0l1¹1·1.⁵33:

330 3633 512 3682 Tibull.
554 3636 598 3686 I.
638 3637 686 3685 7.
730 3638 811 3684 27.
854 3651 952 3698 seq.
1009 3642 1058 3682 et
1095 3635 1127 3683 J
1131 3632 1343 3681 ablonski

334 3699 515 3747 Panth.
532 3702 644 3764 AEg.
661 3699 743 3748 lib.
763 3700 835 3747 II.
858 3715 900 3748 c.
917 3701 961 3746 1.
982 3699 1039 3748 Τ.
1052 3699 1094 3747 I.
1113 3715 1163 3763 p.
1186 3700 1344 3746 122-

336 3764 449 3812 156.
471 3773 519 3812 et
538 3781 581 3813 c.
603 3765 650 3812 6.
670 3781 720 3829 p.
740 3765 852 3813 258.
870 3765 981 3813 259.

400 3829 479 3876 30.
513 3831 595 3877 31.
628 3829 831 3901 Egregia
872 3825 1119 3879 sententia.
1155 3841 1260 3888 quae
1296 3841 1342 3873 v.

332 3894 546 3941 32—38.
587 3892 837 3957 aptissimis
867 3891 1093 3956 exemplis
1121 3890 1341 3938 inlustra-

332 3964 426 4005 tur.
492 3959 698 4007 32—38.
735 3958 866 4006 Cave
888 3973 947 4006 ue
979 3972 1063 4021 per
1090 3954 1343 4003 ludibrium

333 4020 420 4068 tibi
460 4022 620 4084 magni
660 4020 905 4086 cujusdam
946 4018 1207 4083 nobilisque
1257 4017 1342 4066 viri

331 4101 507 4135 nomen
535 4085 735 4134 inditum
757 4085 902 4133 videri
934 4083 1093 4150 possit,
1116 4082 1342 4146 quemad-

335 4150 529 4199 modum
540 4167 700 4208 nanus,
720 4149 880 4215 (νέης,
894 4147 1103 4213 pumilio,
1119 4149 1343 4196 hmnosuos

334 4217 526 4264 breviter
543 4224 769 4262 concretus
786 4218 838 4262 in
867 4225 994 4261 artus
1014 4214 1155 4276 Prop.
1178 4214 1272 4261 IV.
1294 4214 1343 4261 8.

335 4279 445 4340 41.)
461 4281 570 4331 κατ’
590 4278 844 4346 &respectes
863 4277 942 4326 καὶ
961 4277 1178 4345 εἰρωνείαν,
1194 4278 1254 4326 ab
1270 4275 1340 4324 in-

328 4342 597 4415 ridentibus
617 4345 692 4394 vel
722 4341 1133 4394 adblandientibus
1154 4343 1282 4391 Atlas
1303 4355 1342 4390 ι.

320 1914 358 1946 0

324 1977 407 2010 vel·

1396 1896 1546 1962 gigas,
1591 1899 1805 1960 AEthiops,
1849 1898 1980 1962 niger
2030 1899 2185 1955 bomo.
2224 1917 2409 1964 cycnus,

1396 1978 1501 2026 quae
1525 1962 1730 2011 candida
1752 1963 1853 2012 avis
1872 1971 1959 2020 est,
1984 1964 2059 2012 vel
2089 1981 2230 2026 parva
2249 1969 2408 2013 distor-

1397 2035 1528 2089 taque
1554 2029 1708 2089 puella
1742 2028 1923 2090 Europa
1952 2028 2109 2077 vocari
2146 2030 2280 2078 solet.
2328 2030 2412 2079 Cf.

1397 2092 1566 2142 Horat.
1587 2093 1688 2141 Sat.
1710 2092 1754 2141 I.
1774 2094 1821 2141 3.
1843 2095 1925 2142 44.
1945 2108 2042 2156 seq.
2110 2094 2292 2156 Europa
2324 2110 2412 2160 pn»-

1398 2155 1495 2203 ella
1538 2156 1754 2212 formosa,
1796 2172 1997 2222 eamque
2036 2158 2097 2207 ob
2139 2173 2332 2207 causam
2381 2173 2415 2206 a

1398 2219 1523 2267 Jove
1544 2228 1720 2268 amata.

1463 2284 1546 2331 35.
1579 2284 1784 2338 Levibus,
1824 2282 2058 2349 depilatis,
2097 2288 2251 2341 scabie,
2305 2287 2415 2351 pilis

1400 2345 1726 2395 decidentibus
1756 2349 2052 2411 proescabie.
2122 2350 2261 2398 Canes
2283 2355 2412 2401 εἰσι-«τ

1401 2412 1632 2459 lambentes
1662 2428 1741 2459 m
1773 2413 1982 2470 lucernae,
2003 2412 2052 2460 h.
2069 2427 2115 2464 e.
2148 2414 2274 2465 fame
2300 2430 2412 2465 con·-

1397 2474 1513 2525 fecti
1533 2483 1582 2524 et
1598 2475 1756 2524 torridi
1773 2474 1960 2524 macie.⁸

1468 2539 1550 2588 36.
1581 2539 1856 2603 Legendum
1886 2547 2000 2604 puto
2022 2558 2098 2590 seu
2127 2545 2236 2606 quid
2265 2544 2415 2591 aevum:

1402 2611 1482 2651 est.
1547 2606 1628 2652 38.
1663 2604 1735 2652 Ne
1756 2606 1829 2659 sis,
1853 2619 1913 2651 ne
1943 2621 2027 2669 per
2060 2606 2310 2654 ludibrium
2330 2622 2414 2655 vo-

1402 2667 1518 2715 ceris
1554 2667 1795 2726 Creticus3
1831 2668 1906 2716 vel
1940 2668 2095 2734 potius
2130 2684 2189 2717 ne
2227 2670 2414 2719 nomine

1403 2737 1588 2780 tantum
1610 2740 1657 2781 et
1690 2747 1861 2796 genere
1882 2732 1946 2780 sis
1968 2731 2160 2780 nobilis:
2195 2732 2283 2780 nisi
2301 2734 2419 2782 forte

1402 2795 1498 2860 leg.
1524 2814 1581 2845 ne
1597 2806 1651 2844 tu
1670 2799 1748 2852 sic,
1772 2795 1940 2845 eadem
1963 2796 2196 2853 inrisione,
2217 2798 2318 2846 scil.
2343 2798 2416 2847 dis-

1403 2859 1543 2910 caris.
1608 2859 1686 2909 Cf.
1718 2876 1762 2908 v.
1797 2863 1878 2909 53.
1925 2861 2127 2911 Creticus
2158 2877 2418 2926 cognomen

1405 2926 1469 2982 Q.
1484 2924 1666 2973 Caecilii
1677 2923 1881 2980 Metelli,
1898 2925 1980 2990 qui
2002 2941 2046 2975 a.
2063 2926 2127 2973 U.
2140 2928 2252 2976 684.
2266 2953 2271 2957 ·
2285 2928 2416 2987 Con·-

1402 2988 1477 3036 sul
1506 2988 1611 3045 fuit,
1632 2997 1680 3037 et
1699 3004 1823 3037 anno
1840 3004 1938 3052 seq.
2003 2991 2195 3039 Cretam
2227 2991 2279 3039 in
2309 3007 2416 3056 pro-

1402 3052 1576 3101 vinciae
1627 3053 1822 3101 formam
1874 3053 2070 3117 redegit.
2154 3057 2415 3106 Camerinus

1402 3132 1661 3180 cognomen
1684 3116 1902 3183 Sulpiciae
1921 3118 2089 3181 gentis.

1468 3182 1677 3230 39-74.
1711 3181 1880 3230 Subita
1910 3182 1973 3230 ad
1995 3182 2271 3232 Rubellium
2303 3201 2414 3250 apo-

1404 3245 1591 3311 strophe
1619 3244 1822 3295 adfectui
1853 3254 2003 3311 poetae
2025 3248 2275 3297 admodum
2299 3265 2413 3298 con-

1404 3319 1630 3359 sentanea
1663 3318 1751 3367 est,
1781 3317 1830 3358 et
1860 3310 2000 3360 valde
2038 3311 2146 3360 ferit
2176 3313 2413 3362 lectorem.

1408 3377 1466 3423 C.
1502 3375 1736 3422 Rubellius
1778 3375 1998 3433 Blandus,
2035 3375 2160 3425 filius
2199 3377 2414 3425 Rubellii

1406 3438 1585 3513 Blandi
1615 3446 1663 3512 et
1690 3440 1722 3488 J
1725 3438 1849 3495 uliae,
1872 3454 1978 3502 quae
2013 3439 2104 3488 fuit
2132 3437 2231 3513 {ilia
2249 3440 2415 3497 Drusi,

1405 3511 1558 3615 3¹:3¹5}ss
1566 3503 2276 3616 gfffiffiskfissssssffpffidiztzff.
2292 3500 2416 3632 ξιξ

1405 3629 1517 3678 vida
1537 3629 1752 3705 Augusto
1784 3630 1957 3686 nubsit,
1978 3630 2137 3696 nepoti
2156 3632 2188 3680 J
2191 3630 2300 3680 uliae
2326 3633 2415 3683 mi·
2502 3678 2505 3681 .

1405 3694 1732 3750 noris,0sorons
1762 3696 1794 3744 J
1796 3694 1882 3743 ulii
1901 3695 2118 3752 Caesaris,
2140 3709 2170 3744 a
2200 3711 2294 3760 quo
2314 3697 2413 3747 Im-

1464 3767 1589 3808 rator
1607 3758 1689 3808 ille
1711 3759 1959 3824 adoptatus
1978 3767 2026 3808 et
2045 3759 2098 3808 in
2121 3760 2307 3823 gentem
2324 3766 2413 3817 Ju-

1425 3822 1518 3871 iam
1547 3832 1761 3889 receptus
1781 3831 1869 3879 est,
1890 3838 1995 3887 quae
2016 3825 2077 3872 ab
2099 3826 2223 3882 Iulo,
2246 3828 2415 3876 AEneo

1406 3888 1519 3943 filio,
1546 3888 1771 3951 originem
1802 3886 2022 3937 ducebat.
2086 3890 2222 3941 Idem
2253 3893 2414 3956 itaque

1407 3952 1658 4001 Rubellius
1684 3968 1768 4018 per
1787 3960 2047 4006 maternam
2068 3954 2292 4018 originem
2312 3957 2417 4017 pari

1408 4031 1465 4065 ac
1498 4018 1629 4066 Nero
1663 4017 1812 4081 gradu
1846 4018 1907 4067 ab
1927 4018 2167 4080 Augusto:
2205 4020 2276 4081 (v.
2296 4018 2418 4067 Tae.

1408 4081 1539 4130 Ann.
1572 4082 1723 4130 XIII.
1767 4083 1842 4131 19.
1880 4091 1928 4131 et
1958 4081 2043 4130 inf.
2082 4100 2128 4133 v..
2159 4081 2281 4143 72.)
2305 4092 2416 4133 nam

1407 4147 1537 4196 Nero
1575 4148 1699 4212 Imp.
1741 4146 1831 4194 fuit
1869 4146 1992 4195 filius
2034 4145 2333 4219 Agrippina,
2358 4155 2417 4196 <et

1405 4209 1507 4259 haec
1547 4211 1646 4258 filia
1686 4211 1889 4259 Caesaris
1928 4209 2216 4264 Germanici,
2262 4211 2417 4274 neptis

1407 4274 1554 4324 Drusi
1573 4282 1622 4322 et
1638 4275 1874 4340 proneptis
1896 4274 2044 4322 Liviae
2064 4273 2192 4335 Aug.
2233 4275 2310 4322 De
2327 4289 2414 4338 pas

1402 4347 1476 4388 tre
1507 4338 1610 4433 ej-us
1631 4355 1674 4389 v.
1695 4340 1812 4387 Tac.
1842 4338 1974 4388 Ann.
2004 4337 2106 4388 ΙΙΙ.
2129 4339 2207 4401 23.
2223 4339 2303 4389 51.
2322 4339 2414 4390 VI.
