2978 4920
650 276 775 339 110

1357 273 2033 344 JUV‘ENALIS

721 449 811 511 Et
840 444 1290 532 lateripaoe'cns,
1323 467 1464 521 nec,
1489 456 1810 530 quantum
1827 445 2043 532 Jussit‚
2076 445 2377 511 anheles?

721 547 845 611 Sed
874 547 1080 633 placet
1115 544 1365 610 Ursidio
1394 545 1499 609 lex
1528 546 1576 609 J
1580 544 1737 613 ulia:
1783 544 2006 613 tollere
2034 546 2286 611 dulcem

719 648 974 733 Cogitat
1003 646 1296 711 heredem
1327 645 1643 711 cariturus
1674 657 1929 711 turture
1957 668 2211 733 magno,

716 752 795 814 M
803 751 1202 836 ullorumque
1219 749 1419 836 jubis,
1450 762 1514 814 et
1545 761 1867 836 captatore
1897 750 2176 817 macello.

717 851 887 930 Quid
916 852 1050 915 fieri
1074 873 1199 914 non
1227 872 1412 937 posse
1431 863 1649 936 putes,
1675 849 1729 914 si
1746 851 2047 936 jungitur
2076 851 2209 915 ulia

714 954 1008 1018 Ursidio?
1055 955 1105 1017 si
1129 953 1524 1019 moechorum
1548 952 1909 1022 notissimus
1940 953 2089 1025 olim

714 1055 926 1120 Stulta
951 1054 1224 1119 maritali
1244 1055 1379 1140 jam
1409 1052 1678 1140 porrigit
1707 1076 1819 1121 ora
1851 1054 2159 1139 capistr03

623 1288 726 1321 rem
771 1270 960 1331 habere,
995 1262 1142 1334 onam
1177 1286 1380 1320 uxorem
1416 1272 1628 1319 ducere?

1693 1286 1883 1334 quaque
1927 1275 2074 1320 etiam
2111 1281 2287 1336 praeter
2316 1282 2477 1324 cetera
2506 1283 2697 1325 cantum

623 1340 753 1387 Iltud
786 1353 874 1385 cur
905 1340 1079 1386 melius
1109 1339 1189 1391 sit,
1224 1338 1367 1386 variis
1400 1340 1632 1397 probatur
1695 1345 1816 1394 erat,
1851 1346 1905 1384 ut
1942 1341 2133 1385 caelibes
2179 1354 2335 1400 neque
2367 1339 2698 1398 hereditatem,

621 1403 900 1450 rationibuS.
969 1405 1112 1451 Hauc
1133 1408 1296 1448 autem
1332 1416 1432 1449 non
1463 1415 1627 1448 veram

620 1474 775 1528 poetae
792 1468 1018 1528 ¹mentem
1035 1480 1155 1522 esse,
1177 1468 1260 1514 sed
1287 1468 1409 1513 sabe
1440 1468 1510 1512 ita
1544 1480 1628 1511 no-

621 1533 713 1578 tari
755 1531 1063 1585 Postumum,
1107 1532 1396 1577 notissimum
1433 1530 1623 1576 mercho-

620 1611 743 1651 rum,
762 1595 829 1659 (v.
854 1594 954 1653 42.)
974 1597 1173 1658 quilibet
1200 1597 1272 1640 vel
1299 1608 1377 1640 me
1399 1609 1495 1640 non
1521 1609 1623 1640 mo-

617 1675 709 1707 nen
717 1669 763 1707 te
779 1661 1030 1720 intelliget.
1055 1660 1202 1706 Fusio
1215 1660 1459 1714 puerulus,
1476 1662 1622 1717 ut‘ap.

619 1726 720 1774 Cic.
744 1726 861 1771 Coel.
886 1725 962 1771 15.
976 1739 1031 1771 ac
1043 1725 1188 1770 Tusc.
1209 1724 1247 1768 1.
1266 1723 1344 1769 24.
1362 1729 1411 1768 et
1426 1723 1622 1782 quidem

620 1792 672 1837 h.
698 1792 729 1836 l.
763 1792 1041 1841 catamitus,
1061 1801 1209 1848 quem
1243 1787 1506 1832 Postumus
1528 1800 1625 1845 pae-

577 1844 588 1857 ⁸
616 1856 771 1901 dieat:
808 1854 899 1899 nisi
920 1855 1079 1913 potius
1101 1855 1194 1912 leg.
1228 1851 1621 1911 Pygto,verbum

616 1921 832 1965 effictum
866 1932 896 1963 a
926 1917 1071 1978 φυγὴ,
1115 1923 1261 1969 natea,
1293 1916 1464 1970 clunes,
1492 1917 1620 1960 unde

617 1985 826 2044 aevyaei'n,
848 1983 979 2028 salax
1003 1997 1040 2026 s.
1054 1982 1284 2027 cinaedus.
1316 1979 1483 2024 domuit
1500 1980 1617 2025 dici-

617 2055 718 2102 tur,
742 2062 835 2093 non
863 2047 1080 2099 dormiat,
1099 2047 1158 2090 de
1191 2058 1268 2100 eo,
1304 2044 1386 2103 qui
1422 2058 1474 2089 re
1506 2057 1619 2089 vera

616 2109 879 2176 σαοδεμς-ὺς
909 2112 1019 2158 fuit.
1083 2109 1164 2156 35.
1198 2109 1385 2168 liugan·
1429 2108 1495 2154 cf.
1528 2108 1615 2152 inf.

615 2177 727 2224 268.
746 2191 843 2235 seq.
900 2176 983 2222 36.
1010 2174 1120 2227 illic,
1139 2174 1189 2219 in
1215 2175 1354 2218 lecto.
1400 2173 1479 2219 37.
1502 2171 1620 2231 quod

612 2241 748 2287 lateri
770 2255 957 2302 parcas,
992 2242 1038 2285 h.
1074 2252 1115 2284 e.
1150 2238 1338 2283 libidini
1372 2251 1467 2282 non
1502 2237 1618 2281 satis

588 2306 891 2364 ‚indulgeasz
927 2318 1040 2349 nam
1058 2303 1203 2349 latera
1225 2302 1453 2347 dicuntur
1476 2300 1616 2354 vires,

611 2383 818 2430 quarum
837 2370 1052 2415 defectus
1074 2369 1122 2413 in
1147 2369 1291 2413 latere
1308 2366 1615 2424 potissimum

611 2435 901 2495 percipitur-3
927 2434 1054 2479 unde
1070 2432 1190 2478 latus
1199 2430 1368 2491 deficit,
1380 2429 1620 2489 rumpitur

609 2507 702 2545 cet.
736 2502 800 2545 de
831 2500 1115 2550 oratoribu3‚
1145 2496 1473 2552 cantantibus,
1508 2508 1614 2540 cur·

606 2565 840 2616 rentibuS‚
874 2564 1170 2623 potantibus,
1211 2567 1262 2605 et
1294 2561 1448 2606 amori
1481 2561 1615 2604 obse-

607 2629 866 2688 quentibus
916 2630 990 2673 vel
1035 2623 1413 2684 intemperanter
1452 2623 1614 2669 Vene-

607 2706 709 2738 rem
753 2694 1098 2738 exercentibus.
1149 2687 1226 2736 cf.
1268 2689 1458 2735 Ernesti
1495 2688 1615 2733 clav.

609 2758 711 2804 Cic.
729 2756 923 2802 ‘anheles
943 2757 992 2800 in
1015 2755 1290 2801 concubitu.

672 2820 883 2868 38—-40,
930 2820 1103 2865 Facete
1139 2824 1189 2864 et
1222 2815 1435 2881 algunni-'0⁴3
1475 2824 1616 2874 poeta

607 2888 743 2939 (nam
761 2882 866 2947 ejus
885 2885 1025 2929 verba
1050 2884 1152 2928 haec
1169 2892 1301 2937 sunt,
1326 2895 1420 2926 non
1445 2883 1614 2926 Postu-

605 2950 696 3006 mi)
719 2949 972 2994 consilium
994 2948 1155 2993 uxoris
1176 2947 1407 2993 ducendoe
1429 2946 1493 2991 ab
1517 2945 1611 2991 Ur-

604 3014 723 3059 ridio
748 3015 973 3057 Postumo
988 3019 1238 3070 propterea
1255 3018 1453 3069 captum
1476 3010 1610 3066 dicit,

605 3078 735 3137 quod
757 3076 992 3122 adulteria
1021 3089 1113 3120 non
1143 3075 1351 3131 amplius
1373 3075 1609 3133 voluptati

605 3143 703 3187 sint
728 3142 839 3199 ipsi,
864 3140 939 3184 vel
962 3140 1282 3198 suspicionem
1307 3139 1528 3184 nefandae
1552 3139 1607 3183 li·

603 3205 780 3251 bidinis
813 3203 1024 3262 effugere
1055 3204 1233 3262 cupiat,
1265 3208 1313 3247 at
1346 3208 1452 3247 tum
1483 3215 1606 3259 prm-

603 3272 720 3324 mia,
753 3269 852 3330 lege
871 3265 1007 3313 ,Iulia
1040 3267 1114 3320 iis,
1137 3268 1223 3326 qni
1244 3278 1417 3311 uxores
1439 3266 1606 3311 duxia-

600 3343 727 3392 sent,
749 3335 1038 3392 liberosque,
1051 3329 1234 3376 heredes
1248 3332 1483 3375 bonorum
1497 3342 1603 3376 suo·

595 3414 729 3457 rum,
751 3404 1094 3459 procreassent,
1118 3395 1358 3454 proposita
1378 3394 1602 3448 adfectet,

598 3472 704 3510 tum
740 3476 904 3523 poenas
937 3463 1102 3508 eadem
1136 3459 1242 3519 lege
1273 3459 1323 3504 in
1362 3457 1605 3504 adulteros

549 3571 551 3575 ,
594 3530 879 3575 constitutas
903 3524 1266 3588 (relegationem
1285 3524 1386 3570 scil.
1404 3524 1452 3567 in
1469 3524 1602 3568 insu.

595 3592 694 3637 lam
717 3599 766 3637 et
799 3591 1173 3651 publicationem
1205 3588 1422 3634 dimidiae
1452 3587 1603 3646 partis

594 3652 853 3716 bonorum)
874 3661 1089 3707 metuat3
1125 3654 1263 3712 quasi
1282 3654 1387 3698 haec
1404 3653 1482 3697 lex
1506 3651 1601 3696 illis

593 3720 751 3767 adhuc
788 3720 1082 3779 temporibus
1115 3729 1343 3776 magnam
1380 3714 1602 3761 habuerit

594 3784 714 3835 vim,
736 3796 883 3842 quam
901 3782 1102 3827 dormire
1111 3782 1297 3827 dixerat
1315 3794 1424 3839 sup.
1438 3778 1601 3826 1137.

590 3848 729 3896 ,Iulio
751 3851 902 3891 autem
918 3846 990 3890 leto
1009 3846 1056 3889 h.
1074 3846 1110 3890 l.
1133 3859 1228 3890 non
1247 3847 1391 3890 modo
1409 3845 1600 3888 videtur

590 3925 696 3964 esse
719 3911 800 3955 illa
821 3908 877 3953 de
895 3908 1131 3955 adulteriis
1148 3911 1208 3953 ab
1224 3910 1448 3967 Augusto
1466 3921 1511 3953 a.
1536 3908 1592 3953 U.

589 3976 700 4024 737.
720 3976 837 4031 lata,
864 3974 947 4019 sed
969 3973 1114 4017 etiam
1138 3972 1211 4017 Iex
1222 3973 1357 4017 Jvlia
1376 3979 1419 4018 et
1436 3971 1594 4029 Papia

589 4039 794 4099 Poppaea
818 4040 878 4083 de
899 4036 1177 4082 maritandis
1197 4035 1450 4092 ordinibus,
1468 4048 1513 4081 a.
1537 4037 1592 4084 U.

589 4103 698 4153 757.
733 4103 934 4162 perlata,
956 4114 1053 4160 qua
1074 4100 1328 4159 Angustus
1357 4100 1487 4145 illam
1525 4100 1591 4146 le-

586 4182 697 4229 gem
713 4166 1211 4224 severiusemendavit
1226 4165 1455 4222 auxitque
1468 4178 1590 4224 prae-

585 4234 704 4291 mia,
717 4240 771 4279 ut
785 4231 912 4278 cives
930 4232 987 4275 ad
996 4226 1134 4291 justa
1151 4230 1458 4274 matrimonia
1474 4243 1588 4275 con—

587 4298 821 4345 trahenda
853 4296 930 4341 vel
962 4295 1176 4354 adigeret
1219 4293 1292 4339 vel
1328 4294 1584 4354 adliceret3
1646 4315 1649 4322 ·

1694 1415 1849 1461 neque
1870 1403 2085 1463 legatum
2104 1416 2163 1450 ex
2184 1412 2477 1452 testamento
2494 1406 2700 1464 nisipro-

1693 1467 1937 1515 ximorum
1961 1476 2202 1527 caperent.
2239 1471 2314 1517 Cf.
2328 1470 2414 1516 inf.
2440 1473 2501 1516 ad
2518 1471 2607 1523 IX.
2619 1471 2695 1518 87.

1688 1544 1787 1590 seq.
1830 1531 2016 1577 Ursidio
2036 1531 2282 1580 Postumo.
2329 1535 2498 1588 tollere,
2522 1549 2695 1588 creare,

1686 1596 1904 1655 gignere.
1944 1597 2161 1643 Infantes
2183 1612 2348 1645 recens
2374 1601 2496 1656 nati,
2523 1607 2576 1644 ut
2597 1601 2697 1644 vul-

1686 1674 1751 1718 go
1804 1668 1995 1718 putant,
2041 1663 2178 1708 humi
2216 1664 2596 1723 deponebantur,
2631 1672 2698 1718 et,

1687 1736 1811 1782 quos
1852 1731 1991 1784 pater
2033 1726 2232 1782 tollebat,
2275 1729 2569 1775 adnoscebat
2612 1742 2697 1786 pro

1688 1788 1789 1833 suis
1831 1788 2009 1841 libet-ia,
2043 1804 2164 1849 quos
2202 1805 2314 1836 vero
2344 1806 2441 1837 non
2478 1794 2694 1844 tollebam.

1687 1855 2065 1910 exponebantur.
2128 1855 2271 1900 Ritus
2292 1861 2458 1902 tamen
2492 1857 2575 1902 ine
2607 1859 2695 1902 du·-

1684 1916 1792 1961 biua
1806 1924 1896 1972 est,
1917 1926 1963 1962 et
1982 1919 2273 1965 tdlereforte
2289 1921 2353 1966 id.
2371 1922 2452 1979 qd.
2470 1923 2693 1976 educare,

1682 1980 1841 2034 aleret
1867 1983 1992 2028 unde
2015 1990 2064 2027 et
2081 1992 2260 2028 matres
2275 1985 2512 2031 sustulisse
2527 1986 2695 2031 dicun·

1683 2049 1767 2089 tur
1780 2046 1967 2091 liberos.
2010 2045 2186 2092 dulcem
2201 2054 2256 2093 .et
2287 2043 2423 2100 δωὸς
2456 2056 2507 2095 et
2542 2048 2690 2114 rigum

1681 2106 1785 2160 ὥς.
1829 2109 1908 2155 39.
1942 2110 2170 2168 heredem,
2189 2112 2344 2158 filium
2366 2114 2647 2172 legitimum
2666 2128 2693 2161 e

1680 2170 1901 2234 conjuge.
1947 2174 2182 2221 cariturus
2216 2180 2399 2230 tartara
2437 2186 2530 2223 cet.
2564 2180 2616 2225 h.
2650 2193 2693 2223 e·

1681 2238 1840 2295 donis,
1861 2253 1972 2297 quoe
2009 2239 2071 2284 ab
2101 2240 2391 2299 heredipetis
2426 2243 2691 2287 mittuntur

1681 2301 1761 2359 iis,
1775 2303 1859 2360 qui
1882 2304 2055 2349 divites
2072 2311 2185 2349 sunt
2201 2318 2287 2349 nec
2305 2306 2478 2350 liberos
2495 2307 2689 2360 habent.

1683 2365 1761 2412 Cf.
1781 2366 1873 2413 IV.
1897 2366 1973 2412 18.
1995 2378 2095 2426 seq.
2112 2367 2174 2413 V.
2200 2367 2276 2413 98.
2303 2368 2410 2415 137.
2434 2384 2534 2429 seq.
2560 2379 2608 2416 et
2630 2371 2690 2416 al.

1686 2431 1867 2477 Tur-tur
1897 2432 2000 2478 avis
2023 2431 2070 2476 in
2095 2433 2278 2478 deliciis
2300 2441 2402 2478 erat
2421 2435 2687 2487 Romanisz

1681 2495 1753 2558 (v.
1781 2497 1992 2544 Martini.
2017 2497 2110 2544 111.
2136 2495 2213 2543 59.
2250 2498 2293 2544 7.
2322 2498 2399 2551 80,
2436 2498 2514 2544 21.
2548 2499 2689 2545 xm.

1681 2560 1759 2606 53.
1782 2564 1866 2616 al.)
1888 2564 2017 2608 unde
2032 2574 2139 2607 eam
2161 2563 2207 2608 h.
2230 2563 2262 2607 1.
2281 2564 2523 2623 designari
2540 2566 2687 2609 credi·-

1680 2626 1961 2683 derim,non
1986 2627 2163 2685 piscem
2179 2627 2317 2673 illum
2341 2640 2588 2685 rapacem,
2607 2630 2690 2686 qui

1681 2688 1825 2735 Rom.
1858 2697 1908 2736 et
1929 2691 2056 2738 Gall.
2079 2692 2342 2749 pastinaca,
2373 2693 2458 2737 Gr.
2489 2689 2685 2757 ,cenysium

1680 2754 1819 2799 nobis
1837 2754 2074 2802 Gistroohe
2089 2767 2128 2798 s.
2146 2754 2475 2809 Staelaetrochc.
2490 2772 2580 2803 nec
2599 2757 2686 2803 nisi

1679 2816 1935 2866 Ambrosio
1956 2822 2112 2864 turtur
2134 2820 2324 2866 dicitur.
2390 2820 2473 2868 40.
2507 2816 2690 2868 Mullo-⁴

1678 2897 1785 2927 rum
1815 2883 1962 2943 J'ubiae,
1997 2885 2047 2929 h.
2081 2896 2126 2930 e.
2159 2884 2324 2930 mullis
2363 2881 2574 2943 jubatiS,
2611 2888 2682 2932 vel

1675 2959 1834 3006 propr.
1857 2947 2074 3003 barbatis,
2090 2961 2295 3005 quorum
2319 2962 2521 3006 corpora
2542 2953 2682 2997 rubra

1674 3011 1890 3070 squamis
1912 3018 1961 3056 et
1993 3011 2128 3058 cirris
2165 3014 2374 3070 geminis
2405 3016 2682 3073 auratisque

1674 3081 1798 3120 tacta
1821 3082 1948 3120 sunt.
1995 3077 2076 3121 cf.
2104 3088 2210 3134 sup.
2242 3078 2303 3122 ad
2338 3078 2426 3123 1v.
2470 3076 2548 3124 15.
2585 3094 2680 3139 seq.

1668 3143 1898 3197 captatore
1916 3140 2120 3194 macello,
2136 3141 2364 3197 opsoniis,
2387 3156 2499 3201 quae
2513 3143 2566 3187 in
2582 3158 2683 3188 ma·

1670 3203 1793 3248 cello
1814 3210 2044 3256 emuntur
2076 3204 2467 3265 venduntur-qua,
2501 3214 2553 3251 et
2576 3208 2681 3267 qui·-

1670 3267 1763 3312 bns
1791 3271 2039 3328 captantur
2066 3267 2169 3317 orbi
2199 3282 2466 3329 eorumque
2500 3271 2693 3318 heredi-

1671 3337 1811 3377 tates.

1733 3394 1816 3443 41.
1837 3408 1934 3454 seq.
1957 3397 2070 3442 Jam
2104 3397 2268 3444 omnia
2289 3398 2369 3444 vet
2401 3404 2577 3457 preter
2600 3414 2683 3445 na-

1668 3465 1830 3506 turam
1855 3460 1956 3507 fieri
1979 3473 2116 3522 posse
2148 3461 2453 3519 crediderim,
2481 3465 2525 3509 ai
2549 3464 2680 3514 Ursi-

1665 3523 1776 3569 dius
1790 3537 1989 3570 uxorem
2006 3525 2159 3579 ducit,
2176 3526 2250 3571 vel
2270 3525 2311 3570 si
2330 3526 2680 3587 auwmperinur

1666 3588 1859 3644 mulier,
1880 3602 1990 3647 quae
2012 3588 2097 3634 tali
2128 3591 2312 3642 moecho
2343 3594 2526 3637 nubere
2548 3593 2677 3638 velit.

1666 3650 1806 3697 Color
1842 3653 2072 3700 orationis
2108 3655 2284 3699 ductus
2314 3668 2343 3699 e
2379 3656 2529 3708 simili
2574 3658 2674 3702 loco

1669 3716 1800 3776 Virg.
1821 3716 1923 3763 Ecl.
1947 3716 2095 3764 vlu.
2116 3718 2198 3766 26.
2220 3730 2321 3778 seq.
2383 3718 2479 3765 43.
2496 3721 2671 3775 Stulta,

1663 3782 1859 3836 stultus,
1888 3781 2109 3837 demens,
2142 3783 2221 3829 vel
2250 3784 2519 3838 dementer.
2580 3787 2672 3833 Ca-

1658 3846 1862 3903 piarum
1879 3846 2095 3892 maritale
2103 3843 2279 3907 jugum
2289 3854 2338 3892 et
2354 3848 2550 3896 vincula
2567 3864 2670 3909 per»

1654 3917 1814 3967 petuae
1835 3909 2099 3964 servitude,
2122 3925 2269 3969 qnam
2300 3913 2668 3972 matrimonium

1656 3973 1702 4018 ei
1724 3972 1951 4034 injungit.
1988 3976 2064 4020 ef.
2089 3975 2297 4022 Pallada
2328 3973 2495 4035 Epigr.
2520 3978 2667 4027 xm.

1655 4037 1707 4082 in
1730 4037 1944 4085 Brunck.
1969 4039 2196 4086 Anals'I'.
2231 4040 2301 4088 11.
2318 4054 2366 4099 ι).
2399 4040 2514 4087 409.
2563 4045 2665 4095 Me-

1655 4104 1857 4160 taphora
1875 4104 2023 4160 petita
2036 4111 2108 4148 est
2124 4118 2153 4152 a
2171 4105 2322 4149 tauris
2340 4106 2415 4149 vel
2432 4108 2664 4168 equisqui

1653 4165 2015 4277 ‹Ilfletlggliibus'
2042 4182 2122 4218 ora
2153 4170 2367 4227 capistris,
2403 4169 2545 4233 Virg.
2578 4174 2662 4220 Ge.

1718 4294 1797 4341 44.
1834 4296 2054 4345 Ursidius
2088 4298 2343 4357 moechusff·
2360 4313 2507 4361 quem·
2534 4301 2659 4350 toties
