2978 4920
984 325 1424 398 SATIRA
1487 324 1690 394 vm.

374 513 664 577 Tantum
692 511 893 599 igitur
924 533 1141 592 muros
1168 510 1338 578 intra
1366 523 1519 598 toga
1547 509 1819 578 contulit
1848 509 1941 582 'illi

2259 327 2405 402 m:
2432 441 2461 453 ,.

2261 511 2391 584 240

313 659 316 664 ·
373 614 662 679 Nominis
691 629 754 679 et
786 613 982 692 tituli,
1013 623 1329 700 quantum
1359 635 1485 676 non
1516 610 1838 692 Leucade,
1867 622 2187 698 quantum

379 716 728 782 Thessaliae
758 717 997 803 campis
1021 715 1325 805 Octavius
1352 714 1621 781 abstulit
1652 713 1783 780 udo
2242 775 2249 782 ,
2302 749 2317 782 π

378 815 685 881 Caedibus
713 816 1001 882 adsiduis
1027 815 1261 903 gladio.
1307 816 1419 880 sed
1449 817 1661 882 Roma
1687 826 2038 902 pes-entem,

373 922 583 983 Roma
609 933 855 1007 patrem
883 921 1111 1006 patriae
1144 920 1513 988 Ciceronem
1542 919 1742 984 libera
1765 919 1954 984 dixit.

377 1025 660 1110 Arpinas
689 1024 852 1090 alius
882 1025 1253 1090 Volscorum
1281 1025 1351 1090 in
1378 1036 1594 1090 monte
1623 1024 1865 1094 solebat

2261 977 2388 1090 '245

381 1129 647 1192 Poscere
676 1128 995 1193 mercedes
1022 1128 1226 1195 alieno
1254 1129 1719 1207 lassusaratro,

379 1228 703 1293 Nodosam
731 1241 877 1315 post
907 1229 1046 1314 haeo
1073 1230 1408 1316 frangebat
1437 1230 1674 1316 vertice
1703 1228 1924 1307 vitem,

380 1330 447 1391 Si
477 1329 687 1395 lentus
718 1330 903 1417 pigra
931 1330 1209 1396 muniret
1236 1343 1444 1399 castra
1459 1330 1752 1416 dolabra.

381 1430 510 1493 Hic
540 1442 752 1496 tamen
781 1443 845 1495 et
879 1431 1171 1497 Cimbros
1200 1443 1264 1497 et
1295 1455 1544 1496 summa
1569 1431 1855 1518 pericula
1881 1453 2094 1496 rerum

325 1598 330 1602 ,
385 1531 670 1618 Excipit,
702 1544 767 1597 et
797 1513 968 1598 solus
997 1534 1420 1621 trepidantem
1451 1534 1731 1621 protegit
1763 1534 2027 1598 Urbem.

2266 1533 2393 1600 250

383 1635 607 1719 Atque
637 1633 803 1712 ideo,
835 1648 1175 1721 postquam
1205 1636 1285 1700 ad
1314 1635 1609 1701 Cimbros
1639 1647 2042 1721 stragemque
2072 1631 2393 1709 volabant,

384 1734 509 1811 Qui
540 1756 871 1820 nunquam
889 1735 1261 1823 ,adtigeram
1291 1737 1535 1823 majora
1562 1736 1891 1816 cadavera,
1922 1734 2118 1812 corvi,

386 1834 634 1898 Nobilis
662 1849 925 1900 ornatur
954 1836 1135 1901 lauro
1165 1836 1426 1923 conlega
1455 1837 1749 1902 secunda.

386 1935 659 2001 Plebeiae
691 1938 1033 2004 Deciorum
1064 1940 1312 2021 animae,
1345 1938 1595 2026 plebeia
1622 1940 1885 2005 fuerunt

296 2096 463 2162 positis
482 2100 739 2165 praesidiis;
773 2101 862 2151 nisi
889 2102 939 2150 in
960 2102 1068 2151 aliis
1088 2073 1226 2153 libris*
1239 2119 1311 2152 re·
1375 2120 1485 2160 sam,
1500 2102 1615 2167 ,quia
1635 2103 1743 2152 talis
1763 2102 2024 2168 eligebatur
2043 2101 2105 2151 ad
2122 2081 2401 2151 validiorem

295 2163 424 2211 etius
445 2164 616 2228 legitur
636 2175 792 2234 moute
803 2167 876 2216 vel
893 2177 1034 2227 ponte.

1378 2168 1540 2216 ictum.
1604 2170 1719 2217 248.
1753 2169 1960 2217 Dolabris
1991 2177 2099 2224 ‚tum
2139 2165 2277 2223 fabri,
2312 2167 2405 2239 qui·

361 2229 479 2275 240.
513 2245 644 2293 seqq.
680 2230 849 2279 Cicero
879 2233 1003 2279 intra
1027 2248 1187 2286 muros,
1212 2231 1315 2279 Ro·
1378 2231 1428 2279 in
1448 2231 1711 2295 legionibus
1726 2233 1827 2280 sine
1839 2233 1980 2281 armis
1997 2231 2232 2297 stipendia
2250 2232 2398 2280 facie-

295 2306 411 2347 mae‚
453 2302 570 2357 toga,
612 2303 820 2359 tempore
843 2303 909 2344 .et
952 2295 1130 2343 artibus
1166 2296 1315 2357 paciS,
1378 2296 1514 2353 bant,
1531 2304 1633 2343 tum
1664 2297 1754 2361 ipsi
1785 2313 1972 2360 quoque
2003 2297 2189 2353 milites,
2211 2303 2260 2344 et
2289 2294 2399 2358 qui·

294 2356 475 2419 quibus
495 2358 621 2420 cives
641 2358 859 2414 servavit,
879 2359 986 2422 plus
1012 2358 1102 2407 sibi
1132 2362 1320 2407 nominis

296 2431 343 2470 et
370 2422 497 2468 tituli
515 2422 570 2470 h.
591 2438 635 2476 c.
656 2422 814 2486 gloriae
834 2424 1029 2488 peperit,
1051 2438 1195 2488 quam
1217 2423 1319 2472 Au·

300 2493 472 2550 gustus
515 2487 655 2539 bellis
702 2487 902 2539 feliciter
948 2487 1107 2551 gestis,
1153 2487 1324 2551 quibus

304 2551 560 2617 plurimum
582 2552 825 2616 sanguinis
841 2552 989 2602 civilis
1010 2553 1246 2604 effusum..
1291 2556 1294 2559 ’

376 2619 491 2665 241.
525 2618 697 2665 Leecccw
738 2627 968 2683 promont.
1009 2627 1058 2666 et
1099 2616 1325 2683 oppidum

307 2681 562 2729 Leucadiae
581 2682 859 2746 peninsulae,
881 2699 989 2747 quae
1006 2682 1161 2730 insula
1180 2682 1323 2739 facta,

307 2745 465 2793 vicina
501 2746 645 2795 Actio
678 2747 962 2796 Acarnaniae
1002 2763 1154 2812 prom.
1185 2747 1330 2812 juxta

304 2810 434 2921 guod
447 2811 678 2884 Octavius
692 2811 949 2861 Antonium
961 2821 1009 2861 et
1020 2813 1326 2878 Cleopatram

341 2883 503 2924 evicit.

372 2941 486 2986 242.
524 2941 681 3003 Campi
706 2942 935 2991 Thessalia?
968 2941 1030 2989 ad
1060 2940 1324 3007 Philippos,

304 3003 616 3052 Macedonian
667 3005 882 3070 adjectae,
924 3007 1038 3055 olim
1090 3005 1324 3063 Thraciae,

308 3069 495 3125 urbem,
510 3069 593 3117 ubi
611 3069 724 3118 victi
743 3079 853 3118 sunt
869 3072 1047 3120 Brutus
1068 3078 1116 3119 et
1133 3070 1327 3120 Cassius

308 3134 371 3180 ab
396 3133 601 3190 Octavio
621 3141 670 3183 et
689 3133 913 3184 Antonio.
980 3136 1210 3184 Thessalioe
1242 3151 1325 3185 no·

311 3197 442 3246 mine
474 3197 618 3265 latius
637 3206 811 3263 poeta}
834 3206 1045 3250 utuntur.
1092 3200 1172 3250 Cf.
1195 3201 1326 3265 Intp.

311 3261 449 3326 Virg.
471 3264 565 3311 Ge.
587 3262 629 3310 I.
652 3265 765 3313 489.
784 3266 898 3314 490.

374 3327 491 3374 244.
525 3327 680 3379 Patris
703 3331 867 3390 patriae
882 3344 1142 3393 cognomen
1160 3328 1329 3377 Cicem

315 3390 493 3455 primus
528 3393 589 3441 ob
628 3393 874 3442 liberatam
911 3394 1113 3458 patriam
1146 3393 1332 3442 decreto

316 3464 527 3512 senatuS,
560 3458 641 3519 (ut
675 3458 910 3513 Camillus
950 3474 979 3506 a
1016 3457 1245 3506 militibus
1282 3457 1332 3506 in

316 3516 653 3585 triumpho),et
682 3522 845 3571 merito
878 3521 1080 3588 adcepit.
1104 3522 1181 3572 Cf.
1203 3522 1329 3571 Plin.

318 3585 539 3697 νΙέἹὲΟ.
558 3586 661 3637 Cic.
676 3586 727 3636 in
744 3587 844 3638 Pis.
856 3589 905 3637 3.
922 3596 971 3637 et
988 3588 1117 3639 Plut.
1127 3589 1209 3637 vit.
1227 3587 1331 3638 Cic.

385 3715 499 3762 245.
532 3717 725 3777 Arpinas
753 3719 889 3774 alius,
925 3718 984 3766 C.
1005 3716 1208 3773 Marius,
1242 3717 1335 3765 Ar·-

322 3777 425 3842 pini
456 3778 507 3827 in
539 3781 700 3830 Volscis
730 3781 897 3835 humili
929 3782 1031 3830 loco
1065 3789 1222 3838 natus,
1242 3780 1336 3846 pri-

321 3859 453 3914 mum
499 3845 810 3901 mercenarius
854 3845 964 3899 fuit,
994 3856 1149 3894 arator
1198 3848 1338 3894 alieni

319 3909 1087 4039 &325011221332-130325323433.
1096 3909 1336 4025 aas}

320 4035 535 4086 Africani
564 4040 681 4089 min.
712 4040 848 4095 miles
877 4041 1120 4105 gregarius
1228 4041 1332 4089 Nu-

321 4102 549 4152 mantiam
583 4104 688 4162 fuit,
724 4105 935 4170 adeoque
968 4103 1219 4169 subjectus,
1244 4104 1332 4153 im-

322 4166 449 4228 perio
481 4169 823 4227 centurionum,
855 4169 937 4234 qui
975 4170 1148 4223 milites
1174 4173 1336 4219 vitibus

325 4230 555 4295 castigare
592 4236 822 4293 solebant.
856 4237 930 4299 (v.
962 4234 1049 4284 inf.
1088 4235 1151 4284 ad
1191 4236 1337 4284 XIV.

326 4294 464 4359 293.)
487 4300 863 4365 ¹247.Jl·angebat
887 4303 1061 4355 vertice,
1081 4302 1100 4360 (
1110 4300 1224 4355 forte
1246 4310 1335 4348 ter·

323 4360 454 4427 gare)
475 4366 622 4423 vitem,
647 4381 691 4414 v.
711 4381 818 4431 sup.
851 4363 913 4423 ad
943 4366 1171 4421 V1.479.
1203 4367 1335 4416 nodo-

1386 2360 1495 2408 dem
1530 2360 1679 2409 altera
1709 2375 1870 2409 earum
1905 2368 2054 2426 parte,
2075 2375 2180 2425 quie
2213 2360 2265 2408 in
2292 2376 2397 2420 mu÷

1386 2439 1577 2474 etonem
1601 2424 1872 2489 acuminata
1895 2432 2010 2480 erat,
2031 2423 2093 2475 ad
2126 2440 2283 2475 muros
2312 2440 2399 2490 po·

1386 2489 1618 2537 tissimum
1661 2489 1929 2547 diruendos,
1974 2491 2122 2538 altera
2163 2490 2226 2538 ad
2268 2489 2401 2552 ligna

1386 2552 1618 2602 coedenda
1659 2570 1716 2605 ac
1756 2557 1965 2612 dotanda,
1999 2564 2227 2616 castraque
2265 2552 2405 2601 vallis

1387 2621 1631 2666 munienda
1659 2621 1929 2667 utebantur.
1990 2621 2104 2667 250.
2136 2619 2264 2665 Solus
2294 2615 2407 2680 quia-4

1389 2683 1501 2731 dem
1541 2698 1635 2731 non
1678 2682 1787 2732 vicit
1827 2683 2042 2731 Cimbros
2075 2681 2279 2737 Marius,
2317 2680 2410 2731 sed

1389 2747 1644 2810 adjuvante
1666 2748 1856 2797 Catulo.
1923 2748 1992 2796 At
2022 2744 2173 2810 gloria
2202 2744 2413 2795 consecti>

1387 2812 1502 2860 belli
1536 2820 1635 2862 tota
1655 2813 1749 2861 fere
1779 2828 1925 2876 penes
1953 2827 2062 2860 eum
2082 2809 2188 2866 fuit,
2211 2818 2259 2858 et
2277 2809 2404 2860 solus

1388 2892 1575 2941 quoque
1594 2879 1833 2926 Teutonos
1861 2886 1910 2926 et
1936 2876 2221 2931 Ambronas.
2240 2890 2404 2923 eorum
2458 2910 2463 2911 κ

1388 2941 1555 3055 ζείορ,
1572 2941 1756 2992 duobus
1772 2942 1953 3007 proeliis
1967 2939 2219 2992 delevitad
2235 2939 2406 3004 Aquas

1453 3018 1590 3056 xtiaS.
1948 3032 1951 3035 ·
2302 3042 2305 3047 >

1453 3073 1568 3119 251.
1599 3074 1660 3121 ad
1684 3072 1877 3120 Cimbros
1892 3081 2182 3134 stragemque,
2200 3068 2264 3118 ad
2283 3076 2403 3119 stra-

1390 3151 1500 3198 gem
1533 3135 1863 3187 Cimbrorum..
1920 3138 2033 3185 252.
2063 3138 2234 3196 πρίονα
2267 3137 2403 3182 ecda-

1391 3217 1510 3255 vera,
1563 3209 1752 3267 propter
1811 3198 2185 3265 magnitudinem
2241 3213 2298 3247 oo
2383 3225 2411 3237 -
2487 3192 2495 3207 '

1390 3281 1515 3323 ωιτη
1535 3266 1595 3314 de
1615 3282 1712 3330 qua
1731 3281 1779 3315 v.
1801 3267 1933 3315 Plut.
1955 3265 2005 3313 in
2021 3264 2196 3320 Mario,
2209 3271 2258 3312 et
2279 3266 2318 3312 F
2338 3279 2409 3312 or.

1394 3329 1497 3378 III.
1518 3332 1566 3379 3.
1631 3333 1745 3380 253.
1769 3331 1938 3379 Nobilis
1953 3332 2152 3392 conlega,
2175 3331 2240 3386 Q.
2257 3329 2407 3377 Luta—

1395 3393 1491 3443 tius
1523 3396 1741 3453 CatuluS,
1775 3394 1844 3442 vir
1878 3389 2207 3447 nobilissimus,
2242 3390 2408 3439 consul

1395 3475 1505 3507 cum
1534 3460 1694 3513 Mario
1725 3468 1771 3509 a.
1806 3460 1871 3508 U.
1895 3459 1951 3507 C.
1973 3459 2087 3506 651.
2121 3464 2170 3504 et
2196 3455 2333 3506 Proc.
2362 3470 2410 3504 aa

1399 3524 1461 3572 U.
1486 3524 1545 3572 C.
1564 3526 1685 3572 652.
1700 3540 1794 3587 quo
1811 3521 1994 3572 Cimbri
2008 3521 2058 3568 in
2073 3518 2257 3581 campis
2273 3519 2410 3570 Rau-2

1396 3586 1505 3644 diis,
1528 3587 1707 3652 junctis
1740 3586 1901 3637 Catuli
1935 3593 1986 3634 et
2016 3583 2161 3635 Marii
2187 3583 2410 3635 ‚exerciti-

1395 3653 1503 3709 bus,
1538 3652 1601 3701 ad
1635 3650 1998 3700 internecionem
2034 3647 2149 3701 caesi
2175 3656 2299 3699 sunt.
2335 3666 2408 3698 or-

1397 3726 1538 3765 natur
1570 3718 1697 3764 lauro
1726 3713 2163 3772 secunda,secundo
2192 3714 2298 3763 loco
2326 3714 2411 3763 tri-

1399 3781 1659 3847 umphavit,
1693 3788 1800 3846 post
1831 3779 2057 3837 Marium,
2092 3777 2192 3845 qui,
2225 3778 2412 3829 duobus

1400 3845 1541 3893 trium
1574 3845 1648 3894 his
1679 3853 1866 3911 propter
1900 3844 2136 3910 duplicem
2169 3842 2415 3901 victoriam,

1398 3910 1488 3959 sibi
1520 3926 1548 3959 o
1582 3910 1708 3967 latis,
1730 3926 1826 3962 uno
1858 3918 2104 3961 contentus
2135 3909 2241 3966 fuit,
2261 3923 2410 3971 quum

1398 3975 1570 4024 milites
1599 3991 1722 4040 aegre
1754 3977 1945 4043 ferrent,
1979 3975 2202 4027 Catulum
2237 3986 2294 4020 eo
2325 3970 2411 4020 he-

1399 4055 1510 4090 nore
1530 4041 1732 4090 excludi.
1785 4075 1797 4083 .,
1964 4090 1969 4093 ,
2270 4082 2273 4085 .
2406 4080 2417 4086 r

1404 4137 1408 4142 -
1463 4107 1575 4156 254.
1607 4121 1705 4170 seq.
1741 4108 1798 4156 P.
1822 4108 1953 4156 Decii
1984 4107 2166 4156 Mures,
2198 4106 2332 4164 pater
2363 4105 2417 4171 et

1399 4170 1541 4228 filius,
1583 4170 1675 4221 diis
1713 4173 1945 4223 Manibus
1979 4172 2226 4240 Terraeque
2263 4164 2417 4237 Mam

1432 4251 1483 4284 ro
1551 4235 1670 4284 atria
1700 4253 1752 4284 se
1785 4235 2088 4288 devoverunt.
2110 4230 2191 4302 ille
2223 4229 2416 4284 Latmo,-

1399 4252 1477 4350 iiic
1552 4300 1692 4351 allico
1711 4300 1850 4353 bello.
1916 4299 2053 4351 Idem
2085 4296 2248 4367 sepisse
2268 4305 2412 4356 nepo*

1401 4372 1497 4415 tem
1515 4363 1566 4419 in
1585 4365 1719 4420 bena
1733 4362 1903 4428 Pyrrhi
1917 4361 2059 4431 tradit
2080 4360 2250 4419 Cimo
2271 4356 2416 4409 'rusc-
