2978 4920
542 336 549 343 ·
577 321 746 383 xxxii
1278 321 1391 379 DE
1434 319 1975 381 EDITIONIBUS

574 489 708 548 edd.
732 488 1089 547 fundamenti
1113 490 1238 545 loco
1263 490 1465 565 posita
1487 489 1752 546 videntur
1777 486 2020 547 Venetae
2059 491 2430 566 antiquiores,
2455 496 2658 569 praeci-

575 604 687 661 pue
713 604 771 642 a.
806 584 980 643 1486.
1063 582 1277 640 Aldina
1300 583 1491 660 prima
1513 582 1722 660 prodiit
1761 586 1888 642 sine
1928 596 2069 641 nota
2108 587 2271 655 anni,
2297 588 2503 657 altera,
2529 607 2659 663 (με

574 681 1049 739 emendatissima
1070 690 1183 748 est,
1212 698 1267 736 a.
1304 678 1475 736 1501.
1504 690 1565 737 et
1590 682 1782 749 tertia,
1808 699 1938 754 quae
1963 681 2039 738 ad
2061 683 2303 757 priorem
2327 683 2663 760 plerumque

577 776 767 846 rediit,
793 795 847 834 a.
880 776 1051 833 1536.
1104 773 1239 830 Ex·
1222 777 1312 843 iis,
1339 785 1401 831 et
1424 775 1676 851 quidem,
1699 775 1855 850 quod
1876 777 2115 845 mireris,
2140 779 2331 853 magis
2353 797 2430 834 ex
2453 780 2661 854 prima,

577 889 755 947 quam
785 871 1053 939 munda,
1080 869 1269 927 ductae
1309 880 1446 927 sunt
1485 869 1754 942 Jnntina,
1777 872 1957 951 (quae
1995 872 2249 929 nondum
2289 874 2498 930 critica
2528 892 2662 931 cum

578 985 718 1024 cura
764 976 826 1025 et
865 966 1181 1023 subtilitate
1220 984 1472 1023 excussa
1517 969 1633 1039 est)
1686 942 1938 1023 Florent.
1997 966 2175 1024 1513.
2230 967 2667 1043 Arqenlinensis

572 1063 837 1140 (egregia
875 1062 1077 1136 editio)
1122 1061 1294 1120 1518.
1328 1062 1500 1119 1527.
1569 1061 1717 1120 Sim.
1759 1061 1995 1120 OE'nn‘
2029 1061 2221 1121 Pais.
2267 1064 2441 1122 {m
2483 1064 2664 1122 1535.

580 1158 761 1216 1542.
782 1158 1060 1234 &ny-iai
1080 1154 1234 1214 Vsu.
1262 1156 1435 1213 1530.
1464 1156 1647 1214 1535.
1695 1156 1960 1214 Curionis
1985 1156 2165 1215 Basil.
2201 1158 2372 1215 1531.
2422 1158 2672 1235 Gryphii

582 1253 765 1331 Lugd.
797 1255 967 1311 1534.
999 1252 1173 1311 1538.
1207 1251 1386 1310 1546.
1420 1251 1593 1309 1560.
1631 1248 1814 1310 Paris.
1850 1254 2021 1309 1545.
2061 1253 2341 1310 Frellom‘i
2366 1252 2551 1330 Lugd.
2594 1273 2670 1312 ex

581 1370 697 1410 rec.
725 1349 891 1408 Junii
922 1348 1094 1407 1556.
1130 1348 1305 1406 1562.
1330 1347 1507 1406 1564.
1537 1366 1666 1422 quae
1692 1358 1889 1406 tamen
1914 1368 2111 1407 omnes
2132 1352 2346 1426 passim
2374 1360 2436 1407 et
2461 1351 2536 1407 ab
2562 1348 2671 1406 Al-

581 1448 751 1519 dinis,
777 1457 839 1507 et
873 1467 912 1505 a
950 1467 1014 1506 se
1047 1448 1295 1504 invicem
1330 1446 1650 1504 discedunt.
1730 1444 1986 1503 Textum
2027 1446 2299 1504 Aldinum
2340 1466 2672 1524 expressere

528 1572 537 1578 ’
581 1547 761 1604 etiam
804 1545 946 1603 Rob.
978 1543 1301 1621 Stephanus
1342 1542 1390 1599 Ι.
1432 1544 1496 1599 in
1537 1539 1722 1600 Paris.
1758 1543 1932 1599 1544.
1975 1542 2149 1601 1549.
2192 1553 2254 1601 et
2285 1543 2488 1602 Theod.
2518 1544 2669 1601 Pul-

582 1660 825 1700 mannns
846 1643 908 1699 in
935 1641 1321 1698 Plantinianis
1346 1640 1619 1717 Antverp.
1652 1638 1824 1696 1565.
1860 1639 2032 1697 1566.
2068 1642 2242 1697 1585.
2277 1642 2451 1698 1587.
2483 1640 2667 1718 Lugd.

590 1737 764 1796 1590.
803 1735 904 1795 sed
942 1736 1130 1794 multa
1166 1753 1468 1792 contexere
1507 1736 1970 1793 membranarum
2009 1754 2133 1811 ope.
2217 1733 2425 1793 Melior
2464 1736 2672 1794 deinde

585 1832 856 1891 Juvenali
894 1833 995 1889 lux
1037 1829 1274 1889 adfulsit
1314 1849 1485 1907 opera
1521 1829 1597 1887 P.
1627 1828 1844 1886 Pitlaaei
1867 1842 1928 1888 et
1956 1829 2083 1886 Nic.
2107 1830 2377 1906 Riyaltii,
2408 1833 2509 1906 qui
2534 1850 2671 1889 eum

586 1946 802 2003 magna
825 1944 963 1985 cum
1006 1944 1143 1983 cura
1168 1926 1474 2000 criticaque
1502 1925 1734 1983 solertia
1760 1925 1835 1983 ad
1859 1925 2028 1983 fidem
2069 1925 2231 1983 codd.
2259 1923 2442 1983 MSS.
2470 1946 2671 1985 recen-

586 2038 783 2090 suere3
827 2021 923 2079 ille
950 2018 1141 2077 Lutet.
1176 2020 1347 2077 1585.
1375 2039 1549 2094 quam
1575 2019 1710 2078 edit.
1740 2019 2131 2078 Commelinus
2155 2021 2383 2097 repetiit
2403 2018 2673 2080 Heidelb.

594 2117 764 2175 1590.
803 2118 1074 2184 hic-vero,
1090 2117 1189 2189 qui
1214 2116 1465 2173 maxime
1491 2117 1744 2173 omnium
1766 2118 2109 2192 promeritus
2135 2127 2225 2172 est
2241 2115 2312 2173 de
2336 2117 2675 2192 integritate

588 2226 915 2283 contextus,
946 2212 1338 2272 Latet-1613.
1366 2222 1426 2269 et
1455 2212 1631 2270 1616.
1675 2215 1957 2270 sumtibus
1984 2212 2429 2289 Eeb-Stephani
2448 2212 2569 2272 III.

671 2307 814 2368 Post
838 2307 1129 2366 Pithoeum
1149 2320 1208 2366 et
1233 2307 1577 2384 Rigaltium‚
1601 2307 1854 2381 adeoque
1880 2311 2050 2366 annis
2077 2308 2286 2365 abhinc
2316 2307 2430 2365 sere
2454 2310 2673 2367 ducen-

474 2400 485 2415 '
590 2409 685 2477 tis,
713 2426 826 2464 non
851 2404 971 2464 fuit
986 2404 1101 2464 fere
1122 2407 1443 2481 quisquam,
1466 2405 1565 2478 qui
1590 2403 1835 2462 multum
1868 2423 2070 2481 operae,
2090 2405 2183 2463 vel
2202 2423 2331 2463 eam
2352 2403 2506 2464 felici
2532 2408 2672 2464 sub-

588 2526 754 2565 cessu
796 2507 856 2562 in
899 2504 933 2561 J
940 2505 1179 2562 uvenale
1204 2503 1565 2563 recensendo
1605 2513 1858 2579 poneret.
1939 2502 2308 2578 Antiquiores
2330 2504 2674 2582 plerumque

585 2604 859 2660 iectiones
885 2601 1246 2659 adsciverunt
1266 2599 1421 2657 Eilh.
1439 2597 1717 2669 Lubinus,
1741 2618 1777 2656 a
1801 2618 1915 2674 quo
1937 2609 2053 2657 tres
2070 2601 2427 2658 'membranae
2453 2602 2515 2657 in
2531 2621 2673 2659 con-

588 2700 776 2757 silium
805 2699 1079 2757 adhibitae
1103 2709 1239 2755 sunt
1264 2699 1324 2754 in
1357 2696 1445 2754 ed.
1475 2694 1707 2753 Rostoc.
1739 2696 1912 2754 1602.
1941 2693 2172 2754 Hanov.
2207 2698 2379 2757 1603.
2413 2698 2586 2758 1619.
2612 2712 2675 2759 et

590 2794 895 2852 Maittaire
918 2796 979 2849 in
1004 2793 1092 2851 ed.
1122 2791 1297 2849 Lond.
1332 2791 1502 2846 1716.
1543 2792 1707 2864 cujus
1724 2810 1895 2848 omne
1911 2793 2156 2867 pretium
2178 2793 2388 2869 pendet
2414 2813 2489 2850 ex
2510 2795 2674 2853 elen-

590 2889 699 2945 cho
738 2889 1025 2945 variarum
1052 2887 1361 2943 lectionum
1391 2883 1588 2941 XXII.
1628 2885 1790 2942 editt.
1835 2896 1983 2942 antt.
2028 2896 2087 2943 et
2129 2905 2203 2944 ex
2245 2887 2431 2945 indice
2471 2892 2673 2948 verbo·

589 3001 737 3053 rum,
779 2984 878 3056 qui
918 2981 1210 3039 dimidiam
1249 2979 1365 3038 fere
1403 2981 1583 3037 libelli
1623 2991 1846 3057 partem
1884 2983 2092 3059 capit.-
2143 2980 2427 3040 Recensio
2471 2996 2674 3044 autem

578 3069 936 3153 Rigaltiana
959 3084 1189 3134 tantum
1220 3095 1334 3150 non
1360 3078 1587 3150 integra
1610 3077 1881 3134 restituta
1913 3086 2004 3133 est
2029 3078 2090 3133 in
2116 3076 2279 3135 editt.
2311 3077 2673 3139 Schrevelt‘a·

580 3175 680 3232 ’nis
707 3173 888 3249 Lugd.
919 3171 1051 3230 Bat.
1080 3170 1495 3228 1648—1684.
1523 3170 1892 3228 Henniniana
1917 3173 2070 3247 (quae
2109 3191 2212 3251 pro
2253 3176 2472 3251 optima
2495 3177 2672 3253 vulgo

591 3272 854 3337 habetur,
882 3269 982 3326 sed
1008 3269 1193 3344 magis
1234 3266 1532 3344 splendida
1556 3278 1645 3324 est
1685 3286 1858 3342 quam
1885 3268 2067 3336 utilis,
2092 3278 2152 3326 et
2193 3268 2268 3325 ad
2311 3268 2672 3330 Schrevelia-

592 3386 747 3437 nam,
775 3366 826 3424 si
850 3383 1134 3443 perpauca
1157 3366 1447 3440 exceperis
1467 3365 1613 3433 loca,
1641 3367 1918 3440 excussa)
1945 3363 2368 3439 Ultraj.·1635.
2396 3375 2456 3424 et
2485 3366 2670 3445 Lugd.

593 3462 933 3522 Bat.·1695.
981 3460 1368 3538 Goettinyensi
1397 3459 1568 3519 1769.
1612 3460 2064 3518 Mannhemiana
2105 3462 2276 3520 1781.
2319 3463 2477 3538 (qnae
2505 3462 2671 3523 Hen-

592 3560 893 3617 ninianam
920 3568 1039 3614 tam
1066 3556 1306 3615 fideliter
1330 3557 1629 3644 egrpressit,
1658 3566 1723 3612 ut
1763 3575 1836 3613 ne
1861 3555 2173 3615 manifesta
2211 3559 2441 3633 quidem
2468 3578 2686 3635 opera--

591 3674 714 3712 rum
741 3655 882 3710 vitia
906 3655 1024 3710 sint
1047 3653 1301 3727 sublata)
1325 3665 1386 3710 et
1413 3650 1736 3729 Bipontina
1768 3651 1939 3708 1785.
1982 3670 2113 3727 quae
2139 3652 2371 3728 reliquis
2395 3656 2669 3714 emenda-

594 3751 763 3807 tiores
788 3758 944 3816 sunt,
972 3767 1076 3805 nec
1102 3748 1349 3805 multum
1378 3766 1414 3804 a
1440 3767 1503 3805 se
1529 3748 1775 3805 invicem
1803 3745 2147 3826 discrepant.

676 3845 760 3902 Hi
786 3845 899 3903 fere
925 3855 1061 3902 sunt
1086 3844 1329 3901 editores
1354 3842 1677 3913 Juvenalis,
1698 3845 1800 3919 qui
1824 3845 2114 3919 ingenium
2140 3843 2578 3921 doctrinamque
2594 3847 2670 3903 ad

576 3945 925 4005 'contextum
960 3946 1084 4018 ejus
1125 3942 1545 4001 emendandum
1588 3946 1912 4002 contulere:
1976 3961 2232 4017 quorum·
2255 3953 2457 4001 tamen
2496 3962 2669 4021 opera

592 4041 842 4102 nondum
869 4041 966 4098 ille
993 4041 1311 4115 integritati
1337 4058 1457 4096 suae
1484 4041 1571 4097 ita
1596 4042 1897 4097 restitutus
1922 4049 2032 4108 est,
2059 4052 2127 4098 ut
2152 4041 2354 4098 critica
2368 4040 2496 4113 jam
2519 4060 2665 4099 cura

560 4125 952 4215 ‘supersedere
978 4137 1166 4194 liceat.
1252 4133 1465 4192 Praeter
1492 4154 1589 4193 eos
1624 4134 1781 4193 fuere
1821 4136 1995 4193 etiam
2021 4134 2154 4191 inde
2194 4135 2268 4191 ab
2306 4135 2473 4191 initio
2514 4133 2662 4194 Saec.

593 4231 759 4291 XVI.
787 4233 884 4309 qui
925 4241 1099 4290 notas
1133 4241 1191 4289 et
1236 4233 1689 4302 commentarios,
1717 4232 1837 4289 sed>¹
1857 4248 2059 4308 parum
2103 4229 2292 4298 utiles,
2334 4231 2396 4287 in
2433 4240 2663 4307 poetam

557 4319 914 4390 'scriberent
996 4327 1437 4387 Commentariis
1475 4347 1648 4406 supra
1683 4328 2009 4387 memoratis
2052 4316 2348 4385 adcessere
2374 4323 2430 4381 1.
2451 4343 2586 4382 Arm
2598 4342 2664 4382 ο-
