2978 4920
1025 332 1069 395 S
1089 334 1156 395 A·
1176 333 1240 395 T
1261 327 1295 395 I
1321 329 1383 393 R
1402 332 1469 394 A
1528 327 1649 396 VI.
1682 358 1690 364 ·

393 501 719 589 AEthiopis
734 503 999 567 fortasse
1027 511 1233 589 pater:
1280 524 1430 567 mox
1461 501 1723 568 decolor·
1734 502 1929 567 heres·

2254 331 2381 400 1⁶5

394 603 674 694 Inpleret
702 603 974 682 tabulas,
1004 625 1333 691 nunquam
1363 602 1482 668 tibi
1514 625 1696 668 mane
1727 604 2059 669 videndus·
2134 627 2141 634 ·

482 707 766 770 Transeo
797 706 1179 793 subpositoS‚
1204 717 1267 771 et
1296 704 1537 791 gaudia
1557 717 1835 793 votaque
1857 730 2035 794 saepe·

391 806 504 872 Ad
534 830 794 893 spurcos
822 806 1089 894 decepta
1117 806 1313 884 lacuS‚
1346 818 1543 892 atque
1570 806 1719 871 inde
1747 808 1980 894 petitos
2146 821 2153 856 ⁸

390 910 731 974 Pontifices
752 908 971 986 Salios,
1008 907 1396 973 Scaurorum·
1427 909 1688 972 nomina
1715 909 1875 974 falso

398 1014 679 1099 Corpore
707 1013 965 1078 laturos.

1058 1014 1199 1078 Stat
1231 1014 1528 1076 Fortuna
1554 1013 1825 1099 inproba
1850 1025 2066 1091 noctu,

2258 1013 2390 1080 ‘605

395 1113 723 1179 Adridens
751 1113 941 1178 nudis
968 1113 1345 1190 infantibuS‚
1376 1112 1494 1175 hos
1524 1112 1694 1177 fovet
1724 1136 1938 1178 omnes

400 1209 810 1303 Involvitque
841 1217 1010 1280 sinu:
1058 1215 1356 1280 domibus
1384 1228 1541 1279 tunc
1570 1214 1838 1302 porrigit
1867 1216 2032 1296 altis,
2125 1258 2152 1262 ‚⁴

309 1416 367 1448 eo
398 1402 592 1463 saliant,
621 1406 674 1453 b.
711 1419 756 1453 e.
794 1418 846 1451 se
882 1409 1097 1454 movent.
1185 1402 1319 1449 Nota

311 1468 458 1513 etiam
493 1469 616 1527 plur.
656 1471 837 1530 pueris,
867 1482 964 1529 quo
996 1468 1315 1552 infortunium

312 1537 536 1591 augetur.

374 1595 487 1643 600.
511 1585 765 1656 AEthiopis,
782 1597 905 1642 forte
923 1596 1046 1642 servi
1069 1596 1158 1642 tui.
1191 1595 1320 1641 decos

311 1656 401 1716 lor,
423 1661 618 1719 fuscus,
627 1674 689 1707 ex
700 1660 924 1720 AEtbiope
942 1667 1077 1720 patre
1088 1667 1141 1705 et
1161 1666 1316 1714 matre

314 1722 536 1772 Romana
568 1733 740 1778 natusz
788 1738 939 1784 quum
973 1731 1027 1771 tu
1066 1725 1132 1770 sis
1159 1724 1318 1771 albus.

313 1788 427 1834 601.
448 1789 656 1850 Inpleret
676 1789 853 1835 tabulas
871 1790 1169 1845 testamenti,
1204 1789 1252 1833 b.
1274 1801 1318 1833 e.

312 1852 453 1898 heres
489 1855 621 1900 solus
657 1855 733 1900 vel
762 1867 824 1899 ex
860 1866 965 1899 asse
1002 1854 1316 1899 scriberetur-2

312 1917 443 1975 quod
464 1931 559 1964 non
584 1919 747 1964 minus
767 1919 826 1964 ad
859 1918 1130 1978 augendam
1154 1917 1223 1963 rei
1243 1917 1320 1961 in-

313 1980 597 2046 dignitatem
623 1983 765 2029 valet.
798 1982 873 2028 cf.
902 1995 1007 2041 sup.
1040 1984 1102 2028 ad
1134 1996 1181 2027 v.
1203 1980 1317 2028 218.

312 2050 362 2089 et
375 2043 445 2090 11.
460 2044 537 2093 58.
566 2060 815 2105 numquam
837 2046 1071 2091 tibimane
1083 2044 1321 2102 videndus,

312 2104 455 2169 cujtis
475 2118 759 2169 conspectus
780 2112 1105 2169 obcursusque
1125 2110 1214 2154 tibi
1243 2122 1319 2153 se-

311 2173 428 2218 dulo
461 2174 688 2219 vitandus
722 2181 815 2231 est,
849 2181 1102 2232 tamquam
1134 2174 1320 2218 malum

227 2282 232 2286 .
310 2245 474 2284 omen.
525 2236 699 2284 Facete
720 2238 790 2283 ita
806 2237 1193 2297 superstitionem
1218 2237 1322 2281 vul-

308 2313 479 2362 garem
502 2301 554 2347 in
586 2315 692 2347 rem
723 2315 861 2347 suam
894 2302 1131 2347 convertit
1163 2309 1321 2359 poeta,

313 2370 370 2410 ut
392 2378 503 2423 sup.
527 2379 574 2411 ν.
598 2364 706 2411 572.
730 2372 780 2410 et
801 2365 867 2410 V.
890 2362 972 2410 54.
994 2365 1054 2409 ad
1085 2378 1196 2423 quae
1219 2364 1324 2408 loca

309 2441 362 2473 v.
403 2436 506 2476 not.
536 2442 701 2486 ηιαπες
736 2429 850 2489 nam
882 2428 1063 2488 species
1096 2441 1233 2474 novae
1271 2433 1322 2472 et

307 2492 525 2540 insolite
548 2492 615 2539 rei
632 2497 845 2540 maxime
865 2495 915 2538 in
938 2506 1079 2538 omen
1113 2500 1164 2538 et
1195 2490 1323 2538 diras

311 2559 611 2614 vertebatur,
633 2558 673 2603 si
699 2559 773 2604 vel
796 2559 953 2603 multo
975 2570 1134 2610 mane,
1151 2562 1201 2602 et
1217 2570 1321 2601 om·

311 2621 431 2670 nino
450 2623 543 2669 sub
573 2623 769 2667 exordia
801 2635 962 2681 rerum
985 2622 1322 2682 gerendarum,

317 2686 393 2731 vel
416 2691 473 2732 ut
493 2686 603 2746 θυμέ
624 2685 687 2730 V.
712 2685 793 2741 54,
811 2701 897 2746 per
918 2685 1113 2731 mediam
1130 2688 1322 2741 noctem,

314 2750 601 2798 obferretur.
646 2752 724 2799 cf.
769 2751 949 2812 Heynii
982 2749 1158 2806 opusc.
1198 2749 1323 2794 Aca-

316 2814 447 2860 dem.
471 2815 529 2862 T.
558 2814 655 2863 111.
677 2829 725 2874 p.
748 2815 856 2863 270.
881 2828 979 2874 seq.
1017 2814 1118 2861 Cic.
1141 2813 1256 2861 Div.
1278 2812 1321 2861 Ι.

314 2875 398 2926 45.
413 2892 511 2939 seq.
535 2879 931 2927 ptimxxvul.
956 2879 1001 2924 2.

380 2942 655 2993 602-609.
688 2943 936 2990 Notantur
956 2943 1182 2989 mulieres
1200 2942 1326 2988 divi-

318 3010 393 3059 Β*
432 3010 725 3069 nobilesque,
759 3023 871 3069 quoe
900 3007 1167 3067 subpositae,
1195 3009 1245 3053 h.
1279 3020 1325 3054 e.

316 3072 514 3130 nothos,
535 3074 748 3132 spurios,
765 3072 1043 3119 subditicios
1059 3085 1097 3116 s.
1121 3070 1323 3117 subditi-

316 3147 408 3180 vos
427 3149 599 3195 pueros
619 3137 806 3183 maritis
819 3150 906 3197 pro
928 3136 1027 3182 suis
1043 3136 1323 3182 obtrudunt.

326 3197 547 3256 Pramo,
569 3209 803 3260 praetereo
837 3200 1044 3253 silentio,
1071 3195 1177 3259 jam
1208 3199 1329 3245 nibil

318 3263 415 3308 de
400 3265 461 3309 xis
473 3266 651 3322 dicam,
668 3272 724 3311 ut
735 3265 825 3313 inf.
844 3265 913 3313 X.
927 3264 1037 3311 273.
1054 3263 1328 3323 guudtapa-

318 3333 458 3376 trum
477 3330 538 3375 de
558 3324 746 3388 liberis,
760 3337 809 3375 et
820 3333 930 3378 vota
951 3340 1134 3381 eorum,
1152 3328 1331 3387 quippe

316 3391 406 3450 qui
428 3394 653 3440 omnibus
676 3394 801 3439 votis
821 3394 1136 3453 expetierant,
1158 3399 1214 3437 ut
1238 3390 1330 3437 sibi

318 3465 634 3503 nascerentur
650 3452 766 3513 filii,
790 3459 988 3504 sedvota
999 3469 1119 3516 sepe
1131 3454 1332 3515 decepta,

317 3532 434 3576 ηοω
456 3523 517 3568 ad
539 3522 742 3569 inritum
762 3522 1039 3570 ceciderunt
1058 3519 1119 3566 ad
1149 3533 1336 3580 spurcos

319 3584 437 3630 illue
462 3585 607 3644 Inous,
640 3587 724 3633 ubi
745 3589 863 3633 olim
887 3586 1023 3632 liberi
1044 3597 1210 3632 recens
1231 3584 1333 3630 nati

318 3651 716 3706 exponebantur:
751 3665 814 3697 ex
832 3651 909 3697 his
940 3651 1072 3696 enim
1104 3649 1333 3709 expositis

318 3711 592 3760 infantibus
604 3716 786 3761 nobiles
802 3716 1081 3775 sterilesque
1097 3721 1334 3760 matronae

320 3776 700 3826 formosissimus
725 3780 956 3840 petebant,
980 3780 1334 3839 subponebant·

321 3854 423 3900 que
446 3855 532 3901 pro
548 3844 680 3898 suin
706 3845 942 3890 hiantem
964 3843 1116 3902 spurii
1136 3849 1184 3888 et
1198 3843 1333 3889 adul-

323 3906 473 3953 terini
509 3907 580 3954 ita
620 3909 842 3955 mirifico·
860 3922 918 3954 ac
955 3920 1085 3954 caeco
1123 3921 1238 3954 casu
1280 3908 1334 3953 in

323 3970 613 4018 Samrorum
653 3974 701 4019 h.
746 3986 791 4021 e.
829 3973 1063 4019 nobilium
1095 3971 1332 4018 familiam

324 4036 701 4098 recipiebantur,
723 4043 773 4083 et
794 4038 855 4084 ad
889 4048 1106 4083 summos
1131 4037 1333 4083 adscen-

326 4101 510 4147 debant
524 4101 749 4148 bonores.
783 4102 951 4147 Miseri
971 4102 1135 4159 itaque
1156 4107 1334 4161 patrea,

321 4164 518 4212 fraudis
538 4161 687 4226 hujus
703 4164 950 4213 muliebris
970 4165 1146 4229 ignari,
1166 4165 1340 4211 nothos

331 4229 459 4275 tilios
480 4243 568 4288 pro
588 4230 690 4277 suis
720 4230 929 4283 alebant,
951 4230 1167 4288 falsoque
1197 4231 1342 4279 duce

331 4292 514 4340 bantur
528 4294 725 4354 gaudio,
748 4301 798 4339 ct
815 4294 1014 4354 quidem
1035 4307 1198 4354 soepew
1285 4304 1291 4312 ·

401 4356 514 4405 603.
549 4359 722 4420 spurci
751 4359 885 4406 lacus
908 4357 1034 4406 forte
1066 4359 1127 4406 ad
1158 4359 1341 4405 colum

1382 1415 1497 1449 nam
1538 1403 1806 1456 lactariam,
1852 1405 1937 1452 ubi
1975 1405 2191 1468 infantes¹
2222 1420 2389 1455 reeens

1381 1467 1482 1511 nati
1508 1468 1792 1526 plerumque
1814 1469 2195 1528 exponebantur,
2212 1471 2261 1517 in
2286 1471 2389 1517 foro

1381 1530 1587 1586 olitorio,
1609 1533 1739 1590 quod
1763 1533 2086 1593 propinquum
2109 1545 2211 1581 erat
2233 1536 2391 1581 monti

1382 1594 1652 1654 Capitolino
1673 1602 1741 1640 et
1753 1595 1983 1655 Velabro,
2018 1599 2065 1643 h.
2096 1611 2141 1644 e.
2173 1599 2390 1659 pianitiei

1378 1658 1510 1705 inter
1532 1659 1880 1719 Capitolinum,
1904 1662 2206 1709 Aventinum
2227 1669 2276 1709 et
2292 1665 2397 1709 va·-

1379 1722 1587 1770 latinum
1612 1730 1820 1779 montes,
1843 1726 1894 1771 in
1918 1739 2065 1785 quam
2088 1740 2216 1787 saepe
2237 1740 2392 1775 exun-

1382 1788 1526 1834 dabat
1541 1787 1752 1844 Tiberis,
1776 1802 1981 1851 qumque
2002 1792 2206 1837 cloacis
2191 1804 2242 1836 ιιι
2259 1791 2399 1838 bunc·

1386 1851 1587 1899 fluvium
1610 1853 1769 1897 ductis
1802 1853 2082 1902 siccabatur.
2117 1851 2194 1902 Cf.
2218 1856 2391 1917 Heyne

1383 1918 1443 1963 ad
1466 1916 1650 1963 Tibull.
1668 1914 1741 1964 11.
1757 1916 1806 1964 5.
1827 1916 1909 1965 33.
1932 1918 2038 1964 inde
2047 1921 2212 1979 petitos
2231 1921 2393 1966 inlan-

1384 1987 1455 2026 tes
1488 1981 1692 2039 spurios,
1730 1994 1758 2026 e
1794 1983 1970 2041 quibus
2002 1983 2071 2030 sic
2110 1985 2234 2030 fiunt
2271 1983 2391 2030 oiim

1381 2045 1508 2091 Salii
1527 2051 1576 2089 et
1599 2045 1790 2103 Scauri,
1809 2047 1861 2093 b.
1882 2061 1927 2093 e.
1958 2049 2142 2094 summi
2173 2048 2392 2094 sacerdo-

1384 2115 1460 2155 tes*
1477 2115 1526 2155 et
1549 2109 1876 2168 magistratus,
1889 2113 1965 2158 vel
1990 2113 2188 2158 nobiles.
2221 2112 2395 2158 Ponti-

1368 2173 1487 2235 fices
1502 2172 1672 2227 Salios,
1688 2174 1739 2218 h.
1754 2186 1797 2219 e.
1821 2177 1972 2222 Salios
1993 2188 2213 2222 summos
2232 2190 2388 2224 saeer-

1384 2240 1536 2282 dotes.
1583 2236 1676 2283 Sed
1699 2238 1791 2283 boc
1812 2252 1955 2286 sensu
1979 2253 2123 2285 nemo
2145 2240 2392 2301 Pontifices

1385 2301 1530 2357 dixit,
1555 2305 1605 2346 et
1625 2301 1753 2346 forte
1770 2302 1861 2361 leg.
1881 2302 2119 2365 Pontifices
2131 2303 2263 2360 auos,
2272 2307 2334 2352 ·.b
2345 2317 2392 2350 e.

1384 2365 1640 2409 maximos.
1667 2363 1819 2411 Salios
1829 2367 2064 2425 exquisite
2081 2368 2201 2416 dixit
2220 2376 2389 2427 poeta.

1387 2441 1501 2475 nam
1519 2441 1614 2474 non
1630 2424 1836 2490 juvenes
1850 2432 1997 2477 modo
2018 2431 2205 2477 nobiles
2221 2434 2284 2479 ad
2303 2434 2395 2479 ho·

1385 2505 1529 2539 nores
1539 2505 1625 2551 per
1634 2495 1896 2539 sacerdotia
1911 2496 2042 2541 adire
2055 2497 2295 2554 sotebant,
2309 2497 2394 2543 sed

1384 2558 1438 2602 in
1460 2556 1559 2601 boc
1577 2557 1877 2628 sacerdotum
1910 2572 2102 2617 quoque
2122 2561 2394 2620 conlegium

1388 2634 1487 2666 non
1522 2620 1615 2667 nisi
1637 2621 1823 2679 patricii
1850 2617 2075 2681 juvenes,
2099 2624 2237 2681 iique
2248 2625 2407 2682 patri·

1389 2684 1461 2730 mi
1482 2689 1533 2728 et
1554 2684 1799 2739 matrimi,
1798 2686 2167 2743 cooptabantur.
2198 2687 2395 2734 Scauro-

1387 2761 1496 2793 rum
1512 2747 1563 2795 b.
1584 2748 1617 2793 1.
1636 2761 1721 2806 pro
1736 2749 1986 2807 quibusvis
1998 2750 2254 2803 nobilibus,
2278 2765 2401 2810 quo·

1387 2824 1505 2859 rum
1531 2812 1720 2857 nomina
1751 2813 2000 2872 adcipiunt
2030 2815 2272 2874 subpositi
2304 2817 2397 2870 illi,

1388 2874 1618 2936 sedfalso
1635 2888 1838 2935 corpore,
1858 2878 1907 2922 k.
1930 2891 1972 2924 e.
2005 2879 2125 2937 q'uia
2151 2879 2292 2935 falso,
2310 2884 2403 2940 per

1388 2954 1620 2998 errorem,
1643 2953 1810 2987 eorum
1833 2941 1916 2987 filii
1941 2948 2190 3001 putantur.
2332 2968 2339 2973 ·

1453 3004 1565 3051 605.
1587 3018 1719 3066 seqq.
1702 3004 1953 3052 .Venusta
1970 3007 2396 3077 Fortunaeimago,

1388 3082 1537 3130 quam
1561 3077 1609 3115 et
1622 3082 1881 3128 personam
1896 3071 2029 3117 fecit
2028 3078 2201 3131 poeta..
2223 3074 2400 3121 Fom-

1388 3149 1453 3180 na
1471 3133 1678 3192 inproba,
1711 3147 1841 3194 saepe
1870 3135 2084 3196 indignis
2111 3140 2324 3185 secunda
2344 3152 2397 3190 et

1392 3199 1554 3258 dignis
1573 3199 1790 3256 adversa,
1811 3200 1940 3246 unde
1969 3202 2239 3248 esistt'mata
2258 3216 2396 3266 σασα,

1392 3262 1622 3320 volubilis,
1644 3277 1785 3324 vaga,
1805 3265 2079 3319 inconstans,
2103 3266 2307 3324 ineerta,
2316 3282 2398 3314 va-

1393 3328 1487 3384 ria,
1504 3332 1559 3373 ut
1582 3335 1692 3373 utar
1715 3329 1870 3374 verbis
1886 3330 2012 3375 Plin.
2031 3330 2099 3376 11.
2132 3330 2251 3376 Stat
2258 3332 2399 3391 quasi

1391 3392 1454 3435 ad
1470 3403 1668 3449 spurcos
1679 3392 1789 3438 illos
1801 3393 1948 3439 lacus.
1971 3399 2134 3447 κασίη,-
2162 3404 2277 3440 nam
2292 3401 2405 3442 tum

1395 3456 1533 3514 pueri
1553 3457 1679 3501 clam
1711 3467 1762 3503 et
1782 3458 2145 3516 exponebantur
2174 3458 2239 3505 ad
2268 3458 2404 3505 lacus

1395 3532 1593 3578 spurcos
1631 3521 1707 3566 vel
1739 3522 2016 3567 columnam
2048 3521 2329 3597 lactariam,
2353 3529 2404 3570 et

1397 3584 1506 3629 inde
1520 3585 1789 3643 petebantur
1821 3598 1935 3630 eum
1971 3584 2022 3629 in
2055 3584 2227 3643 finem,
2248 3586 2337 3648 qui
2353 3601 2404 3637 v.

1396 3647 1510 3695 602.
1523 3662 1624 3708 seq.
1638 3649 1934 3708 designatur.
1965 3647 2405 3699 δοᾶΡωωωιᾱ

1395 3711 1550 3759 ridens
1563 3713 1709 3758 etiam
1730 3711 1965 3772 proverbii
1978 3712 2083 3760 loco
2093 3714 2328 3762 Romania
2346 3730 2405 3766 ac

1397 3776 1536 3823 nobis
1567 3777 1760 3823 dicitur.
1791 3776 1929 3823 nudis
1959 3777 2233 3838 inflantibus,
2254 3794 2407 3842 expo,

1397 3842 1526 3889 sitis.
1535 3840 1705 3900 fovet,
1715 3838 1949 3903 adjuvat3
1972 3849 2058 3887 aut
2080 3844 2212 3891 fovet
2229 3858 2337 3905 eos,
2348 3852 2404 3892 ut

1396 3906 1576 3966 gallina
1586 3906 1764 3965 pullos,
1777 3919 1838 3951 ne
1849 3906 2026 3967 frigore
2036 3907 2303 3963 laedantur-3
2317 3916 2406 3957 aut

1397 3970 1695 4031 potiusfhvet
1709 3975 1753 4017 ct
1773 3971 1965 4018 involvit
1976 3971 2087 4018 sium
2101 3974 2242 4032 quasi
2250 3980 2409 4035 tege.

1398 4037 1459 4081 de
1478 4034 1653 4080 intimo
1675 4048 1859 4092 amore,
1872 4043 1930 4081 ut
1948 4036 1999 4082 in
2013 4036 2120 4083 sinu
2127 4040 2310 4096 gestare
2319 4035 2404 4082 ali

1397 4113 1548 4159 quem,
1570 4099 1648 4144 vel
1678 4099 1730 4144 in
1763 4100 1969 4159 gremio,
1999 4100 2297 4161 amplectens·
2322 4111 2408 4145 eos

1403 4171 1453 4210 et
1466 4165 1765 4210 vestimentis
1781 4165 2047 4216 involvens,
2060 4169 2113 4213 ut
2130 4164 2300 4211 matris
2315 4176 2407 4211 nu

1394 4228 1595 4274 tricisve
1616 4241 1821 4287 persona
1851 4228 2080 4274 Fortunae
2112 4228 2409 4285 imponatur.

1407 4292 1501 4339 Sed
1523 4305 1610 4350 pro
1628 4305 1785 4337 omnes
1804 4293 1928 4338 forte
1947 4293 2044 4348 leg.
2061 4289 2186 4337 alma
2207 4290 2279 4334 vel
2300 4289 2405 4338 alis.

1397 4357 1627 4418 porrigit,
1645 4352 1809 4412 tradit,
1822 4351 2191 4413 infert,ingetit‚
2203 4351 2409 4404 domibus
