2978 4920
488 280 501 289 ’
587 328 683 385 xiv
1189 322 1301 383 m:
1344 320 1745 386 summe
1788 320 2079 392 Polme

574 493 741 566 jocos
764 499 825 549 et
848 491 1020 561 sales,
1050 493 1409 568 orationique
1428 493 1635 551 subite
1655 504 1718 552 et
1733 495 2054 565 hmriosoe,
2068 495 2309 556 horridae
2332 507 2395 556 et
2417 496 2660 576 nubea,

585 588 870 645 oboooenae
908 597 969 645 et
1006 589 1250 664 procaci,
1285 597 1497 647 tersum
1534 599 1596 646 et
1634 587 1925 660 mam,
1954 609 2159 668 puram
2199 604 2263 649 et
2302 595 2664 669 aequabiliter

586 680 881 751 fluentem,
920 680 1172 741 facetam
1221 693 1282 742 et
1319 683 1600 741 urbanam
1647 685 1963 757 substituit,
1988 696 2050 744 et
2091 704 2281 761 neque
2322 685 2535 747 Graeea
2576 693 2668 749 iu·-

587 778 823 834 miscuit
849 775 1091 850 Latinis,
1116 797 1300 853 nequo
1325 778 1445 836 alio
1480 796 1660 853 quam
1686 780 1914 838 beroioo
1929 796 2099 839 versu
2126 798 2272 838 usus
2294 791 2404 838 est.
2487 782 2665 844 Illum

584 873 696 930 sibi
719 874 1012 951 exemplar
1034 893 1370 954 proposuere
1394 875 1632 933 Persius
1646 884 1717 933 et
1738 876 2037 941 Iuvenalis
2050 895 2073 934 .·
2115 888 2180 935 at
2202 878 2448 953 quisque
2465 896 2666 939 σοι-ιιι

584 967 810 1027 δίωτοι
846 970 1086 1040 ratione,
1122 989 1222 1048 pro
1278 971 1635 1048 ingeniorum
1675 981 2102 1049 temporumque
2139 973 2440 1042 varietate,
2491 988 2666 1051 argu-

584 1076 783 1123 menta
804 1067 1110 1136 tractuit3
1151 1066 1303 1143 quod
1324 1066 1479 1125 infra
1502 1066 1847 1126 docebimus.
2383 1102 2390 1109 ι

616 1186 621 1191 ·
664 1160 821 1220 Ante
844 1161 1172 1233 Horatium,
1198 1165 1299 1239 qui
1325 1183 1379 1221 a.
1410 1161 1485 1221 U.
1504 1161 1575 1219 C.
1603 1162 1741 1220 689.
1769 1164 2024 1238 adeoque
2049 1158 2156 1218 XL
2181 1160 2298 1220 fere
2322 1163 2492 1221 anuis
2531 1174 2666 1241 post

585 1254 791 1315 Lucilii
815 1269 1054 1316 mortem
1074 1270 1247 1317 ustus
1271 1269 1383 1326 est,
1404 1276 1520 1315 nou
1539 1258 1808 1329 defuisse,
1829 1260 1928 1332 qui
1945 1259 2117 1332 hujus
2133 1258 2362 1333 quidem
2379 1261 2663 1337 exemplo,

580 1354 684 1412 sed
698 1373 908 1431 purum
932 1374 1196 1434 prospero
1219 1366 1451 1424 conatu,
1474 1355 1552 1413 ad
1573 1354 1798 1412 Satiras
1823 1355 2154 1414 scribeudas
2180 1356 2439 1415 animum
2457 1357 2666 1433 adpel-

581 1449 783 1520 lerent,
810 1450 932 1527 ipse
972 1451 1230 1510 declarat
1257 1451 1385 1509 Sat.
1411 1449 1459 1508 1.
1492 1450 1584 1508 10.
1610 1449 1709 1507 46.
1735 1456 1854 1525 seq.
1879 1451 1973 1508 his
2012 1452 2236 1509 verbis:
2278 1450 2406 1508 Hoc
2430 1450 2676 1527 (Satin'w

576 1561 712 1601 cum
733 1547 962 1620 poema)
1001 1553 1149 1615 erat,
1190 1553 1424 1622 experto
1433 1545 1679 1619 frustra
1731 1544 1984 1602 Varrone
2018 1546 2265 1603 Atacino
2304 1546 2494 1624 Atque
2533 1551 2665 1625 qui-

579 1638 815 1696 busdam
870 1639 1019 1710 aliis,
1085 1639 1284 1698 melius
1354 1636 1509 1720 quod
1569 1642 1811 1697 scribere
1883 1657 2120 1717 possem,
2187 1639 2490 1699 Inventore
2555 1644 2663 1700 mi-

580 1753 703 1794 nor.
808 1736 1063 1804 Quinam
1102 1737 1313 1795 fuerint
1350 1738 1582 1816 quidam
1621 1736 1750 1806 alii,
1791 1739 2136 1813 ignoramus,
2178 1739 2289 1795 nisi
2330 1737 2476 1797 forte
2512 1759 2663 1816 proe-

580 1842 668 1890 ter
706 1832 775 1889 L.
812 1831 1131 1901 Albutium,
1170 1830 1387 1889 Lucilio
1427 1832 1728 1908 aequalem.
1753 1833 2034 1890 Sardiuiae
2057 1851 2116 1889 a.
2147 1831 2221 1887 U.
2251 1831 2323 1888 C.
2347 1830 2487 1889 648.
2511 1853 2661 1910 prae-

578 1925 811 1997 fectum,
851 1938 910 1985 et
949 1927 1225 1985 hommem
1248 1928 1508 2004 adprime
1547 1928 1792 1996 doctum,
1820 1928 1982 2004 cujus
2006 1926 2301 1984 Luciliano
2323 1926 2665 1986 charactere

559 2023 818 2096 suerunt
842 2023 1035 2094 libelli,
1070 2012 1409 2082 teste'Varr.
1436 2023 1514 2084 R.
1545 2022 1620 2079 R.
1651 2022 1760 2080 111.
1802 2026 1860 2080 2.
1888 2044 1935 2083 s.
1969 2024 2058 2079 17.
2099 2043 2167 2081 eo
2205 2022 2484 2083 referendi
2523 2035 2663 2083 suut

578 2116 789 2175 Saeviw
828 2120 900 2195 (s.
948 2118 1190 2177 Suevius
1230 2139 1321 2196 ap.
1371 2120 1628 2178 Macrob.
1673 2118 1801 2177 Sat.
1847 2117 1925 2175 11.
1974 2121 2095 2195 14.)
2135 2119 2410 2187 Nicanor,
2449 2128 2512 2175 et
2550 2116 2662 2177 Le-

576 2231 731 2269 uaeus
757 2211 1015 2291 Pompeii
1055 2212 1141 2272 M.
1178 2214 1434 2283 libertus,
1462 2215 1534 2271 de
1574 2214 1780 2288 quibus
1819 2233 1873 2272 v.
1901 2213 2062 2272 Suet.
2088 2213 2159 2271 de
2180 2214 2260 2270 ill.
2288 2210 2492 2270 Gram.
2519 2232 2573 2271 c.
2597 2215 2661 2270 6.

575 2318 635 2363 et
668 2309 761 2369 15.
816 2307 1000 2367 Varro
1016 2321 1209 2368 autem
1234 2311 1332 2368 ille
1347 2309 1463 2368 fuit>
1481 2309 1560 2366 P.
1590 2308 1887 2367 Terentius
1925 2308 2127 2379 Varro,
2155 2319 2329 2366 natus
2352 2309 2576 2366 circiter
2600 2328 2658 2366 a.

580 2400 653 2462 U.
674 2406 742 2462 C.
771 2404 910 2462 670.
953 2416 1014 2463 et
1038 2424 1075 2463 a
1115 2403 1329 2464 Galliae
1373 2403 1766 2462 Narbonensis
1807 2423 1909 2463 seu
1950 2402 2119 2462 fluvio
2158 2422 2259 2462 seu
2298 2404 2487 2482 potius
2526 2404 2658 2462 vico

573 2496 784 2567 Atace,
811 2501 999 2558 dictus
1022 2502 1323 2569 Atacinus,
1350 2502 1451 2575 qui
1477 2510 1685 2577 praeter
1727 2499 1950 2558 Satires
1991 2500 2219 2576 scripsit
2259 2498 2657 2575 Argonautica

573 2598 897 2674 bellumque
923 2599 1328 2676 Sequanicum,
1356 2611 1417 2657 et
1455 2599 1528 2656 de
1569 2601 1734 2674 cujus
1773 2599 2002 2674 ingenio
2036 2616 2090 2653 v.
2134 2595 2381 2663 Quintil.
2409 2596 2492 2655 X.»
2517 2597 2572 2653 1.
2601 2617 2654 2657 s.

572 2681 693 2752 87(
755 2696 981 2756 Horatii
1001 2708 1174 2757 aetate
1197 2699 1348 2755 vixit
1374 2695 1568 2753 Julius
1595 2694 1826 2764 Florus,
1852 2705 1932 2764 et,
1959 2696 2008 2751 si
2035 2691 2311 2770 Porphyr.
2340 2693 2417 2751 ad
2443 2681 2662 2753 Horat.—

573 2786 757 2866 Epist.
794 2794 843 2848 l.
879 2793 949 2849 3.·
981 2792 1121 2849 fides
1158 2791 1446 2859 habenda,
1485 2790 1576 2848 liic
1618 2789 1826 2846 Florus
1835 2788 1971 2864 suit
2012 2788 2348 2847 Satirarum
2382 2793 2654 2866 scriptor,

566 2884 732 2957 cujus
756 2893 890 2942 sunt
928 2885 1116 2942 electoe
1154 2903 1226 2942 ex
1258 2885 1469 2952 Ennio,
1497 2882 1713 2941 Lucilio
1752 2891 1811 2941 et
1846 2882 2117 2953 Varrone,
2144 2885 2356 2959 quique
2394 2884 2537 2941 adeo
2561 2884 2652 2942 di-

567 2997 735 3037 versa
760 2980 968 3038 Satirae
992 3000 1204 3057 genera
1228 2982 1499 3038 tractavit
1515 2989 1576 3038 et
1600 2981 1845 3037 miscuit.
1888 2978 1961 3036 Ei
1978 2979 2266 3056 inscriptae
2281 2989 2420 3036 suut
2435 2977 2649 3037 Horat.

573 3071 756 3150 Epist.
781 3073 890 3131 111.
918 3076 1018 3133 ub.
1048 3073 1097 3133 1.
1124 3086 1183 3133 et
1210 3074 1289 3132 11.
1309 3076 1406 3133 lib.
1427 3074 1505 3131 11.
1544 3094 1578 3133 ο
1602 3076 1808 3151 quibus
1823 3072 2166 3133 wielandus
2184 3062 2245 3130 ει
2269 3075 2654 3133 cmubonua

565 3169 879 3241 conjecere,
905 3188 1037 3227 eum
1063 3188 1180 3226 non
1206 3170 1316 3227 nisi
1342 3165 1552 3249 ἐρωτικαὶ
1579 3171 1888 3247 scripsisse.
1971 3167 2271 3245 Ingenium
2299 3178 2494 3227 tamen
2519 3170 2647 3243 ejus

568 3264 788 3320 varium
812 3263 987 3322 fuisse
1007 3274 1066 3322 et
1090 3263 1165 3321 ad
1188 3263 1414 3323 dIversa
1438 3265 1720 3323 scribendi
1759 3284 1970 3341 genera
2009 3274 2226 3340 aptum,
2250 3263 2417 3321 docet
2442 3263 2648 3322 eadem

570 3357 754 3436 Epist.
785 3358 894 3421 III.
938 3362 1037 3419 22.
1080 3380 1200 3437 seq.
1243 3380 1319 3419 ex
1357 3381 1471 3437 quo
1510 3362 1636 3419 loco
1673 3363 1850 3420 etiam
1888 3360 2176 3438 probabile
2214 3360 2301 3428 fit,
2328 3360 2400 3418 de
2445 3361 2645 3419 eodem

570 3454 739 3516 Floro
762 3458 919 3534 loqui
944 3456 1190 3524 Quintil.
1213 3458 1292 3517 X.
1320 3461 1377 3516 3.
1413 3459 1505 3517 12.
1534 3478 1651 3535 seq.
1678 3469 1738 3516 et
1764 3459 1964 3517 Senec.
1993 3456 2261 3515 Controv.
2289 3455 2484 3514 XXV.
2527 3456 2647 3516 Hic

564 3564 862 3623 memorat,
878 3574 1011 3613 eum
1034 3555 1496 3624 declamatorem,
1515 3555 1611 3612 ille
1633 3573 1784 3624 vero,
1807 3574 1936 3612 eum
1962 3554 2271 3631 principem
2290 3553 2349 3609 in
2370 3552 2644 3628 eloquen-

564 3652 652 3708 tia
678 3649 1001 3710 Galliarum
1025 3661 1085 3709 et
1109 3654 1259 3709 inter
1282 3670 1497 3728 paucos
1531 3650 1805 3708 disertum
1847 3650 2042 3708 fuisse.
2123 3648 2264 3706 Post
2305 3646 2641 3721 Horatium,
2708 3653 2714 3669 ²

564 3758 769 3823 praeter
792 3747 1048 3808 Persium
1067 3758 1127 3807 et
1140 3747 1174 3805 J
1181 3749 1503 3817 uvenalem,
1525 3748 1838 3823 horumque
1864 3757 2056 3814 aetate,
2071 3746 2240 3802 multi
2249 3745 2524 3804 exstitere
2540 3745 2644 3804 alii
2733 3757 2738 3760 '

564 3840 885 3900 Satirarum
912 3845 1231 3919 scriptores,
1257 3842 1356 3918 (cf.
1379 3842 1627 3910 Quintil.
1657 3842 1731 3899 X.
1771 3842 1820 3898 l.
1845 3843 1971 3916 94.)
2013 3839 2258 3909 Turnus,
2285 3840 2509 3909 Lenius,
2539 3839 2664 3899 Sis

563 3934 694 4007 lius,
739 3938 1015 4016 Sulpicia,
1052 3938 1259 4007 Tucca,
1287 3937 1549 3996 Manlius
1598 3938 1878 4016 Vopiscus,
1906 3936 2048 3994 forte
2088 3947 2149 3996 et
2187 3934 2380 3995 Julius
2419 3934 2639 4011 Rufus,

571 4032 874 4103 Cornutus,
922 4033 1142 4091 Gavius
1181 4035 1395 4091 Bassus
1434 4044 1495 4092 et
1535 4033 1811 4092 Rabirius
1851 4053 1895 4091 s.
1938 4032 2189 4090 Rubrius
2230 4033 2460 4106 aliique,
2492 4049 2639 4108 quos

564 4127 723 4186 fama
746 4130 987 4187 obscura
1008 4130 1282 4187 recondit.
1363 4128 1504 4187 Tres
1528 4131 1758 4206 priores,
1787 4127 2073 4186 Aurunoae
2097 4138 2286 4196 natos,
2307 4145 2440 4202 quse
2466 4125 2638 4186 Luci-

550 4224 625 4284 -lii
650 4241 873 4300 quoque
896 4226 1088 4300 patria
1106 4224 1233 4295 fuit,
1253 4234 1538 4283 memorat
1561 4234 1727 4282 vetus
1754 4217 1946 4282 Schol.
1970 4220 2006 4279 J
2012 4240 2176 4281 uveu.
2203 4221 2277 4278 ad
2305 4221 2430 4280 Sat.
2460 4218 2507 4278 l.
2531 4221 2632 4280 20.

565 4319 783 4379 Lenius·
798 4328 857 4378 et
880 4316 1080 4392 SiliuS,
1106 4320 1257 4399 quod
1281 4320 1483 4390 sciam,
1512 4338 1626 4377 nou
1660 4320 1786 4378 aliis
1811 4318 2142 4385 laudantur,
2168 4317 2277 4373 nisi
2316 4316 2508 4392 potius
2546 4315 2634 4374 illi
