2978 4920
1292 332 1961 399 JU‘VENALIS

674 515 786 580 Nil
816 514 931 580 tibi
966 535 1029 574 se
1058 511 1289 575 debere
1318 521 1528 596 putat,
1559 507 1648 571 nil
1676 508 1954 573 conferet
1985 526 2313 593 umquam,

640 612 645 621 ’
676 616 1057 701 Participem
1089 612 1203 698 qui
1232 623 1297 676 te
1325 611 1544 674 secreti
1575 610 1726 673 fecit
1756 608 2022 673 honesti.

676 720 879 783 Carus
900 715 1020 780 erit
1049 712 1253 791 Verri,
1280 714 1393 799 qui
1427 714 1686 775 Verrem
1717 724 2023 798 tempore,
2054 734 2189 797 quo
2219 711 2381 786 vult,

673 819 1005 884 Adcusare
1031 827 1257 902 potest.

1351 814 1548 877 Tanti
1583 809 1698 878 tibi
1727 833 1856 876 non
1885 812 1967 877 sit
1996 814 2178 899 opaci

672 918 895 983 Omnis
923 939 1111 981 arena
1143 914 1333 1000 Tagi,
1356 912 1662 999 quodque
1691 912 1755 976 in
1777 934 1958 976 ‘mare
1979 913 2263 979 volvitur
2288 935 2539 987 aurum,
2584 913 2665 974 55

674 1022 770 1085 Ut
800 1041 1017 1083 somno
1044 1039 1275 1094 careas,
1306 1015 1726 1102 ponendaque
1755 1015 2017 1102 praemia
2047 1038 2257 1079 sumas

636 1122 643 1129 “
674 1121 931 1198 Tristis,
960 1131 1026 1183 et
1052 1141 1092 1182 a
1117 1139 1348 1203 magno
1379 1137 1624 1202 semper
1651 1116 1931 1179 timearis
1958 1115 2178 1179 amico.

760 1218 920 1294 Quae
947 1237 1117 1280 nunc
1143 1213 1453 1278 divitibus
1479 1236 1638 1299 gens
1662 1212 2107 1299 adoeptissima
2133 1214 2389 1291 nostris,

674 1319 765 1383 Et
793 1339 955 1405 quos
981 1314 1299 1404 praecipue
1327 1314 1597 1399 fugiam,
1627 1314 1981 1401 properabo
2009 1313 2219 1391 fateri,

674 1422 809 1485 Nec
837 1419 1046 1507 pudor
1073 1415 1369 1482 obstabit.

1460 1417 1609 1480 Non
1636 1432 1893 1503 possum
1921 1416 2109 1495 ferre,
2143 1417 2448 1495 Quirites,

2583 1413 2666 1479 60

674 1522 967 1586 Graecam
994 1520 1242 1595 urbem,
1273 1519 1564 1604 quamvis
1592 1530 1791 1603 quota
1819 1516 2029 1603 portio
2056 1518 2229 1583 faecis
2258 1518 2534 1582 Achaei?

672 1624 720 1687 J
723 1645 824 1686 am
852 1621 1100 1709 pridem
1133 1621 1332 1705 Syrus
1360 1617 1427 1681 in
1459 1619 1749 1683 Tiberim
1778 1617 2050 1685 defluxit
2083 1621 2377 1697 Orontes,

585 1789 823 1840 dedecori.
868 1789 997 1836 Nam
1016 1790 1217 1836 honesta
1228 1789 1375 1835 etiam
1393 1793 1596 1848 possunt

587 1869 693 1903 εωε
724 1868 914 1909 arcana,
938 1868 1047 1914 quae
1068 1854 1362 1914 aliquamdiu
1395 1855 1599 1899 tacenda

589 1928 720 1967 aunt.

656 1983 739 2031 51.
761 1985 839 2031 52.
874 1983 1165 2043 Comparant
1183 1983 1395 2031 Martial.
1410 1982 1498 2029 vl.
1516 1980 1596 2028 50.

588 2049 664 2095 nil
681 2048 882 2111 confirct
903 2048 1008 2096 scil.
1023 2048 1213 2108 proemii
1232 2048 1333 2102 tibi,
1353 2055 1408 2093 ut
1428 2052 1597 2094 contra

585 2114 646 2172 ii,
665 2124 874 2173 quorum
909 2114 1086 2159 scelera
1118 2113 1207 2158 tibi
1241 2122 1354 2158 nota
1374 2118 1510 2168 sunt,
1534 2124 1596 2156 ne

590 2177 851 2224 commissa
872 2178 1109 2223 enunties.
1171 2177 1251 2225 58.
1273 2178 1423 2223 Carus
1440 2180 1492 2221 et
1512 2177 1594 2221 ad·

586 2246 759 2301 ceptus
773 2241 861 2286 erit
879 2243 1106 2287 scelerato
1123 2243 1243 2300 viro,
1260 2241 1414 2301 qualis
1433 2240 1597 2286 Verres

586 2306 705 2363 fuit,
723 2306 809 2366 qui
839 2306 1023 2351 nefaria
1045 2302 1150 2366 ejus
1180 2306 1378 2353 consilia
1399 2319 1456 2351 ac
1476 2305 1595 2350 faci·

591 2383 710 2416 nora
729 2370 932 2424 noverit,
949 2370 1128 2430 quique
1143 2372 1263 2417 adeo
1279 2370 1449 2430 quovis
1472 2374 1596 2413 tem-

588 2447 725 2495 pore,
746 2446 846 2495 quo
869 2435 990 2489 vult,
1013 2447 1126 2481 eum
1157 2437 1384 2482 adcuaare
1406 2438 1594 2494 potest:

587 2502 705 2560 quin
731 2513 936 2545 munera
952 2501 1013 2545 ab
1032 2513 1090 2545 eo
1111 2500 1333 2561 adcipiet,
1352 2508 1407 2545 ut
1423 2504 1593 2545 taceat.

652 2564 864 2612 54-57,
888 2564 1086 2623 Sapiens
1109 2577 1169 2610 ne
1187 2564 1593 2623 amplissimorum

588 2630 783 2690 quidem
823 2630 1122 2690 premiorum
1155 2628 1432 2689 summique
1473 2626 1596 2673 lucri

585 2708 723 2755 apem
747 2695 839 2741 sibi
861 2695 1073 2740 oblatam
1096 2695 1216 2739 tanti
1238 2695 1400 2746 faciet,
1420 2699 1474 2738 ut
1494 2706 1593 2738 sce-

585 2758 816 2805 lestorum
839 2754 1042 2818 alicujus
1059 2759 1366 2804 consiliorum
1390 2763 1598 2802 secreto-

584 2836 793 2884 rumque
813 2823 1052 2881 particeps
1075 2821 1178 2878 flat,
1196 2829 1245 2867 et
1266 2822 1444 2866 idcirco
1465 2833 1593 2865 sem·

584 2888 838 2946 pertristis
859 2888 940 2940 sit,
959 2886 1008 2931 b.
1027 2898 1068 2930 e.
1092 2883 1413 2930 sollicitudine
1435 2898 1492 2929 ac
1508 2894 1590 2929 cu-

584 2951 652 2996 ris
668 2958 889 3011 angatur,
905 2949 1086 3023 quibus
1094 2961 1154 2993 ne
1170 2961 1255 3007 per
1266 2960 1473 2993 somnum
1485 2949 1593 3007 qui·

585 3014 698 3060 dem
722 3027 902 3075 vacuus
923 3015 988 3057 sit
1009 3012 1218 3066 animus,
1236 3012 1463 3071 quoniam
1487 3026 1592 3071 per-

583 3084 733 3137 petuo
755 3079 1019 3124 verendum
1043 3082 1136 3133 est,
1160 3090 1219 3122 ne
1241 3088 1414 3122 arcana
1435 3077 1592 3123 divul-

583 3149 767 3202 gentur
781 3150 830 3188 et
852 3143 955 3201 ipse
976 3155 1167 3202 quoque
1188 3141 1477 3200 supplicium
1498 3143 1590 3187 sol·

583 3211 687 3260 vat,
710 3206 787 3253 vel
810 3208 938 3252 adeo
969 3208 1030 3252 ab
1061 3206 1237 3262 amico,
1262 3206 1342 3263 qui
1377 3207 1590 3251 conscios

582 3270 731 3326 timet,
743 3272 1001 3317 occidatur.
1047 3268 1127 3316 55.
1144 3268 1304 3328 Tagus
1322 3270 1455 3321 (bod.
1476 3270 1592 3316 Tm’o

582 3348 625 3382 a.
652 3333 783 3398 Teio)
816 3336 992 3382 fluvius
1025 3334 1280 3394 Hispanioe
1311 3332 1590 3398 χςυηῤῥὸις.

580 3400 729 3460 quiin
742 3414 869 3447 mare
885 3400 1182 3446 Atlanticum
1199 3400 1359 3445 influit
1375 3401 1589 3459 adeoque

583 3480 752 3512 aterum
787 3464 947 3523 volvit,
981 3470 1029 3510 et
1064 3464 1112 3509 in
1147 3477 1244 3524 quo
1275 3464 1422 3509 etiam
1458 3478 1589 3510 nunc

580 3538 676 3575 non
699 3544 850 3577 arenoe
870 3532 1086 3590 quidem,
1097 3530 1180 3574 sed
1201 3529 1337 3574 numi
1358 3535 1522 3574 tamen
1540 3534 1588 3574 et

579 3593 762 3652 globuli
792 3597 927 3640 aurei
953 3595 1255 3653 aliorumque
1276 3593 1586 3639 metallorum

578 3665 739 3717 partes
780 3660 1101 3716 reperiuntur.
1153 3659 1305 3717 opaci,
1349 3658 1586 3715 umbrosi,

568 3723 767 3767 vmbris
787 3723 1012 3768 arborum
1031 3716 1237 3769 obscuri.
1272 3719 1350 3767 cf.
1371 3723 1585 3767 Martial.

581 3786 625 3833 1.
648 3784 826 3832 50.16.
849 3787 933 3844 qui
954 3787 1056 3845 ipse
1079 3786 1334 3860 Hispanus·
1348 3787 1457 3831 fuit.
1506 3785 1585 3833 56.

569 3851 772 3912 proemia
785 3850 1015 3909 ponenda,
1030 3864 1141 3909 que
1157 3852 1218 3896 ab
1238 3849 1396 3896 amico
1414 3863 1583 3909 propo-

578 3916 756 3968 nenda,
789 3914 1144 3971 constituenda,
1181 3915 1257 3965 (ut
1289 3914 1377 3961 Gr.
1415 3912 1585 3962 casim

576 3978 753 4037 lusu)
785 3978 1109 4037 promittenda
1141 3983 1295 4031 erant,
1323 3985 1379 4023 ιιι
1411 3979 1472 4024 ad
1506 3992 1583 4024 so·

573 4047 799 4092 cietatem
823 4041 1013 4087 sceleris
1035 4054 1147 4087 cum
1169 4055 1227 4087 eo
1243 4043 1511 4087 coeundam
1533 4047 1583 4089 te

571 4110 854 4170 perliceret·
881 4107 956 4151 vel
979 4106 1139 4164 potius
1155 4107 1452 4166 deponenda,
1470 4107 1519 4152 b.
1537 4120 1577 4153 ε.

570 4171 856 4236 abjicienda,
881 4171 1167 4230 spernenda,
1184 4170 1463 4224 recusanda,
1482 4185 1581 4217 non

574 4238 840 4290 sumenda,
877 4248 990 4280 nam
1024 4247 1137 4280 cum
1160 4247 1337 4280 sumere
1351 4231 1578 4296 jungitur

570 4304 714 4363 eique
754 4299 1486 4360 obponitur.mog⁷10,tente
1522 4314 1578 4347 ac

571 4368 738 4425 divite,
759 4367 922 4417 amieo,
948 4371 1001 4410 ut
1026 4364 1069 4412 1.
1090 4364 1167 4411 38.
1193 4364 1276 4409 v1.
1336 4363 1412 4410 13.

1714 1788 1792 1835 58.
1805 1787 2667 1849 adcepeiedma,gmtinsirna.gene,seil.

1661 1854 1845 1900 Graeca.
1899 1853 1978 1900 60.
1994 1852 2101 1898 Nec
2110 1854 2262 1913 pudor
2275 1853 2487 1909 obstabit,
2504 1853 2596 1898 etsi
2608 1866 2669 1898 ne

1658 1920 1763 1964 sine
1785 1920 1966 1978 pudore
1997 1918 2191 1977 quidem
2215 1918 2275 1963 de
2297 1918 2389 1963 hoc
2409 1917 2666 1963 hominum

1661 1996 1835 2040 genere
1846 1983 1997 2042 loqui,
2011 1987 2062 2027 et
2074 1982 2214 2042 quale
2226 1982 2289 2026 sit
2299 1983 2458 2028 dicere
2471 1982 2670 2040 possim.

1663 2049 1787 2094 Cum
1810 2048 1902 2093 bac
1917 2060 2030 2092 vero
2048 2046 2366 2106 descriptione
2382 2058 2578 2091 morum
2591 2045 2666 2090 in-

1660 2113 1885 2171 geniique
1902 2111 2183 2157 Groecorum
2204 2109 2396 2156 v.—-58.
2412 2108 2523 2157 125.
2537 2111 2666 2155 conf.

1664 2177 1764 2223 Cic.
1800 2183 1920 2222 orat.
1954 2188 2040 2234 pro
2075 2175 2267 2234 Flacco,
2288 2172 2429 2236 cujus
2450 2174 2667 2219 maxima

1660 2242 1759 2287 fere
1791 2253 1902 2300 pars
1931 2242 1991 2285 ad
2025 2241 2274 2300 perfidiam
2309 2252 2477 2285 eorum
2502 2239 2670 2284 levita-

1661 2313 1858 2364 temque
1881 2305 2175 2365 probandam
2191 2310 2392 2365 spectat.
2440 2302 2669 2357 Quirites,

1662 2371 1789 2416 cives
1810 2370 2032 2424 Romani,
2054 2382 2152 2429 quo
2184 2369 2382 2414 nomine
2404 2375 2547 2427 poeta
2570 2381 2666 2412 non

1660 2441 1762 2480 tam
1785 2446 1903 2481 usus
1919 2439 1993 2480 est
2014 2446 2150 2480 more
2170 2446 2360 2491 eorum,
2380 2432 2466 2491 qui
2487 2432 2539 2478 in
2560 2445 2668 2478 ora·

1659 2498 1870 2546 tionibus
1886 2499 1945 2545 ad
1963 2501 2195 2559 populum
2215 2499 2447 2545 habendis
2466 2510 2581 2543 eum
2602 2499 2672 2543 ita

1658 2565 2006 2623 adloquuntur,
2039 2577 2184 2623 quam
2219 2564 2335 2622 quia
2356 2562 2537 2609 Grecis
2559 2563 2609 2608 b.
2633 2564 2666 2608 1.

1660 2628 1736 2674 vel
1770 2629 1931 2687 potius
1963 2628 2215 2682 Romanis,
2248 2628 2532 2672 Graecorum
2568 2628 2666 2672 ritu

1661 2692 1953 2749 viventibus,
1974 2694 2299 2751 obponuntur.
2347 2691 2564 2737 Graeeam
2586 2705 2665 2735 ur·

1659 2756 1775 2813 bem,
1812 2757 2042 2814 Romam,
2076 2769 2188 2816 quoe
2220 2757 2502 2802 Graecorum
2535 2767 2666 2800 nunc

1659 2822 1845 2880 lingua,
1865 2821 2097 2877 moribus,
2111 2828 2275 2881 gustu,
2288 2820 2496 2873 luxuria,
2509 2820 2663 2872 cultu,

1655 2885 1856 2944 deiiciis,
1877 2886 2024 2943 ludis,
2036 2886 2261 2946 vitiisque
2276 2891 2517 2956 conrupta
2528 2888 2601 2928 est
2616 2891 2665 2928 et

1655 2963 1685 2993 a
1708 2949 1862 3008 prisca
1884 2951 2063 2996 virtute
2079 2950 2415 3010 degeneravit·
2439 2944 2581 3010 cujus
2599 2947 2662 2991 ci·

1659 3026 1741 3058 ves
1772 3019 1887 3060 sunt
1929 3014 2101 3060 molles
2143 3021 2190 3059 et
2233 3013 2519 3060 effeminati.
2586 3010 2663 3057 Sic

1660 3077 1825 3124 Groeca
1862 3086 1911 3124 et
1947 3078 2164 3125 Grac-ula
2206 3079 2384 3138 passim
2426 3090 2513 3137 per
2548 3089 2661 3123 con-

1656 3149 1863 3188 temtum
1897 3143 2012 3202 dici,
2034 3151 2083 3188 et
2113 3142 2345 3189 Romanis
2378 3140 2557 3201 obponi
2586 3153 2665 3186 so-

1654 3206 1770 3252 lent.
1812 3208 1887 3252 cf.
1911 3208 1997 3252 ins.
2022 3207 2116 3253 VI.
2143 3207 2253 3256 185.
2273 3220 2372 3267 seq.
2406 3213 2456 3252 et
2490 3208 2550 3253 ad
2576 3207 2661 3252 Sil.

1657 3270 1750 3317 111.
1777 3270 1885 3318 178.
1910 3272 2036 3319 XII.
2057 3269 2137 3319 41.
2154 3271 2231 3317 49.
2254 3270 2332 3317 69.

1719 3334 1924 3382 61-85.
1960 3335 2131 3396 Neque
2164 3343 2329 3382 tamen
2364 3337 2415 3382 id
2444 3336 2561 3381 satis
2587 3341 2660 3381 est

1654 3401 1731 3446 vel
1763 3402 1977 3446 maxime
2011 3401 2294 3458 dolendum,
2324 3403 2455 3460 quod
2478 3399 2660 3458 Aemi,

1652 3465 1864 3517 Graecini
1873 3479 2036 3511 ornam
2051 3466 2358 3526 migraverint
2370 3478 2386 3520 ς
2406 3466 2513 3511 haec
2524 3466 2655 3510 enim

1652 3537 1725 3574 est
1748 3528 1952 3575 minima
1967 3532 2140 3590 portio,
2161 3542 2291 3589 pars,
2301 3528 2463 3590 fecie,
2483 3529 2657 3574 vilissi-

1651 3605 1844 3639 morum
1863 3594 2348 3654 turpissimos-umque
2364 3595 2619 3640 hominum
2639 3606 2653 3638 ε

1635 3658 1924 3719 jampridem
1957 3659 2107 3718 Syrus
2138 3657 2333 3705 Orontes
2366 3660 2418 3703 in
2449 3658 2657 3704 Tiberim

1649 3721 1862 3781 definiit,
1883 3722 1932 3766 b.
1956 3737 1997 3768 e.
2032 3723 2157 3783 Syri,
2190 3724 2314 3782 inpr.
2341 3722 2655 3778 Antiochvni,

1650 3787 1883 3832 Orontem
1910 3788 1955 3832 fl.
1979 3788 2254 3834 adcolentes
2270 3795 2318 3833 et
2351 3788 2543 3833 luxuria
2564 3787 2658 3831 las-

1647 3851 1867 3910 civiaque
1898 3849 1948 3913 (a
1979 3853 2179 3898 Juliuno
2200 3853 2325 3911 Imp.
2343 3852 2392 3897 in
2414 3851 2654 3911 Misopog.

1648 3918 1846 3972 notatis)
1862 3917 2085 3970 infames,
2107 3923 2161 3963 ut
2178 3924 2227 3962 et
2245 3917 2325 3961 alii
2349 3916 2547 3962 orientis
2570 3929 2657 3975 po·

1646 3980 1766 4041 puli,
1782 3982 1861 4033 (cf.
1875 3980 1964 4028 inf.
1981 3980 2125 4028 v111.
2146 3978 2277 4041 159.)
2294 3993 2354 4026 ex
2371 3981 2485 4027 Asia
2504 3978 2653 4043 (unde

1646 4045 1833 4104 primus
1864 4045 2034 4090 luxum
2068 4046 2253 4091 invexit
2285 4046 2377 4091 Cn.
2409 4044 2649 4100 Manlius,

1646 4111 1706 4155 de
1727 4123 1822 4169 quo
1846 4124 1892 4158 v.
1921 4111 2015 4156 loc.
2044 4111 2183 4156 class,
2205 4109 2311 4156 Liv.
2335 4109 2580 4155 xxxtx.
2603 4109 2650 4154 6.

1645 4187 1790 4233 quem
1808 4173 1841 4220 J
1845 4175 2061 4220 uvenahs
2077 4175 2224 4220 etiam
2250 4176 2299 4220 in
2323 4187 2424 4234 seq.
2449 4188 2543 4219 vss.
2568 4187 2650 4219 ex·

1641 4238 1833 4298 pressit)
1845 4252 1956 4285 cum
1975 4239 2106 4283 vitiis
2123 4239 2225 4285 suis
2243 4239 2471 4293 Romam,
2490 4239 2550 4284 ad
2569 4238 2651 4284 Ti·

1641 4303 1794 4348 berim
1828 4303 1992 4357 sitam,
2015 4305 2305 4350 confluxere.
2350 4304 2428 4350 ef.
2452 4305 2557 4349 loca
2585 4304 2649 4347 si·

1641 4368 1743 4412 mil.
1758 4366 1845 4412 inf.
1859 4367 1949 4413 vl.
1966 4366 2075 4413 295.
2090 4380 2190 4427 seq.
2206 4375 2251 4413 et
2268 4367 2317 4413 in
2337 4368 2484 4413 sacris
2498 4366 2649 4412 literis
