2978 4920
1032 310 1076 372 S
1095 309 1162 378 A
1183 308 1310 382 ΤΧ,
1327 308 1390 373 R
1410 309 1477 380 A
1535 309 1696 375 vll.

2284 313 2410 383 19³²

410 493 728 581 Discipuli
756 503 971 574 custos
997 491 1381 580 praemmdet
1410 494 1909 573 Anemurium,

357 611 364 616 ⁴
409 599 525 676 Et,
556 600 670 686 qui
700 598 1046 688 dispensat,
1074 597 1315 684 frangit
1346 597 1485 664 sibi.
1578 599 2155 683 Cede-Palemon,

406 700 496 762 Et
525 711 742 786 patere
770 684 919 774 inde
947 698 1194 786 aliquid
1222 697 1615 765 decrescere:
1661 723 1789 766 non
1815 699 2019 782 aliter,
2042 719 2237 788 quam
2279 705 2409 770 m

407 800 674 866 Institor
700 801 983 870 hibernae
1013 802 1242 887 tegetis
1268 800 1566 887 niveique
1594 801 1875 886 cadurci,

407 901 583 964 Dum
616 900 806 966 modo
833 923 960 965 non
988 913 1232 988 pereat,
1260 900 1485 965 mediae
1515 901 1692 987 quod
1721 902 2030 974 noctisab
2056 903 2216 970 hora
2318 923 2321 926 ·

391 999 663 1079 sedisti,
692 1024 826 1089 qua
851 1025 1036 1066 nemo
1065 1002 1268 1079 faber,
1299 1024 1430 1089 qua
1459 1024 1645 1066 nemo
1674 1002 1939 1080 sederet,

339 1120 347 1125 “
408 1101 534 1179 Qui
564 1100 749 1169 docet
781 1103 1047 1188 obliquo
1074 1101 1283 1168 lanam
1312 1101 1628 1167 deducere
1655 1103 1849 1167 ferro:

405 1204 583 1267 Dum
613 1205 805 1270 modo
831 1227 957 1270 non
988 1215 1203 1291 pereat
1234 1202 1500 1272 totidem
1530 1204 1814 1272 olfecisse
1841 1205 2147 1287 lucernas,

2277 1212 2404 1276 w

407 1306 581 1381 Quot
611 1307 863 1380 stabant
894 1306 1099 1393 pueri,
1130 1329 1337 1394 quum
1365 1318 1545 1372 totus
1572 1306 1825 1372 decolor
1852 1320 2012 1374 esset

406 1408 696 1489 Flaccus,
727 1422 792 1475 et
822 1410 1092 1485 haereret
1121 1411 1314 1496 nigro,
1333 1409 1542 1496 fuligo
1572 1411 1845 1476 Maroni.

371 1595 377 1602 ε
406 1511 581 1575 Rara
609 1524 818 1577 tamen
851 1534 1108 1592 merces,
1142 1537 1290 1600 quae
1318 1512 1678 1599 cognitione
1706 1512 1949 1579 tribuni

319 1680 417 1729 alio
447 1696 593 1741 servo,
614 1681 952 1749 dispensatore,
974 1683 1062 1749 ipsi
1091 1683 1333 1734 traditum.

317 1746 435 1794 217.
486 1764 593 1804 aera,
647 1764 841 1805 merces,
895 1749 1135 1798 salarium·
1219 1751 1331 1798 218.

320 1811 650 1868 Acoenono’e'tm.
713 1812 1020 1869 incendunt,
1098 1812 1336 1862 communi

319 1889 463 1925 sensu
493 1891 685 1937 carens;
724 1894 894 1927 nomen
925 1877 1141 1927 fictitium
1172 1877 1333 1942 poeda·

318 1937 448 2004 gogi,
469 1941 596 2004 quod
625 1942 801 1991 librarii
832 1942 960 1992 vario
992 1941 1131 1991 modo
1161 1957 1327 1991 conru-

320 2012 507 2067 perunt.
588 2008 863 2055 219-227.
896 2007 1015 2055 Haec
1050 2022 1158 2056 cnm
1191 2006 1330 2054 mise·

317 2067 497 2118 ratione
534 2070 741 2135 quadam
783 2068 941 2119 dicta:
998 2070 1112 2119 Cede
1151 2070 1332 2134 aliquid

319 2130 385 2179 de
407 2133 512 2196 jure
533 2142 630 2191 tuo,
661 2142 710 2183 et
737 2144 888 2195 patere
918 2150 1055 2208 aequo
1087 2134 1262 2191 animo,
1284 2144 1332 2181 te

318 2206 457 2261 parte
490 2199 717 2246 mercedis
739 2199 825 2246 tibi
844 2206 1106 2247 constituta
1140 2214 1196 2248 ac
1229 2214 1334 2262 pro-

316 2259 480 2310 missoe
510 2261 780 2311 defraudari
810 2261 885 2311 vel
918 2278 947 2310 a
976 2261 1139 2316 servis,
1161 2277 1221 2311 ne
1253 2260 1338 2310 illa

319 2324 413 2371 tibi
445 2332 547 2373 tota
583 2334 761 2390 pereat,
798 2334 847 2374 et
883 2325 1064 2373 nullum
1104 2333 1199 2375 tam
1238 2342 1339 2374 mo-

318 2387 433 2436 lesti
463 2389 637 2439 laboris
665 2389 908 2464 praemium
938 2388 1163 2454 adcipias.
1226 2392 1339 2440 220.

313 2454 584 2511 decrescere,
628 2454 843 2504 diminui.
892 2472 980 2502 mm
1018 2457 1167 2510 aliter,
1207 2472 1339 2517 quam

312 2519 501 2566 institor
550 2519 610 2567 de
662 2519 843 2583 majori,
887 2518 1014 2583 quod
1066 2517 1336 2584 postulavit,

316 2582 552 2631 mercium
599 2584 751 2649 pretio
793 2582 1004 2632 nonnihil
1036 2582 1245 2639 remittit,
1289 2590 1340 2633 ut

317 2645 408 2694 eas
426 2646 619 2697 vendat.
682 2649 815 2713 Apta
833 2647 1137 2714 comparatio,
1157 2655 1221 2704 et,
1248 2646 1337 2696 nisi

317 2709 475 2768 fallor,
500 2727 595 2760 non
616 2711 717 2762 sine
738 2712 904 2761 acerbo
936 2713 1115 2761 aculeo.
1181 2713 1333 2761 Nota-

323 2780 404 2824 tur
424 2775 546 2825 enir'u
568 2792 663 2824 non
685 2777 823 2826 modo
842 2776 1069 2841 iniquitas
1100 2784 1150 2826 et
1181 2776 1333 2825 avari·

324 2838 396 2888 tia
432 2850 694 2907 parentum,
726 2841 811 2890 sed
847 2841 988 2890 etiam
1024 2839 1334 2890 inliberalitas

323 2900 625 2962 Pala-menie,
654 2905 736 2971 qui
768 2906 977 2955 officinas
1007 2922 1072 2971 qu
1137 2921 1193 2954 ue
1224 2921 1332 2969 pro-

320 2968 596 3018 mercalium
619 2970 817 3018 vestium
837 2969 1070 3019 exercuit:
1134 2988 1180 3019 v.
1200 2971 1333 3019 Suet.

318 3031 383 3081 de
414 3032 483 3081 ill.
506 3034 721 3084 Gramm.
743 3050 788 3085 c.
805 3036 913 3109 23.)
933 3033 1023 3083 etsi
1053 3034 1155 3082 haec
1182 3034 1333 3098 mag-is

318 3098 590 3147 excusanda
610 3106 698 3154 est,
718 3114 864 3163 quam
888 3098 989 3147 illa.
1053 3099 1238 3149 Vellem
1261 3107 1333 3148 ta-

236 3180 243 3186 ·
320 3176 433 3217 men
464 3178 548 3227 pro
584 3162 827 3212 Palaemone
860 3162 1004 3213 alium
1024 3162 1336 3212 substituisset

321 3235 489 3288 poeta:
540 3226 581 3276 is
622 3227 749 3276 enim
785 3229 941 3276 locum
982 3226 1171 3291 quidem
1211 3227 1333 3276 inter

318 3290 667 3341 Grammaticos
693 3291 950 3357 principem
970 3291 1138 3347 tenuit,
1158 3291 1242 3339 sed
1262 3291 1331 3341 vi-

319 3353 398 3403 tiis
434 3369 623 3419 quoque
662 3357 878 3406 omnibus
918 3355 1107 3405 infamis
1146 3354 1251 3411 fuit,
1285 3364 1333 3404 et

320 3418 625 3484 quadragena
646 3435 807 3470 annua
826 3420 951 3486 cepit
967 3436 1028 3470 ex
1048 3419 1225 3475 schola,
1244 3436 1332 3469 nec

318 3483 470 3532 multo
499 3484 654 3533 minus
685 3501 744 3534 ex
775 3500 825 3534 re
858 3483 1092 3533 familiari.
1125 3501 1172 3531 v.
1198 3484 1329 3533 Suet.

322 3546 356 3595 1.
378 3547 414 3598 1.
480 3548 681 3606 Institor,
704 3557 759 3600 ut
776 3549 923 3598 verba
945 3547 1059 3598 Jani
1081 3547 1143 3596 ad
1163 3548 1332 3598 Horat.

323 3612 421 3660 Od.
444 3613 546 3662 111.
568 3614 615 3663 6.
635 3616 716 3671 30,
734 3629 843 3663 mea
861 3612 1048 3671 faciam,
1069 3612 1225 3662 dictus
1247 3628 1331 3661 an·

321 3675 482 3740 tiquis,
520 3677 603 3742 qui
651 3686 777 3727 esset
848 3678 1064 3728 refectus
1095 3678 1333 3752 (instaret)

318 3741 507 3806 negotio
542 3742 764 3807 gerendo,
840 3777 854 3792 .
885 3757 929 3792 e.
970 3742 1334 3807 negotiationem

320 3821 667 3871 quamcumque
699 3816 750 3856 et
778 3815 1085 3857 mercaturam
1111 3806 1187 3856 vel
1208 3804 1336 3862 domi

322 3871 400 3919 vel
545 3887 644 3936 gre,
666 3870 843 3921 domini
864 3873 1051 3921 nomine
1072 3878 1335 3930 exerceret;

323 3887 703 4010 <GaffJacteum
723 3935 923 3999 commis)
940 3935 1116 4002 quique
1147 3934 1336 3985 nomine

322 4006 508 4063 patroni
530 4000 669 4065 (nam
686 4000 920 4051 institores
941 4002 1216 4066 plerumque
1234 4016 1331 4049 ser-

322 4062 370 4111 vi
403 4073 537 4115 erant
569 4073 652 4114 aut
681 4063 904 4123 libertini,
926 4063 1159 4115 interdum
1190 4064 1330 4113 etin-

322 4129 481 4192 genui,
518 4129 578 4179 de
615 4128 778 4196 plebe)
809 4130 1081 4194 singulatim
1115 4128 1334 4179 venderet

321 4191 373 4239 in
421 4194 619 4243 taberna
659 4209 852 4250 merces,
896 4195 972 4243 vel
1020 4193 1335 4243 circumferret

320 4256 481 4307 etiam.
547 4259 733 4308 Institor
752 4257 858 4307 vilis
876 4258 1195 4324 supellectilis,
1215 4268 1332 4322 tege·

324 4323 380 4378 tis
430 4324 642 4381 hiberna,
696 4324 898 4376 lacerae
947 4324 1023 4374 vel
1076 4322 1333 4392 tegumenti

1396 1681 1630 1732 crassioris
1662 1681 1787 1738 lecti,
1810 1700 1904 1748 quo
1935 1683 2081 1749 frigus
2112 1695 2312 1744 arcetur,
2332 1693 2406 1739 ni·

1396 1764 1548 1861 gaique
1578 1750 1780 1805 cadurci,
1804 1765 1849 1798 v·
1869 1764 1973 1815 sup.
1994 1750 2059 1799 ad
2079 1751 2144 1801 V.
2161 1754 2211 1802 8.
2242 1762 2292 1803 et
2313 1755 2408 1805 vl.

1461 1877 1574 1924 222.
1593 1891 1722 1951 seqq.
1748 1876 1871 1924 Dum
1884 1881 2007 1928 modo
2022 1897 2110 1928 non
2120 1891 2289 1942 pereat,
2301 1881 2407 1933 inu·

1394 1939 1491 1987 tilis
1511 1941 1653 2008 plane
1672 1947 1749 1997 sit,
1770 1940 2012 2006 omnisque
2030 1944 2211 2009 praemii
2242 1962 2410 2012 expers

1394 2012 1521 2052 totus
1559 2005 1692 2053 labor
1732 2006 2174 2064 Grammaticorum,
2213 2010 2295 2074 qui
2333 2017 2407 2059 ta·

1396 2085 1507 2117 men
1549 2067 1902 2119 molestissimus
1941 2080 2030 2121 est.
2094 2072 2266 2123 Romoe
2305 2074 2408 2126 ludi

1397 2131 1638 2181 literarum
1670 2132 1770 2197 jam
1802 2139 1955 2201 prima
1989 2136 2096 2185 luce
2131 2139 2406 2205 aperieban-

1398 2204 1492 2252 tur,
1526 2212 1611 2246 nec
1642 2205 1800 2247 tamen
1830 2202 1984 2248 mcdioe
2014 2203 2154 2251 noctis
2184 2205 2239 2251 ab
2269 2205 2408 2254 hom.-

1400 2265 2168 2393 ff⁰÷2“223552?¹<„t231321{fff‘12²
2194 2284 2407 2383 2352:

1401 2389 1542 2453 226.)
1575 2396 1623 2437 et
1653 2389 1782 2454 prius
1811 2390 1961 2440 labori
1991 2391 2237 2453 incumbit,
2265 2412 2409 2462 quam

1400 2453 1626 2503 sellularii
1648 2453 1864 2528 artifices,
1919 2455 1968 2505 ui
1987 2465 2147 2508 tamen
2156 2457 2258 2523 jam
2278 2477 2407 2514 sum.

1401 2534 1478 2566 mo
1499 2533 1637 2568 mane
1656 2534 1836 2584 operari
1857 2535 1907 2567 so
1927 2529 2024 2570 ent.

1468 2583 1582 2630 224.
1614 2584 1784 2646 obliquo
1836 2599 1950 2642 mo,
1972 2584 2195 2643 carmine,
2217 2589 2292 2637 vel
2322 2590 2408 2639 ha·

1402 2644 1493 2694 mis
1527 2645 1689 2695 ferreis
1728 2647 1789 2695 ob
1810 2645 1917 2710 'que
1948 2649 1998 2696 in
2034 2649 2246 2699 tabulam
2285 2653 2409 2712 fixis,

1398 2712 1550 2759 lanam
1569 2714 1785 2761 deducere
1804 2717 1853 2760 et
1881 2712 2152 2770 adtenuare,
2173 2715 2222 2764 h.
2242 2732 2287 2766 e.
2306 2734 2410 2768 car·

1399 2776 1593 2824 minare.
1619 2775 1698 2825 cf.
1717 2776 1891 2840 Heyne
1910 2777 1973 2826 ad
1993 2777 2172 2828 Tibull.
2196 2780 2239 2830 Ι.
2259 2783 2308 2831 6.
2329 2784 2410 2833 80.

1461 2843 1574 2889 225.
1595 2840 1788 2906 offecisse
1804 2843 2022 2899 lucernas,
2038 2858 2230 2907 gravem
2246 2862 2410 2897 earum

1395 2903 1586 2953 odorem
1609 2920 1666 2953 ac
1687 2905 1884 2954 fumum.

1459 2970 1575 3043 226.
1595 2971 1766 3018 decolor
1795 2969 1900 3020 scil.
1911 2970 2149 3037 fuligine.-
2181 2972 2308 3023 fumo
2339 2982 2410 3025 tot

1395 3033 1706 3083 lucernarum.
1772 3034 1962 3083 Flaccus
1976 3043 2026 3084 et
2048 3036 2196 3093 Maro,
2220 3038 2407 3091 Horatii

1397 3104 1447 3145 et
1479 3097 1669 3161 Virgilii
1700 3099 1925 3148 carmina.
2004 3100 2066 3149 In
2100 3100 2272 3151 scholis
2306 3112 2407 3154 tam

1400 3161 1634 3212 Romanis
1653 3177 1797 3237 quam
1828 3162 2010 3214 Graecis
2039 3165 2191 3216 omnis
2220 3166 2408 3231 institu-

1393 3225 1534 3275 tionis
1567 3226 1916 3292 studiorumque
1951 3227 2137 3278 initium
2175 3246 2205 3279 a
2242 3241 2407 3297 poeta-

1395 3307 1516 3346 rum,
1538 3299 1586 3340 et
1616 3290 1808 3356 quidem
1839 3292 2135 3367 optimorum,
2156 3293 2276 3358 inpr.
2301 3297 2408 3346 Hc-

1395 3355 1529 3412 meri,
1551 3355 1751 3405 lectione
1773 3359 2062 3422 capiebatur.
2086 3374 2134 3406 v.
2155 3358 2344 3408 Petron.
2358 3363 2409 3409 5.

1399 3418 1602 3477 Quintil.
1623 3421 1668 3469 1.
1689 3421 1735 3467 l.
1758 3422 1834 3469 12.
1853 3422 1903 3469 8.
1923 3424 1970 3469 5.
1989 3421 2067 3468 10.
2090 3421 2133 3467 1.
2155 3422 2235 3469 85.
2275 3422 2409 3473 Prn-

1395 3483 1538 3548 cipua
1579 3498 1765 3548 quoqne
1804 3480 2234 3534 Grammaticorum
2262 3482 2410 3552 'opera

1396 3547 1446 3658 {¹²
1498 3546 2407 3661 pogtigdggtreggteffifismgtersabatur·

1410 3627 1546 3659 toerer
1590 3648 1605 3669 ,
1885 3646 1900 3668 ,
1921 3628 1937 3658 1
2167 3648 2181 3661 .

1461 3677 1577 3724 228.
1612 3675 1725 3724 Non
1776 3675 1948 3739 exigua
1997 3682 2181 3726 tantum
2232 3694 2412 3734 merces

1399 3736 1733 3790 Grammaticis
1769 3739 1978 3798 solvitur,
2017 3756 2218 3808 queque
2268 3746 2407 3795 dimi·

1366 3811 1371 3815 '
1397 3804 1558 3855 unitur
1588 3819 1823 3853 servorum
1854 3803 2034 3862 fraude,
2053 3806 2184 3874 (sup.
2215 3825 2263 3858 v.
2293 3811 2409 3861 216.

1399 3870 1527 3934 seq.)
1548 3869 1631 3918 sed
1652 3884 1759 3918 eam
1777 3885 1963 3934 quoque
1985 3886 2045 3922 ne
2076 3871 2177 3922 sine
2196 3873 2280 3923 lite
2298 3874 2404 3938 qui-

1400 3934 1509 3983 dem
1551 3941 1600 3983 et
1648 3934 1910 4000 cognitione
1950 3934 2125 3986 tribuni
2176 3936 2406 3988 obtinent.

1394 4000 1585 4056 tribuni,
1606 4015 1700 4049 non
1729 3998 1879 4062 plebi-v,
1901 3999 1984 4064 qui
2008 4001 2088 4066 jus
2117 3999 2247 4049 hand
2275 4000 2403 4051 dice-

1393 4065 1496 4120 bat,
1516 4063 1600 4114 sed
1630 4067 1803 4122 erarii,
1836 4063 1917 4129 qui
1949 4064 2009 4113 de
2038 4064 2288 4114 levioribus
2309 4064 2405 4130 *po-

1395 4128 1626 4178 tissimum
1667 4128 1821 4179 causis
1857 4129 2089 4192 rebusque
2124 4126 2408 4193 pecuniariis

1398 4192 1552 4256 (unde
1580 4197 1773 4242 erarius
1803 4207 1987 4264 quoque
2018 4189 2199 4253 dictus)
2231 4207 2401 4254 cogno-

1396 4259 1578 4307 scebat.
1642 4257 1823 4306 Notum
1862 4270 1987 4306 emm
2027 4262 2099 4302 est
2133 4255 2207 4304 vel
2242 4253 2406 4305 titoni·

1397 4322 1503 4379 bus,
1536 4320 1736 4385 judicia,
1775 4336 1882 4383 quae
1922 4316 2082 4384 primis
2118 4318 2406 4384 temporibus
