2978 4920
567 313 702 382 ‘⁴254

640 500 1296 568 Discutiendwvalent
1327 500 1556 566 sterilis
1586 502 1753 566 mala
1778 503 2016 566 robora
2043 502 2227 580 fleus,

1280 317 1948 381 JUVENALPS

2537 502 2670 563 145

641 604 1177 691 Quandoquidem
1207 603 1358 681 data
1387 616 1537 668 sunt
1567 603 1720 691 ipsis
1750 605 2176 691 quoque-fata
2205 601 2529 690 sepulcris,

638 706 953 794 Expende
986 704 1447 780 Hannibalem:
1496 719 1670 793 quot*
1689 703 1883 772 libras
1914 706 1982 769 in*
1995 706 2176 769 ‘duce
2206 725 2457 768 summo

642 807 982 872 Invenies?
1020 807 1132 871 hic
1160 805 1279 885 est,
1310 829 1502 893 quem
1532 830 1657 871 non
1688 803 1859 893 capit
1891 806 2117 869 Africa
2149 805 2386 870 Mauro

641 911 950 973 Percussa
987 910 1258 984 Oceano,
1290 905 1860 994 Niloque‘admota
1887 908 2154 995 tepenti,
2289 957 2294 960 -

641 1012 894 1076 Rursus
922 1010 1005 1074 ad
1036 1009 1420 1096 AEthiopum
1449 1010 1722 1097 populos
1750 1005 2463 1096 altosque'elephantos.
2532 1009 2667 1070 150

640 1111 920 1178 Additur
950 1111 1225 1199 imperiis
1256 1111 1572 1198 Hispania
1592 1137 1609 1185 ;

1663 1111 2047 1198 Pyrenaeum

642 1215 996 1281 Transsilit.
1016 1261 1021 1266 -
1041 1215 1340 1302 obposuit
1369 1226 1601 1279 natura
1629 1214 1996 1299 Alpemque
2022 1213 2404 1300 nivemque:

639 1317 907 1383 Diducit
936 1316 1228 1404 scopulos
1257 1327 1318 1380 et
1351 1327 1626 1379 montem
1656 1315 1902 1401 rumpit
1932 1326 2129 1379 acetn.

640 1418 688 1481 J
690 1440 790 1482 am
820 1428 991 1484 tenet
1024 1417 1277 1481 Italiam
1303 1441 1316 1480 ε
1365 1428 1577 1481 tamen
1606 1416 1778 1481 ultra
1805 1437 2069 1501 pergere
2101 1415 2343 1481 tendit:

556 1580 707 1640 fallat,
736 1581 993 1631 ostenditur
1019 1600 1062 1632 v.
1089 1585 1195 1633 145.
1227 1584 1337 1631 146.
1368 1585 1429 1630 ad
1468 1600 1569 1646 quoe

557 1661 675 1696 saxa
715 1648 1007 1703 discutienda,
1052 1647 1365 1704 dissolvenda,
1402 1648 1568 1704 valent,

551 1709 652 1774 jam
669 1711 936 1767 subiiciunt,
955 1715 1107 1760 robora
1126 1714 1286 1761 sterilis
1294 1714 1436 1774 ficus,
1458 1712 1507 1759 h.
1528 1728 1571 1760 e.

556 1775 817 1840 caprificus,
851 1776 986 1840 cujus
1021 1792 1079 1825 ea
1112 1784 1280 1825 natura
1316 1783 1404 1832 est,
1436 1785 1488 1823 ut
1520 1776 1571 1823 in

556 1839 869 1889 commissuris
896 1851 1115 1889 saxorum
1147 1841 1311 1888 innata
1335 1848 1569 1905 erumpat,

557 1917 707 1968 eaque
723 1905 936 1954 scindere
952 1920 1009 1952 ac
1023 1904 1231 1967 disjicere
1246 1905 1395 1970 possit
1412 1923 1425 1964 ;
1446 1905 1571 1953 unde

554 1970 692 2025 mala,
746 1968 959 2036 inproba,
1009 1969 1164 2019 noxia.
1214 1972 1383 2024 robora,
1430 1970 1564 2023 vires,

543 2034 683 2096 ficu,
705 2034 778 2082 vel
799 2034 884 2082 sim
919 2033 953 2081 l.
972 2032 1104 2082 ficus.

625 2097 734 2145 146.
768 2098 844 2147 cf.
868 2050 1009 2163 lgmp.
1030 2098 1132 2146 111.
1152 2099 1197 2145 2.
1226 2099 1303 2146 19.
1329 2113 1425 2162 seq.
1434 2097 1564 2163 fata,

554 2160 784 2218 interitus,
801 2171 855 2210 ut
876 2179 990 2210 mors
1006 2178 1081 2227 ap.
1106 2163 1244 2227 Prop.
1268 2162 1566 2223 l.1.-seput-

550 2227 661 2280 cris,
682 2226 826 2275 etiam
845 2225 1129 2282 marmoreiS,
1151 2235 1200 2275 et
1217 2227 1483 2275 mausoleis.

625 2292 735 2338 147.
757 2306 885 2355 seqq.
907 2290 1113 2352 Expende
1129 2291 1442 2356 Hannibalem,
1465 2289 1567 2354 ejus

553 2353 856 2405 ambitionem
891 2362 941 2403 et
977 2355 1091 2410 fata,
1122 2356 1196 2403 vel
1230 2354 1383 2420 potius
1413 2354 1567 2421 pende

557 2419 679 2469 libra
697 2436 738 2469 s.
766 2419 902 2469 lance
927 2418 1029 2484 ejus
1057 2419 1264 2469 cineres:
1300 2432 1404 2495 quot
1436 2422 1570 2469 libras

554 2487 606 2533 in
636 2487 754 2534 *duce
789 2502 971 2541 summo,
1005 2500 1148 2559 quam
1184 2499 1316 2551 parvi
1353 2485 1572 2550 ponderis

555 2548 734 2598 cineres
774 2557 824 2598 et
864 2548 1085 2613 reliquias
1121 2549 1242 2598 tanti
1278 2549 1412 2597 ducis
1448 2552 1571 2597 inve·

555 2616 679 2675 nie-32
694 2614 742 2728 §3
758 2618 872 2663 τέη
885 2614 1136 2682 pannea-35,
1150 2614 1247 2678 φεῦ,
1262 2612 1418 2668 vienn
1434 2613 1570 2676 γαίης

554 2678 677 2728 ἴση,
714 2699 793 2742 χιι
815 2679 882 2742 μα’
899 2700 957 2728 m
982 2678 1179 2728 Leonid.
1203 2678 1362 2744 Epigr.
1388 2679 1569 2727 LXIX.

555 2746 605 2792 6.
638 2744 688 2791 in
717 2746 877 2792 Brunc
912 2777 925 2791 .
954 2743 1095 2791 Anal.
1122 2744 1179 2791 Τ.
1209 2744 1251 2789 1.
1279 2759 1327 2807 p.
1359 2745 1469 2791 238.
1505 2743 1567 2791 cf.

556 2808 650 2857 Pro
685 2842 698 2855 .
718 2808 789 2855 ΙΙ.
810 2810 854 2856 7.
874 2809 954 2856 51.
976 2808 1070 2856 IV.
1093 2809 1167 2855 11.
1184 2807 1261 2853 14.
1283 2806 1426 2854 Ovid.
1443 2808 1569 2856 Met.

556 2824 682 2920 XII?
699 2873 810 2921 615.
831 2871 946 2920 616.
968 2870 1095 2918 Plin.
1119 2871 1191 2917 ΙΙ.
1215 2870 1321 2933 68.)
1341 2878 1390 2918 et
1408 2881 1569 2920 tamen

556 2937 628 2983 hic
660 2944 722 2983 est
752 2935 848 2991 ille,
873 2933 1006 3010 cujus
1039 2934 1222 2982 animus
1258 2941 1418 2982 tantus
1448 2943 1565 2993 erat,

555 3007 608 3047 ut
625 2993 821 3064 imperio
841 2998 1018 3047 Africae
1037 3014 1132 3047 non
1151 3005 1398 3047 contentus
1412 3007 1566 3061 esset3

520 3123 525 3127 ,
554 3071 758 3126 angusta
784 3079 904 3111 urna
936 3079 1064 3112 nunc
1095 3078 1202 3111 eum
1233 3060 1378 3128 capit,
1442 3079 1564 3120 uem,

555 3141 701 3189 quum
742 3127 936 3183 viveret,
975 3143 1071 3176 non
1109 3126 1328 3192 capiebat
1363 3127 1405 3175 A
1431 3129 1565 3189 rica;

553 3199 603 3239 et
633 3189 823 3255 quidem
855 3199 990 3241 tanta
1019 3191 1143 3240 orbis
1174 3199 1399 3239 terrarum
1436 3209 1564 3257 pars,

590 3270 661 3304 uae
703 3270 733 3303 a
774 3254 955 3313 Mauro,
976 3255 1232 3311 Africano,
1277 3255 1465 3313 oceano,
1502 3257 1565 3305 ab

604 3319 797 3368 tlantico
816 3319 950 3376 mari,
970 3320 1051 3395 (ut
1071 3335 1150 3386 ap.
1170 3318 1288 3367 Hor.
1311 3320 1408 3368 Od.
1426 3322 1497 3369 II.
1518 3323 1566 3371 6.

553 3385 630 3448 3.)
653 3385 701 3435 h.
723 3400 766 3433 e.
799 3384 860 3432 ab
883 3384 1158 3441 Occidente,
1181 3383 1243 3432 ad
1269 3383 1453 3440 Nilum,
1476 3386 1565 3433 flu·

544 3450 681 3499 -vium
698 3451 765 3498 AE
861 3448 915 3507 ti,
936 3455 1083 3516 patet.
1150 3449 1307 3513 (Nam
1325 3446 1567 3515 AEgyptus

553 3530 585 3564 a
623 3515 843 3581 Geograp
876 3513 917 3562 is
954 3513 1184 3563 veteribus
1219 3512 1295 3561 vel
1336 3519 1456 3570 tota,
1492 3515 1566 3562 vel

553 3593 727 3643 magna
746 3594 805 3628 ex
873 3588 987 3637 arte,
1010 3577 1158 3639 Asiae,
1182 3592 1212 3625 a
1231 3577 1459 3627 Strabone
1480 3593 1566 3628 au-

552 3649 649 3692 tem
676 3643 720 3690 Ι.
792 3679 802 3689 .
893 3679 907 3700 ,
940 3658 1038 3708 seq.
1068 3642 1274 3692 Arabico
1305 3641 1411 3692 sinu
1447 3643 1568 3693 inter

552 3706 720 3754 Asiam
740 3659 1043 3779 Xfricamque
1063 3707 1266 3756 termino
1293 3707 1564 3764 constituto,

542 3769 728 3818 Africae
761 3769 1045 3833 adjungitur,
1072 3780 1121 3820 et
1154 3770 1216 3819 ad
1248 3771 1489 3830 orientem,
1512 3781 1566 3822 ιιι

546 3832 848 3883 ΔΜειιιι”·ἰιειιιία
883 3833 945 3882 ad
976 3836 1267 3884 occidentem
1304 3845 1563 3886 extremum

552 3898 728 3963 Africae
749 3896 840 3946 sita
860 3897 973 3961 est.)
1009 3900 1121 3949 149.
1149 3899 1357 3948 Percussa
1373 3901 1562 3959 Oceano,

549 3962 654 4028 ejus
673 3960 894 4011 fluctibus
913 3961 1101 4036 pulsata
1116 3977 1155 4010 s.
1167 3964 1426 4014 verberata.
1475 3966 1563 4017 Al.

551 4028 765 4094 Pevfiua,
787 4025 838 4074 h.
855 4041 901 4074 e.
923 4025 1140 4090 inrigata.
1161 4029 1351 4085 admota,
1373 4031 1561 4095 propin-

530 4116 531 4119 *
580 4108 660 4142 ua.
727 4091 836 4140 Nilo
865 4093 1045 4153 tepenti,
1072 4090 1292 4154 inriganti
1323 4099 1560 4156 tepentem

547 4108 831 4224 3Egyptum,
850 4162 904 4204 ut
922 4170 952 4203 a
987 4189 1000 4203 .
1022 4155 1115 4204 Pro
1149 4189 1164 4204 .
1185 4155 1259 4203 11.
1281 4158 1362 4206 33.
1382 4159 1431 4206 3.

614 4224 724 4272 149.
746 4222 855 4271 150.
886 4220 930 4269 A
977 4219 989 4231 '
1020 4234 1065 4274 a.
1088 4236 1118 4269 a

547 4294 600 4335 ta
619 4293 693 4336 e'st
709 4286 842 4343 Nilo,
862 4301 1037 4340 rursus,
1059 4283 1247 4338 deinde,
1266 4284 1382 4350 (nisi
1402 4287 1559 4352 potius

1178 4218 1372 4277 oriente,
1393 4221 1555 4271 admo·
1621 4223 1843 4274 Situm-121

1615 4304 1638 4324 ν
1690 4284 1917 4352 Ρ54ιὲεειι.
1952 4287 2197 4338 Hannibal
2235 4298 2329 4333 non
2368 4291 2635 4334 contentus,

1635 1586 1695 1632 los
1726 1599 1867 1649 supra
1900 1586 2181 1649 AEgyptum,
2214 1595 2362 1645 usque
2394 1580 2457 1628 ad
2497 1579 2656 1628 sinum

1635 1648 1910 1705 Arabicum,
1934 1651 1992 1710 (a
2010 1648 2182 1711 quibus
2214 1644 2385 1694 diversi
2420 1653 2530 1693 sunt
2561 1646 2651 1691 AE·

1634 1713 1816 1787 thiopes
1848 1712 2046 1779 hesperii
2070 1728 2109 1759 s.
2140 1709 2458 1759 occidentales
2489 1717 2539 1757 et
2566 1710 2659 1755 At·

1633 1777 1813 1834 lantici,
1835 1777 1887 1825 in
1906 1777 2122 1825 interiore
2142 1774 2322 1830 Africa,
2346 1773 2408 1821 ad
2432 1772 2654 1821 occiden-

1635 1850 1726 1890 tem
1746 1849 1794 1889 et
1807 1856 1934 1889 mare
1953 1840 2276 1904 Atlanticum)
2293 1847 2340 1886 et
2355 1837 2415 1886 ad
2434 1839 2549 1886 altos
2568 1839 2656 1885 ele·

1629 1908 1829 1968 phantos,
1848 1906 1896 1955 h.
1909 1921 1949 1954 e.
1976 1905 2038 1953 ad
2058 1904 2264 1959 Indiam,
2277 1903 2326 1950 in
2349 1916 2445 1967 qua
2460 1901 2660 1949 maximi

1631 1978 1741 2018 sunt
1761 1970 2016 2036 elephanti,
2036 1972 2109 2033 (v.
2129 1969 2213 2016 Pol
2249 1969 2299 2016 b.
2317 1968 2382 2016 V.
2397 1968 2478 2015 84.-
2498 1966 2653 2031 Appi·

1632 2050 1711 2083 an.
1732 2035 1836 2100 Syr.
1868 2037 1945 2082 31.
1978 2043 2027 2081 et
2050 2032 2176 2083 Plin.
2202 1986 2354 2084 5111.
2384 2032 2487 2095 11.)
2510 2039 2560 2078 et
2591 2031 2655 2078 ad

1630 2114 1774 2162 quam
1797 2098 1985 2147 Indiam
2008 2104 2182 2145 veteres
2202 2104 2351 2163 poetae
2373 2103 2422 2142 et
2454 2110 2654 2160 geogra-

1631 2163 1712 2229 phi
1734 2161 2252 2229 AEthiopiamquoque,
2275 2159 2505 2209 Arabiam
2541 2173 2654 2224 par-

1631 2236 1819 2291 temque
1835 2226 2033 2293 AEgypti
2045 2226 2264 2275 referunt.
2284 2222 2653 2272 Distinotionem

1631 2292 1853 2356 majorem
1873 2291 2004 2357 posui
2109 2291 2403 2352 telephantos,
2417 2296 2474 2335 ut
2494 2303 2654 2336 versus

1630 2371 1817 2467 quoque
1851 2358 1946 2406 150
1978 2372 2008 2403 a
2070 2355 2308 2419 superiora
2337 2360 2387 2401 et
2418 2351 2651 2400 ambitum

1666 2435 1842 2486 nesque
1884 2419 2060 2470 Africae
2101 2418 2353 2478 referatur-3
2407 2432 2504 2466 non
2545 2423 2652 2482 post

1632 2490 1813 2548 tepenti,
1830 2493 1885 2534 ιιι
1912 2486 2146 2534 sententia
2159 2502 2205 2533 v.
2227 2484 2338 2531 150.
2358 2490 2407 2530 et
2430 2483 2540 2531 151.
2565 2481 2625 2529 sit
2641 2499 2654 2526 ε

1635 2550 1893 2616 AEthiopiae
1924 2557 1974 2598 et
2005 2551 2244 2612 elephantis
2265 2547 2313 2594 h.
2331 2563 2377 2611 e.
2403 2547 2652 2594 Maureta·

1635 2614 1724 2663 nioe
1765 2631 1804 2664 s.
1852 2614 2029 2662 Africae
2079 2611 2350 2678 adjungitur
2397 2610 2652 2675 Hispania.

1632 2678 1711 2727 Sic
1732 2679 1857 2733 enim
1877 2695 1971 2728 non
2000 2679 2123 2726 bene
2145 2678 2219 2726 vel
2243 2675 2407 2724 Africa
2430 2674 2651 2738 daigna-

1631 2751 1724 2801 tur,
1747 2744 1823 2793 vel
1844 2760 1935 2793 vox
1954 2745 2149 2805 imperiis
2168 2739 2456 2805 adjungitur.

1700 2810 1809 2857 151.
1838 2811 2040 2856 Additur
2070 2807 2277 2868 imperiis,
2301 2816 2444 2868 regno
2470 2804 2649 2852 Poeno·

1631 2887 1753 2930 rum,
1787 2873 2026 2935 Hispania,
2060 2871 2196 2935 cujus
2260 2884 2335 2917 ars
2361 2862 2651 2931 Hannibalis

1629 2945 1900 3002 expugnata
1920 2945 1991 2985 est
2012 2935 2167 2985 armis.
2264 2949 2497 2996 yrenaeum
2512 2947 2650 2980 mon-

1631 3008 1745 3057 tem,'
1765 3016 1858 3066 quo
1890 2999 2125 3067 Hispania
2153 3016 2181 3048 a
2205 2997 2371 3047 Gallia
2396 2995 2650 3054 dirimitur,

1630 3069 1864 3123 transsilit,
1900 3062 2161 3120 Hannibal,
2195 3061 2409 3112 celeriter
2439 3075 2499 3108 ex
2530 3060 2650 3108 His-

1629 3130 1775 3194 pania
1805 3132 1857 3179 in
1878 3129 2065 3178 Gallias
2096 3128 2244 3176 victor
2270 3124 2468 3174 transiit.
2537 3126 2651 3174 152.

1629 3189 2487 3307 ῗξᾳῐέιιῗέὶῗίῃξῖῖῗῖἔῶἢέἑαῗεῗ
2513 3203 2654 3303 ῗέῗ

1631 3322 1757 3372 clare
1788 3322 2056 3372 difficultas
2076 3319 2297 3370 transitus
2328 3317 2529 3384 Alpium
2560 3318 2651 3367 ad·

1630 3387 1888 3438 umbratur.
1983 3389 2217 3452 Tempora
2249 3398 2256 3402 ·
2289 3385 2433 3451 etiam
2508 3398 2652 3448 praes.

1629 3454 1863 3513 transulit,
1885 3454 2076 3509 diducit,
2097 3451 2291 3512 ‘nnumin
2320 3457 2457 3502 tenet,
2485 3450 2650 3502 tendit,

1627 3515 1693 3564 ad
1752 3515 2086 3566 sublimitatem
2151 3511 2418 3578 augendam
2469 3512 2650 3586 valent.

1631 3580 1803 3644 Alpem,
1850 3589 2058 3630 montem
2108 3578 2389 3628 altissimum
2438 3576 2648 3624 invium-

1630 3659 1724 3709 que
1757 3645 2055 3706 exercitibus,
2084 3652 2135 3694 et
2172 3647 2316 3692 nivem
2350 3641 2544 3708 mollem
2575 3649 2649 3689 at·

1629 3724 1724 3773 que
1759 3711 2020 3776 praealtam.
2085 3707 2260 3770 Alpem'
2361 3713 2402 3771 ι.
2419 3704 2543 3767 sing.
2563 3721 2651 3770 pro

1626 3773 1747 3839 plur.
1772 3781 1825 3822 ιιι
1843 3774 2036 3840 passim.
2106 3775 2214 3824 153.
2295 3771 2456 3825 idueit,
2477 3769 2650 3819 dissol-

1626 3836 1711 3894 vit,
1731 3849 1774 3886 et
1804 3843 1973 3900 rumpit
2004 3848 2209 3898 montem,
2233 3833 2507 3903 perrumpit,
2536 3850 2647 3900 per·

1628 3901 1757 3950 vium
1794 3902 1923 3959 facit,
1957 3912 2077 3951 aceto
2090 3920 2104 3948 .·
2136 3917 2247 3950 nam
2283 3907 2458 3948 struem
2491 3897 2646 3962 ligno·

1625 3981 1728 4016 rum
1768 3966 2008 4032 ingentem
2045 3965 2308 4020 subcendit,
2323 3961 2506 4027 atque·
2526 3970 2646 4011 saxa

1626 4030 1841 4080 ardentia
1873 4030 2122 4098 putrefecit
2140 4030 2308 4079 *infuso
2340 4037 2493 4083 aceto,
2513 4027 2642 4088 quod

1626 4103 1789 4145 notum
1811 4112 1871 4144 ex
1892 4095 2001 4146 Liv.
2021 4095 2164 4145 XXI.
2188 4096 2268 4142 37.
2289 4092 2419 4142 Plin.
2441 4091 2641 4140 xxm.

1628 4161 1670 4207 1.
1697 4161 1859 4227 ’et-Ap
1892 4158 2292 4273 'am-hfiznnib.
2320 4173 2365 4206 c.
2386 4157 2433 4205 4.
2469 4155 2549 4206 cf.
2581 4155 2644 4202 ad

1952 4258 1967 4274 .
1984 4240 2036 4272 ιιι
2176 4257 2189 4271 .

545 4350 637 4415 leg.
661 4352 867 4405 Prorsus,
883 4348 1053 4416 plane)
1071 4353 1129 4397 ad
1151 4349 1404 4413 AEehiopum
1414 4367 1559 4413 popu-
1615 4346 1914 4409 desdendisse
1961 4352 2011 4402 in
2061 4351 2269 4405 Italiam,
2319 4358 2638 4411 magnamque
