2978 4920
960 287 1403 369 SATIRA
1473 304 1606 367 111.

2277 309 2353 371 51

370 478 715 565 signabit?
757 475 1089 563 fultusque
1118 488 1259 540 toro
1287 475 1540 539 meliore
1570 475 1890 538 recumbet

370 583 705 646 Advectus
735 581 1029 657 Romam,
1061 593 1192 665 quo
1220 600 1427 665 pruna
1454 589 1519 641 et
1549 589 1800 641 cottana
1826 582 2061 640 vento?

367 684 594 768 Usque
623 682 780 746 adeo
813 681 969 744 nihil
999 692 1116 758 est,
1147 680 1326 767 quod
1355 690 1570 742 nostra
1596 678 1861 742 infantia
1889 678 2117 741 coelum

368 784 608 848 Hausit
638 784 1036 847 Aventinum
1064 783 1223 845 baca
1249 781 1496 844 nutrita
1529 780 1805 843 Sabina?

2275 785 2356 844 85

368 886 567 964 Quid,
597 886 774 972 quod
802 883 1104 969 adulandi
1133 906 1288 969 gens
1316 881 1802 968 prudentissima
1830 883 2044 945 laudat

368 988 732 1050 Sermonem
762 985 1022 1062 indocti,
1053 985 1277 1048 faciem
1308 983 1609 1047 deformis
1638 985 1841 1061 amici,

367 1091 460 1154 Et
490 1088 750 1174 longum
778 1088 1038 1151 invalidi
1068 1086 1297 1151 collum
1329 1088 1676 1151 cervicibus
1706 1101 1917 1173 aequat

370 1191 692 1267 Herculia,
726 1192 1029 1254 Antaeum
1059 1190 1281 1276 procul
1311 1212 1347 1253 a
1376 1189 1602 1254 tellure
1632 1191 1944 1254 tenentis?

370 1292 653 1355 Miratur
680 1313 891 1355 vocem
926 1305 1282 1376 angustam,
1313 1314 1445 1376 qua
1471 1291 1750 1355 deterius
1780 1315 1892 1355 nec

372 1393 494 1456 Ille
524 1405 724 1470 sonat,
749 1416 880 1478 quo
901 1391 1227 1456 mordetur
1256 1391 1488 1477 gallina
1517 1393 1760 1457 marito.

371 1497 535 1560 Haec
561 1495 781 1565 eadem
813 1494 956 1558 licet
987 1506 1049 1557 et
1079 1494 1260 1558 nobis
1289 1494 1579 1558 laudare:
1630 1495 1737 1558 sed
1767 1494 1890 1560 illis

281 1680 417 1729 tione
439 1683 582 1728 dicta.
650 1681 782 1728 Huic
802 1681 1028 1727 Graeeulo
1050 1680 1288 1740 principa-

282 1752 395 1792 tum
417 1747 677 1792 concedam
692 1746 715 1791 ἒ
750 1746 840 1790 Ille
861 1747 1145 1804 primarium
1169 1746 1294 1790 obti-

283 1813 418 1856 nebit
440 1812 625 1869 locum,
641 1817 689 1856 et
704 1823 776 1855 me
789 1811 941 1869 prior,
960 1811 1112 1868 prius,
1129 1810 1288 1870 signa·-

282 1874 353 1921 ln't
376 1875 562 1921 tabulas
585 1874 843 1933 nuptiales,
866 1875 1142 1919 testamenti
1164 1876 1290 1920 cen?

268 1939 437 2020 [num
475 1939 657 1997 capite,
691 1937 766 1983 vel
808 1938 968 1996 potius
1011 1939 1192 1991 cubito,
1236 1946 1292 1983 ut

283 1999 450 2067 fletam
470 2001 655 2064 ὲγιῧνι.
699 2001 923 2047 xaecumbet
953 2005 1069 2057 toro,
1093 2003 1143 2048 in
1167 2003 1292 2048 lecto

284 2069 556 2114 tricliniari.
599 2067 799 2121 meliore,
828 2066 996 2112 auloeia
1038 2067 1292 2114 ditioribus

281 2138 458 2191 atrato,
472 2142 560 2178 aut
577 2131 745 2190 pluma
761 2128 1033 2175 delicatiore
1050 2131 1193 2189 farto,
1208 2137 1293 2176 aut

281 2197 524 2256 digniore,
548 2196 651 2242 scil.
673 2196 723 2239 in
747 2194 908 2239 medio
939 2195 1083 2252 lecto,
1106 2197 1188 2254 qui
1223 2195 1291 2241 lo·

280 2274 372 2307 cus
390 2261 633 2306 honestior
654 2265 774 2306 erat.

349 2325 434 2372 83.
452 2326 713 2371 Graeculua
724 2324 805 2368 ille
823 2323 897 2367 vel
917 2322 1082 2381 Syrus,
1096 2323 1180 2381 qui
1196 2323 1294 2368 Ro-

283 2402 419 2434 mam
456 2389 592 2434 venit
630 2402 661 2433 e
694 2386 831 2445 Syria
871 2399 930 2430 eo
971 2391 1103 2430 vento
1143 2399 1296 2445 eaque

282 2454 422 2509 navi,
434 2455 752 2512 quapnmaet
765 2453 946 2495 cottana
953 2456 1068 2494 sunt
1080 2450 1296 2507 advecta,

284 2525 342 2563 ut
364 2530 531 2563 rerum
557 2515 723 2561 vilium
756 2520 1010 2567 mercator,
1032 2515 1107 2559 vel
1137 2516 1299 2571 potine

285 2583 393 2641 ipse
416 2581 613 2627 venalis.
633 2578 724 2643 (cf.
747 2578 869 2624 Stat.
892 2578 1011 2624 Silv.
1036 2578 1105 2622 11.
1131 2577 1176 2625 1.
1198 2577 1299 2635 73.)

279 2660 440 2706 pruna
463 2644 787 2701 Damascena,
819 2656 931 2702 quae
962 2656 1075 2687 cum
1107 2637 1300 2687 cottanie'

282 2712 439 2757 etiam
476 2706 686 2769 junxere
717 2708 838 2754 Plin.
876 2706 1025 2753 X111.
1063 2706 1113 2752 5.
1145 2720 1184 2753 ε.
1221 2705 1296 2752 10.

286 2775 409 2821 XV.
430 2773 505 2819 13.
520 2787 560 2820 ε.
582 2773 658 2819 12.
677 2779 728 2818 et
749 2772 962 2819 Martini.
980 2771 1133 2817 XIII.
1144 2772 1222 2819 2⁷.
1245 2776 1296 2816 et

282 2839 369 2887 28.
405 2840 597 2884 Cottam
620 2835 842 2900 (eive-am
864 2832 1102 2895 Hesych.)
1129 2849 1296 2895 parva·

288 2917 404 2948 rum
440 2904 620 2948 ficuum
656 2916 813 2962 genua
843 2915 870 2946 e
904 2901 1055 2959 Syria.
1089 2915 1131 2945 v.
1169 2899 1296 2945 Plin.

289 2965 443 3014 XIII.
466 2966 512 3012 5.
536 2980 575 3011 ε.
602 2967 677 3011 10.
700 2967 879 3012 Athen.
905 2965 1001 3010 111.
1025 2964 1106 3011 82.
1129 2972 1176 3010 et
1200 2964 1294 3009 IX.

287 3033 564 3079 Bochartus
603 3031 781 3091 Geogr.
816 3030 952 3075 Sacr-
996 3042 1043 3087 p.
1077 3043 1145 3074 m.
1183 3027 1297 3076 805.

286 3113 472 3155 cottana
503 3109 634 3154 dicta
672 3108 874 3167 putabat
907 3107 969 3151 ab
1004 3106 1154 3151 Hebr.
1190 3103 1298 3173 10¹⁸>

279 3190 479 3239 parvus.

298 3261 305 3269 ·
354 3240 439 3287 84.
460 3238 542 3287 85.
576 3238 814 3298 Loquitur
834 3238 1103 3293 Romanus,
1137 3242 1185 3281 et
1216 3252 1298 3298 ge.

1358 1681 1563 1728 Brunck.
1584 1683 1728 1729 Anal.
1744 1680 1891 1729 T.11.
1913 1696 1960 1743 p.
1978 1682 2093 1730 389.
2107 1683 2212 1745 (cui
2226 1683 2353 1727 conf.

1357 1746 1446 1792 inf.
1468 1761 1514 1791 v.
1542 1747 1649 1797 100.
1684 1761 1783 1804 seq.
1815 1748 1958 1794 ovid.
1982 1750 2043 1793 A.
2068 1750 2129 1795 A.
2152 1745 2220 1792 11.
2244 1747 2354 1793 200.

1356 1824 1455 1867 seq.
1478 1819 1527 1856 et
1547 1811 1703 1856 Plaut.
1721 1812 1966 1870 Amphitr.
1985 1812 2081 1857 111.
2097 1812 2147 1858 3.
2167 1810 2215 1857 4.
2238 1816 2358 1869 seq.)

1357 1881 1405 1918 et
1427 1877 1552 1920 Plut.
1575 1877 1636 1920 de
1657 1877 1799 1922 discr.
1822 1877 1966 1922 amici
1987 1884 2037 1920 et
2058 1877 2237 1922 adulat.

1418 1939 1500 1986 88.
1542 1940 1721 1986 Collum
1756 1940 1947 1999 longum
1979 1940 2273 1987 infirmitatis
2308 1940 2359 1984 et

1355 2003 1657 2049 invaliditoetis
1678 2005 1892 2063 signum,
1914 2012 1970 2051 ut
1992 2005 2136 2050 breve
2157 2003 2354 2049 roboris.

1357 2068 1593 2114 Hercules
1622 2067 1794 2134 panepho
1823 2067 2021 2134 βραχὸς,
2045 2068 2213 2129 ’ψυχὰν
2244 2065 2279 2114 δ’
2300 2069 2356 2114 ὅ·

1357 2148 1570 2191 καμπῆς
1616 2135 1758 2180 Pind.
1804 2136 1975 2182 isthm.
2020 2135 2111 2179 IV.
2147 2134 2368 2181 83—89.

1358 2197 1413 2241 H
1415 2199 1595 2252 erculiae,
1610 2197 1830 2243 Antoeum
1840 2200 2005 2256 procul
2014 2215 2045 2244 α
2057 2198 2235 2257 tellure,
2250 2212 2355 2242 ma-

1359 2266 1431 2305 tre
1452 2274 1558 2320 sua,
1580 2258 1719 2323 cujus
1741 2268 1871 2307 tactu
1896 2277 2044 2310 novas
2066 2264 2189 2308 vires
2209 2263 2359 2309 conli-

1358 2326 1519 2381 gebat‚
1538 2328 1728 2372 tenentis
1748 2334 1797 2372 et
1811 2327 2031 2373 elidentis
2055 2328 2366 2373 brachiorum¹

1358 2388 1740 2449 lacertorumque
1778 2392 1853 2445 νίς
1900 2393 1961 2436 de
2003 2404 2098 2450 qua
2140 2392 2271 2437 lucta
2311 2405 2361 2437 v.

1361 2451 1545 2501 Lucan.
1578 2455 1601 2499 1
1611 2454 1669 2499 V.
1704 2454 1974 2502 590-655.
2006 2465 2054 2502 et
2089 2455 2265 2515 Heyne
2295 2456 2358 2501 ad

1362 2517 1582 2574 Apollod.
1606 2532 1654 2576 p.
1676 2518 1784 2565 417.
1809 2519 1921 2566 418.
2225 2544 2230 2550 ’

1378 2599 1383 2604 ·
1425 2579 1508 2626 90.
1538 2581 1617 2627 91.
1651 2582 1871 2628 Miratur
1893 2596 2055 2642 ¹'voe-em
2092 2586 2359 2643 angustam,

1360 2644 1538 2690 exilem
1574 2646 1650 2690 vel
1681 2659 1898 2703 raucam,
1931 2660 2036 2706 quae
2070 2661 2164 2691 non
2196 2646 2362 2690 minus

1360 2708 1550 2767 ingrata
1571 2715 1659 2762 est,
1681 2723 1826 2769 quam
1852 2724 1946 2755 vox
1968 2711 2235 2768 gallinacei,
2257 2709 2362 2767 (qui

1361 2774 1675 2837 τιςιφραςάἱός
1692 2776 1741 2822 h.
1752 2775 1781 2819 l.
1801 2775 2095 2835 designatur,
2115 2782 2169 2820 ut
2184 2786 2362 2832 caprae,

1358 2840 1521 2882 olentis
1540 2853 1708 2885 utores
1726 2839 1893 2885 mariti
1912 2853 1989 2898 ap.
2014 2841 2185 2885 Horat.
2204 2839 2292 2884 od.
2318 2838 2360 2882 1.

1362 2902 1437 2948 Μ.
1462 2902 1509 2949 7.
1546 2904 1628 2949 ubi
1652 2918 1694 2948 v.
1720 2903 1752 2950 J
1755 2902 1856 2964 ani)
1893 2906 1967 2949 vel
2002 2905 2177 2963 potius,
2212 2914 2366 2963 quam

1361 2980 1453 3011 vox
1485 2969 1598 3023 gani
1626 2968 1856 3027 gallinam
1880 2970 2159 3023 mordentiS,
2182 2970 2233 3015 h.
2256 2981 2297 3012 e.
2322 2966 2364 3009 si

1359 3031 1590 3089 gallinam
1613 3034 1832 3086 mordet3
1859 3041 1962 3077 tum
1988 3033 2118 3078 enim
2142 3034 2270 3078 ultra
2292 3033 2363 3077 vi-

1360 3108 1436 3141 res
1450 3110 1619 3155 urgere
1631 3098 1752 3142 solet
1765 3110 1928 3142 vocem
1944 3099 2192 3156 acriusque
2204 3098 2365 3144 inten-

1361 3161 1488 3205 dere.
1546 3161 1747 3215 Quintil.
1768 3160 1864 3209 xl.
1880 3160 1929 3206 3.
1957 3162 2073 3216 Vox,
2091 3163 2267 3222 inquit,
2291 3162 2363 3207 ul·

1363 3227 1438 3268 tra
1458 3225 1587 3272 vires
1610 3226 1816 3285 urgenda
1837 3239 1926 3271 non
1945 3231 2012 3270 est
2025 3241 2043 3271 .·
2066 3240 2172 3271 nam
2196 3231 2241 3271 et
2256 3226 2361 3271 sub-

290 3319 475 3352 nerosae
488 3303 832 3363 indignationis
844 3304 1032 3362 plenus.
1079 3303 1200 3348 Tam
1216 3315 1299 3359 pa·
1350 3286 1514 3348 foca!a
1534 3304 1649 3349 '‘¹7²‘'
1672 3293 1718 3334 ⁶³
1736 3289 1911 3349 '’¹⁰50'‘
1933 3292 2043 3334 '¹5³²‘
2063 3292 2218 3334 ”mm‘'
2238 3292 2335 3334 ‘'1⁰''
2333 3303 2365 3333 α

291 3384 405 3416 rum
429 3370 595 3427 itaque
629 3367 764 3413 nobis
797 3368 1012 3426 prodest,
1038 3379 1193 3425 neque
1227 3367 1303 3411 ul-

292 3436 399 3480 lum
424 3433 563 3478 nobis
595 3430 920 3492 principatum
944 3432 1045 3489 dat,
1067 3431 1197 3490 quod
1219 3444 1302 3475 coe·

289 3499 394 3544 lum
437 3496 743 3550 Aventinum,
799 3494 960 3541 ae'rem
1005 3495 1300 3546 Romanum,

290 3562 551 3617 Izamimus,
569 3561 623 3606 h.
641 3574 681 3605 e.
700 3560 870 3606 Romae
883 3567 932 3604 et
951 3561 1053 3604 nati
1070 3571 1240 3604 sumus
1257 3565 1306 3603 et

295 3626 468 3671 nutriti
482 3624 508 3671 ἓ
538 3624 822 3670 Aventinum
834 3637 922 3683 pro
935 3624 1067 3683 vulg.
1081 3622 1309 3668 Aventini

294 3691 605 3749 reposuimus
628 3702 654 3733 e
676 3696 882 3748 quatuor
904 3688 1047 3734 MSS.
1072 3685 1307 3745 quosipsi

293 3754 616 3809 contulimus,
638 3760 688 3797 et
715 3767 742 3799 e
765 3753 817 3797 M
825 3754 875 3799 S.
897 3752 1124 3798 cantabr.
1159 3763 1306 3809 quem

297 3818 517 3864 laudavit
539 3817 735 3864 Wakef.
764 3818 827 3863 ad
854 3817 1050 3862 Lucret.
1071 3814 1137 3861 11.
1165 3813 1308 3859 1038.

296 3882 434 3928 bacca
457 3896 496 3929 ε.
522 3882 628 3927 baca
649 3880 839 3938 Sabina,
875 3881 1112 3925 fructibus
1145 3878 1311 3937 patriis

296 3946 605 4005 Italicisque.
639 3945 718 4009 (ut
755 3951 906 3991 contr.
941 3956 1098 4003 pruna
1130 3950 1180 3988 et
1218 3946 1309 3988 cot·

296 4016 413 4057 tana
446 4008 589 4071 Syra)
623 4015 672 4055 et
703 4011 899 4070 quidem
941 4008 1100 4064 olivis,
1131 4006 1308 4066 quibus

295 4076 579 4120 abundabat
601 4075 954 4133 agerSabinus.

363 4138 445 4185 86.
480 4152 614 4198 seqq.
645 4140 872 4185 iuvenes
915 4142 1194 4196 comparent
1249 4135 1309 4179 de

299 4204 636 4249 adulatoribus
670 4204 842 4249 Horat.
877 4200 1033 4248 A.·P.
1065 4199 1175 4247 428.
1202 4212 1311 4257 seq.

300 4267 551 4327 Theophr.
571 4268 717 4314 Char.
730 4264 803 4313 11.
821 4266 1016 4311 Terent.
1038 4266 1160 4311 Eun.
1182 4263 1251 4311 Π.
1265 4265 1316 4312 2.

302 4331 405 4376 ⁴111.
458 4332 498 4378 1.
544 4329 1218 4389 Ammiani‘EpigrsXXV.
1263 4329 1311 4374 in

1365 3356 1498 3418 ‘'⁸²2‘st
1508 3354 1693 3399 interim
1705 3354 1819 3399 elisa
1831 3355 1881 3397 in
1893 3353 2027 3398 illum
2040 3367 2196 3397 sonum
2207 3366 2365 3397 erum·

1364 3417 1456 3475 pit,
1475 3419 1551 3463 cui
1574 3418 1732 3463 Greci
1754 3415 1969 3475 κλυγμδν
1990 3430 2148 3461 nomen
2172 3431 2200 3459 α
2215 3417 2365 3475 gullo-

1367 3494 1474 3525 mm
1488 3490 1494 3495 ·
1509 3480 1578 3543 (et
1607 3483 1934 3541 graculorum)
1966 3482 2199 3524 §remotum
2230 3485 2368 3525 cantu

1367 3544 1601 3590 dedmmt.
1659 3545 1866 3592 Videtur
1886 3550 2050 3589 autem
2076 3544 2123 3587 h.
2147 3547 2179 3589 1.
2204 3545 2367 3602 legen-

1369 3610 1489 3653 dum
1504 3624 1518 3652 ε
1547 3622 1635 3667 qua
1657 3608 1856 3653 deterius
1877 3621 1959 3653 nec
1977 3608 2070 3652 Illa
2093 3614 2245 3664 sonat,
2268 3623 2369 3667 qna:

1369 3671 1603 3717 mordetur
1616 3672 1800 3732 gallina
1820 3672 2006 3727 marim,
2023 3672 2087 3724 (3.
2113 3688 2207 3719 casa
2231 3687 2316 3733 pro
2339 3689 2371 3719 a

1370 3737 1562 3792 marito)
1587 3738 1689 3783 velt
1733 3738 1824 3783 Ille
1846 3739 1994 3790 sonat,
2027 3738 2103 3782 cui
2134 3740 2370 3784 mordetur

1365 3800 1568 3859 gallina,
1590 3804 1806 3859 maritus,
1826 3802 1903 3847 -vel
1936 3801 2097 3859 potius
2129 3803 2372 3848 levissima

1372 3867 1662 3910 mutatione:
1710 3866 1803 3913 me
1838 3868 1987 3922 sonat,
2026 3867 2101 3910 cni
2125 3866 2373 3913 mordetur

1366 3927 1546 3988 gallina
1567 3931 1754 3987 marito,
1780 3938 1835 3976 ut
1868 3928 1964 3984 me,
1987 3931 2063 3974 cui
2094 3931 2263 3974 marito
2286 3932 2371 3975 do-

1372 3993 1498 4037 ctius
1530 3996 1714 4040 dictum
1749 3996 1812 4040 sit
1843 4007 1929 4053 pro
1958 3994 2035 4037 ille
2063 3993 2276 4046 maritus,
2299 3995 2376 4037 cui

1372 4058 1420 4101 h.
1445 4070 1488 4104 e.
1511 4072 1540 4102 a
1559 4068 1671 4118 que,
1693 4059 1926 4105 mordetur
1941 4057 2139 4115 gallina.
2174 4056 2252 4101 Cf.
2271 4058 2374 4103 Ho-

1373 4128 1465 4167 rat.
1492 4122 1590 4167 Sat.
1617 4125 1657 4168 Ι.
1684 4123 1758 4169 10.
1786 4123 1861 4169 16.
1884 4129 1932 4168 et
1956 4122 2039 4166 Sil.
2064 4120 2108 4166 I.
2130 4120 2238 4165 280.
2262 4119 2373 4165 281.

1378 4217 1384 4226 -
1439 4186 1519 4232 92.
1550 4188 1645 4232 mis
1663 4188 1847 4233 Grraecis
1880 4192 2091 4236 tantum,
2115 4196 2211 4227 non
2233 4183 2375 4228 nobis

1376 4252 1599 4307 creditur,
1627 4254 1741 4297 tides
1764 4252 1979 4295 habetur.

1441 4314 1521 4358 93.
1544 4326 1674 4372 seqq.
1699 4315 1871 4371 Neque
1892 4312 2070 4356 mirum
2092 4316 2181 4361 est,
2205 4310 2299 4353 illis
2322 4307 2376 4350 fi-

1500 4389 1618 4446 112
