<?xml version="1.0" encoding="UTF-8"?>
<!DOCTYPE html PUBLIC "-//W3C//DTD XHTML 1.0 Transitional//EN"
    "http://www.w3.org/TR/xhtml1/DTD/xhtml1-transitional.dtd">
<html xmlns="http://www.w3.org/1999/xhtml" xml:lang="en" lang="en">
 <head>
  <title>
</title>
<meta http-equiv="Content-Type" content="text/html;charset=utf-8" />
  <meta name='ocr-system' content='tesseract 3.04.00' />
  <meta name='ocr-capabilities' content='ocr_page ocr_carea ocr_par ocr_line ocrx_word'/>
</head>
<body>
  <div class='ocr_page' id='page_1' title='image "./satiraexviadopt00juvegoog_0034.png"; bbox 0 0 2978 4920; ppageno 0'>
   <div class='ocr_carea' id='block_1_1' title="bbox 1155 290 2402 355">
    <p class='ocr_par' dir='ltr' id='par_1_1' title="bbox 1155 290 2402 355">
     <span class='ocr_line' id='line_1_1' title="bbox 1155 290 2402 355; baseline 0.005 -7"><span class='ocrx_word' id='word_1_1' title='bbox 1155 290 1188 348; x_wconf 67' lang='lat'><strong>,1</strong></span> <span class='ocrx_word' id='word_1_2' title='bbox 1202 290 1626 350; x_wconf 73' lang='lat' dir='ltr'>UVENALIS.</span> <span class='ocrx_word' id='word_1_3' title='bbox 2255 298 2402 355; x_wconf 69' lang='lat' dir='ltr'><strong>xxxi</strong></span> 
     </span>
    </p>
   </div>
   <div class='ocr_carea' id='block_1_2' title="bbox 272 455 2439 4373">
    <p class='ocr_par' dir='ltr' id='par_1_2' title="bbox 311 455 2411 1109">
     <span class='ocr_line' id='line_1_2' title="bbox 311 455 2405 536; baseline 0.002 -19"><span class='ocrx_word' id='word_1_4' title='bbox 311 461 536 518; x_wconf 80' lang='lat' dir='ltr'><strong>ctiones</strong></span> <span class='ocrx_word' id='word_1_5' title='bbox 560 458 876 536; x_wconf 74' lang='lat' dir='ltr'><strong>permultas</strong></span> <span class='ocrx_word' id='word_1_6' title='bbox 900 459 1157 517; x_wconf 70' lang='lat' dir='ltr'><strong>enotavit</strong></span> <span class='ocrx_word' id='word_1_7' title='bbox 1183 455 1413 518; x_wconf 70' lang='lat' dir='ltr'><strong>Wakef.</strong></span> <span class='ocrx_word' id='word_1_8' title='bbox 1442 463 1504 516; x_wconf 90' lang='lat' dir='ltr'><strong>in</strong></span> <span class='ocrx_word' id='word_1_9' title='bbox 1528 457 1665 517; x_wconf 86' lang='lat' dir='ltr'><strong>edit.</strong></span> <span class='ocrx_word' id='word_1_10' title='bbox 1696 456 1972 534; x_wconf 73' lang='lat' dir='ltr'><strong>Lucretii)</strong></span> <span class='ocrx_word' id='word_1_11' title='bbox 1995 460 2088 517; x_wconf 77' lang='lat' dir='ltr'><strong>vix</strong></span> <span class='ocrx_word' id='word_1_12' title='bbox 2123 476 2405 521; x_wconf 60' lang='lat' dir='ltr'><strong>memorm-</strong></span> 
     </span>
     <span class='ocr_line' id='line_1_3' title="bbox 313 534 2403 631; baseline 0 -19"><span class='ocrx_word' id='word_1_13' title='bbox 313 556 481 613; x_wconf 78' lang='lat' dir='ltr'><strong>bilior</strong></span> <span class='ocrx_word' id='word_1_14' title='bbox 507 555 704 630; x_wconf 67' lang='lat' dir='ltr'><strong>alique</strong></span> <span class='ocrx_word' id='word_1_15' title='bbox 737 555 907 617; x_wconf 73' lang='lat' dir='ltr'><strong>lectio</strong></span> <span class='ocrx_word' id='word_1_16' title='bbox 928 555 1259 631; x_wconf 79' lang='lat' dir='ltr'><strong>reperietur,</strong></span> <span class='ocrx_word' id='word_1_17' title='bbox 1279 572 1410 630; x_wconf 72' lang='lat' dir='ltr'><strong>quae</strong></span> <span class='ocrx_word' id='word_1_18' title='bbox 1436 573 1554 612; x_wconf 88' lang='lat' dir='ltr'><strong>non</strong></span> <span class='ocrx_word' id='word_1_19' title='bbox 1567 556 1695 629; x_wconf 72' lang='lat' dir='ltr'><strong>jem</strong></span> <span class='ocrx_word' id='word_1_20' title='bbox 1721 534 1960 613; x_wconf 74' lang='lat' dir='ltr'><strong>enotata</strong></span> <span class='ocrx_word' id='word_1_21' title='bbox 1979 557 2057 615; x_wconf 87' lang='lat' dir='ltr'><strong>sit</strong></span> <span class='ocrx_word' id='word_1_22' title='bbox 2073 574 2148 614; x_wconf 81' lang='lat' dir='ltr'><strong>ex</strong></span> <span class='ocrx_word' id='word_1_23' title='bbox 2176 555 2403 619; x_wconf 84' lang='lat' dir='ltr'><strong>van</strong></span> 
     </span>
     <span class='ocr_line' id='line_1_4' title="bbox 313 636 2408 728; baseline 0.001 -20"><span class='ocrx_word' id='word_1_24' title='bbox 313 649 454 719; x_wconf 84' lang='lat' dir='ltr'><strong>illis,</strong></span> <span class='ocrx_word' id='word_1_25' title='bbox 481 651 581 724; x_wconf 87' lang='lat' dir='ltr'><strong>qui</strong></span> <span class='ocrx_word' id='word_1_26' title='bbox 607 651 681 708; x_wconf 82' lang='lat' dir='ltr'><strong>ab</strong></span> <span class='ocrx_word' id='word_1_27' title='bbox 709 651 841 709; x_wconf 78' lang='lat' dir='ltr'><strong>aliis</strong></span> <span class='ocrx_word' id='word_1_28' title='bbox 867 651 1142 728; x_wconf 86' lang='lat' dir='ltr'><strong>nobisque</strong></span> <span class='ocrx_word' id='word_1_29' title='bbox 1167 648 1386 707; x_wconf 79' lang='lat' dir='ltr'><strong>conlati</strong></span> <span class='ocrx_word' id='word_1_30' title='bbox 1409 659 1567 717; x_wconf 86' lang='lat' dir='ltr'><strong>sunt,</strong></span> <span class='ocrx_word' id='word_1_31' title='bbox 1593 659 1653 707; x_wconf 90' lang='lat' dir='ltr'><strong>et</strong></span> <span class='ocrx_word' id='word_1_32' title='bbox 1678 650 1947 728; x_wconf 71' lang='lat' dir='ltr'><strong>descripti</strong></span> <span class='ocrx_word' id='word_1_33' title='bbox 1972 651 2033 707; x_wconf 89' lang='lat' dir='ltr'><strong>in</strong></span> <span class='ocrx_word' id='word_1_34' title='bbox 2062 661 2259 709; x_wconf 78' lang='lat' dir='ltr'><strong>nostre.</strong></span> <span class='ocrx_word' id='word_1_35' title='bbox 2283 636 2408 710; x_wconf 38' lang='lat' dir='ltr'><strong>edi-⁴</strong></span> 
     </span>
     <span class='ocr_line' id='line_1_5' title="bbox 318 742 2406 822; baseline 0.002 -20"><span class='ocrx_word' id='word_1_36' title='bbox 318 746 473 802; x_wconf 88' lang='lat' dir='ltr'><strong>tione</strong></span> <span class='ocrx_word' id='word_1_37' title='bbox 499 742 803 803; x_wconf 80' lang='lat' dir='ltr'><strong>Juvenalis</strong></span> <span class='ocrx_word' id='word_1_38' title='bbox 830 744 983 822; x_wconf 82' lang='lat' dir='ltr'><strong>Lips.</strong></span> <span class='ocrx_word' id='word_1_39' title='bbox 1016 743 1189 803; x_wconf 83' lang='lat'>1801.</span> <span class='ocrx_word' id='word_1_40' title='bbox 1220 745 1295 802; x_wconf 75' lang='lat' dir='ltr'><strong>ad</strong></span> <span class='ocrx_word' id='word_1_41' title='bbox 1321 763 1496 818; x_wconf 72' lang='lat' dir='ltr'><strong>quam</strong></span> <span class='ocrx_word' id='word_1_42' title='bbox 1522 746 1760 804; x_wconf 76' lang='lat' dir='ltr'><strong>lectores</strong></span> <span class='ocrx_word' id='word_1_43' title='bbox 1785 748 2073 804; x_wconf 81' lang='lat' dir='ltr'>remittere</span> <span class='ocrx_word' id='word_1_44' title='bbox 2097 747 2289 805; x_wconf 75' lang='lat' dir='ltr'><strong>liceat.</strong></span> <span class='ocrx_word' id='word_1_45' title='bbox 2337 744 2406 806; x_wconf 83' lang='lat' dir='ltr'><strong>In</strong></span> 
     </span>
     <span class='ocr_line' id='line_1_6' title="bbox 311 841 2411 920; baseline 0.001 -19"><span class='ocrx_word' id='word_1_46' title='bbox 311 841 518 903; x_wconf 79' lang='lat' dir='ltr'><strong>eadem</strong></span> <span class='ocrx_word' id='word_1_47' title='bbox 549 843 889 919; x_wconf 82' lang='lat' dir='ltr'><strong>singulatim</strong></span> <span class='ocrx_word' id='word_1_48' title='bbox 913 842 1339 919; x_wconf 73' lang='lat' dir='ltr'><strong>percensuimus</strong></span> <span class='ocrx_word' id='word_1_49' title='bbox 1363 844 1631 901; x_wconf 76' lang='lat' dir='ltr'><strong>editiones</strong></span> <span class='ocrx_word' id='word_1_50' title='bbox 1658 853 1866 920; x_wconf 72' lang='lat' dir='ltr'><strong>poetae,</strong></span> <span class='ocrx_word' id='word_1_51' title='bbox 1894 861 2043 917; x_wconf 78' lang='lat' dir='ltr'><strong>ques</strong></span> <span class='ocrx_word' id='word_1_52' title='bbox 2068 842 2183 901; x_wconf 83' lang='lat' dir='ltr'><strong>fere</strong></span> <span class='ocrx_word' id='word_1_53' title='bbox 2208 862 2411 903; x_wconf 82' lang='lat' dir='ltr'><strong>omnes</strong></span> 
     </span>
     <span class='ocr_line' id='line_1_7' title="bbox 315 937 2407 1021; baseline -0 -22"><span class='ocrx_word' id='word_1_54' title='bbox 315 937 393 999; x_wconf 79' lang='lat' dir='ltr'><strong>ad</strong></span> <span class='ocrx_word' id='word_1_55' title='bbox 418 957 628 997; x_wconf 71' lang='lat' dir='ltr'><strong>manus</strong></span> <span class='ocrx_word' id='word_1_56' title='bbox 655 940 980 1009; x_wconf 74' lang='lat' dir='ltr'><strong>habuimus,</strong></span> <span class='ocrx_word' id='word_1_57' title='bbox 1008 947 1069 995; x_wconf 84' lang='lat' dir='ltr'><strong>et</strong></span> <span class='ocrx_word' id='word_1_58' title='bbox 1093 938 1165 995; x_wconf 88' lang='lat' dir='ltr'><strong>de</strong></span> <span class='ocrx_word' id='word_1_59' title='bbox 1189 954 1434 1012; x_wconf 73' lang='lat' dir='ltr'><strong>quarum</strong></span> <span class='ocrx_word' id='word_1_60' title='bbox 1462 948 1587 995; x_wconf 86' lang='lat' dir='ltr'><strong>tum</strong></span> <span class='ocrx_word' id='word_1_61' title='bbox 1605 1015 1610 1021; x_wconf 21' lang='lat' dir='ltr'>q</span> <span class='ocrx_word' id='word_1_62' title='bbox 1629 938 2037 997; x_wconf 76' lang='lat' dir='ltr'><strong>stemmatibus</strong></span> <span class='ocrx_word' id='word_1_63' title='bbox 2061 949 2122 997; x_wconf 88' lang='lat' dir='ltr'><strong>et</strong></span> <span class='ocrx_word' id='word_1_64' title='bbox 2148 938 2407 1007; x_wconf 74' lang='lat' dir='ltr'><strong>familiis,</strong></span> 
     </span>
     <span class='ocr_line' id='line_1_8' title="bbox 317 1032 2136 1109; baseline 0.002 -20"><span class='ocrx_word' id='word_1_65' title='bbox 317 1043 440 1090; x_wconf 88' lang='lat' dir='ltr'><strong>tum</strong></span> <span class='ocrx_word' id='word_1_66' title='bbox 469 1034 684 1103; x_wconf 87' lang='lat' dir='ltr'><strong>indole,</strong></span> <span class='ocrx_word' id='word_1_67' title='bbox 711 1054 862 1092; x_wconf 90' lang='lat' dir='ltr'><strong>nunc</strong></span> <span class='ocrx_word' id='word_1_68' title='bbox 885 1036 1147 1092; x_wconf 79' lang='lat' dir='ltr'><strong>universe</strong></span> <span class='ocrx_word' id='word_1_69' title='bbox 1173 1032 1441 1109; x_wconf 70' lang='lat' dir='ltr'><strong>quasdam</strong></span> <span class='ocrx_word' id='word_1_70' title='bbox 1467 1034 1834 1108; x_wconf 70' lang='lat' dir='ltr'><strong>subjunxisse</strong></span> <span class='ocrx_word' id='word_1_71' title='bbox 1855 1032 2136 1093; x_wconf 73' lang='lat' dir='ltr'><strong>subiiciet.</strong></span> 
     </span>
    </p>

    <p class='ocr_par' dir='ltr' id='par_1_3' title="bbox 314 1127 2428 3706">
     <span class='ocr_line' id='line_1_9' title="bbox 400 1127 2408 1208; baseline 0.002 -22"><span class='ocrx_word' id='word_1_72' title='bbox 400 1128 669 1191; x_wconf 82' lang='lat' dir='ltr'><strong>Romana</strong></span> <span class='ocrx_word' id='word_1_73' title='bbox 706 1132 988 1208; x_wconf 85' lang='lat' dir='ltr'><strong>princeps,</strong></span> <span class='ocrx_word' id='word_1_74' title='bbox 1013 1150 1143 1204; x_wconf 77' lang='lat' dir='ltr'><strong>quae</strong></span> <span class='ocrx_word' id='word_1_75' title='bbox 1186 1127 1389 1187; x_wconf 83' lang='lat' dir='ltr'><strong>Romae</strong></span> <span class='ocrx_word' id='word_1_76' title='bbox 1430 1132 1586 1188; x_wconf 80' lang='lat' dir='ltr'><strong>circa</strong></span> <span class='ocrx_word' id='word_1_77' title='bbox 1625 1148 1681 1188; x_wconf 76' lang='lat' dir='ltr'><strong>a.</strong></span> <span class='ocrx_word' id='word_1_78' title='bbox 1729 1129 1900 1188; x_wconf 83' lang='grc'><strong>1470.</strong></span> <span class='ocrx_word' id='word_1_79' title='bbox 1942 1130 2215 1207; x_wconf 83' lang='lat' dir='ltr'><strong>prodiisse</strong></span> <span class='ocrx_word' id='word_1_80' title='bbox 2250 1132 2408 1191; x_wconf 78' lang='lat' dir='ltr'><strong>vide·</strong></span> 
     </span>
     <span class='ocr_line' id='line_1_10' title="bbox 318 1224 2409 1305; baseline 0 -20"><span class='ocrx_word' id='word_1_81' title='bbox 318 1236 433 1294; x_wconf 87' lang='lat' dir='ltr'><strong>tur,</strong></span> <span class='ocrx_word' id='word_1_82' title='bbox 459 1246 492 1283; x_wconf 88' lang='lat' dir='ltr'><strong>e</strong></span> <span class='ocrx_word' id='word_1_83' title='bbox 523 1227 716 1285; x_wconf 88' lang='lat' dir='ltr'><strong>codice</strong></span> <span class='ocrx_word' id='word_1_84' title='bbox 756 1246 956 1304; x_wconf 78' lang='lat' dir='ltr'><strong>parum</strong></span> <span class='ocrx_word' id='word_1_85' title='bbox 983 1225 1290 1285; x_wconf 79' lang='lat' dir='ltr'><strong>emendato</strong></span> <span class='ocrx_word' id='word_1_86' title='bbox 1313 1224 1502 1285; x_wconf 80' lang='lat' dir='ltr'><strong>fluxit.</strong></span> <span class='ocrx_word' id='word_1_87' title='bbox 1574 1224 1841 1284; x_wconf 86' lang='lat' dir='ltr'><strong>Meliores</strong></span> <span class='ocrx_word' id='word_1_88' title='bbox 1866 1227 2210 1285; x_wconf 78' lang='lat' dir='ltr'><strong>membranae</strong></span> <span class='ocrx_word' id='word_1_89' title='bbox 2233 1229 2409 1305; x_wconf 69' lang='lat' dir='ltr'><strong>paulo</strong></span> 
     </span>
     <span class='ocr_line' id='line_1_11' title="bbox 314 1321 2408 1402; baseline 0.002 -24"><span class='ocrx_word' id='word_1_90' title='bbox 314 1332 448 1398; x_wconf 86' lang='lat' dir='ltr'><strong>post</strong></span> <span class='ocrx_word' id='word_1_91' title='bbox 475 1323 749 1385; x_wconf 66' lang='lat' dir='ltr'><strong>adhibitae</strong></span> <span class='ocrx_word' id='word_1_92' title='bbox 779 1327 838 1382; x_wconf 86' lang='lat' dir='ltr'><strong>in</strong></span> <span class='ocrx_word' id='word_1_93' title='bbox 865 1323 1124 1392; x_wconf 85' lang='lat' dir='ltr'><strong>Venetis,</strong></span> <span class='ocrx_word' id='word_1_94' title='bbox 1154 1343 1191 1381; x_wconf 78' lang='lat' dir='ltr'><strong>a</strong></span> <span class='ocrx_word' id='word_1_95' title='bbox 1215 1322 1448 1398; x_wconf 88' lang='lat' dir='ltr'><strong>quibus,</strong></span> <span class='ocrx_word' id='word_1_96' title='bbox 1470 1325 1623 1381; x_wconf 88' lang='lat' dir='ltr'><strong>utin</strong></span> <span class='ocrx_word' id='word_1_97' title='bbox 1650 1321 1890 1398; x_wconf 80' lang='lat' dir='ltr'><strong>Virgilio</strong></span> <span class='ocrx_word' id='word_1_98' title='bbox 1916 1334 1976 1382; x_wconf 84' lang='lat' dir='ltr'><strong>et</strong></span> <span class='ocrx_word' id='word_1_99' title='bbox 2003 1322 2264 1394; x_wconf 76' lang='lat' dir='ltr'><strong>Horatio,</strong></span> <span class='ocrx_word' id='word_1_100' title='bbox 2291 1327 2408 1402; x_wconf 79' lang='lat' dir='ltr'><strong>pri-</strong></span> 
     </span>
     <span class='ocr_line' id='line_1_12' title="bbox 321 1418 2407 1498; baseline 0 -21"><span class='ocrx_word' id='word_1_101' title='bbox 321 1438 482 1477; x_wconf 88' lang='lat' dir='ltr'><strong>mum</strong></span> <span class='ocrx_word' id='word_1_102' title='bbox 506 1418 810 1479; x_wconf 80' lang='lat' dir='ltr'><strong>Juvenalis</strong></span> <span class='ocrx_word' id='word_1_103' title='bbox 834 1422 1007 1480; x_wconf 88' lang='lat' dir='ltr'><strong>lectio</strong></span> <span class='ocrx_word' id='word_1_104' title='bbox 1032 1422 1120 1479; x_wconf 84' lang='lat' dir='ltr'><strong>ita.</strong></span> <span class='ocrx_word' id='word_1_105' title='bbox 1141 1419 1367 1479; x_wconf 83' lang='lat' dir='ltr'><strong>videtur</strong></span> <span class='ocrx_word' id='word_1_106' title='bbox 1405 1422 1742 1489; x_wconf 86' lang='lat' dir='ltr'><strong>constituta,</strong></span> <span class='ocrx_word' id='word_1_107' title='bbox 1770 1429 1834 1477; x_wconf 87' lang='lat' dir='ltr'><strong>ut</strong></span> <span class='ocrx_word' id='word_1_108' title='bbox 1858 1438 1959 1495; x_wconf 85' lang='lat' dir='ltr'><strong>per</strong></span> <span class='ocrx_word' id='word_1_109' title='bbox 1981 1439 2179 1478; x_wconf 86' lang='lat' dir='ltr'><strong>omnes</strong></span> <span class='ocrx_word' id='word_1_110' title='bbox 2204 1438 2407 1498; x_wconf 80' lang='lat' dir='ltr'><strong>prope.-</strong></span> 
     </span>
     <span class='ocr_line' id='line_1_13' title="bbox 320 1515 2409 1593; baseline 0.001 -20"><span class='ocrx_word' id='word_1_111' title='bbox 320 1529 556 1592; x_wconf 80' lang='lat' dir='ltr'><strong>garetur</strong></span> <span class='ocrx_word' id='word_1_112' title='bbox 582 1517 794 1577; x_wconf 79' lang='lat' dir='ltr'><strong>Saeculi</strong></span> <span class='ocrx_word' id='word_1_113' title='bbox 823 1516 955 1575; x_wconf 89' lang='lat' dir='ltr'><strong>XV.</strong></span> <span class='ocrx_word' id='word_1_114' title='bbox 983 1517 1278 1584; x_wconf 83' lang='lat' dir='ltr'><strong>editiones,</strong></span> <span class='ocrx_word' id='word_1_115' title='bbox 1306 1517 1568 1591; x_wconf 86' lang='lat' dir='ltr'><strong>quamvis</strong></span> <span class='ocrx_word' id='word_1_116' title='bbox 1594 1517 1798 1574; x_wconf 83' lang='lat' dir='ltr'><strong>harum</strong></span> <span class='ocrx_word' id='word_1_117' title='bbox 1826 1515 1943 1572; x_wconf 81' lang='lat' dir='ltr'><strong>fere</strong></span> <span class='ocrx_word' id='word_1_118' title='bbox 1970 1516 2128 1574; x_wconf 79' lang='lat' dir='ltr'><strong>nulla</strong></span> <span class='ocrx_word' id='word_1_119' title='bbox 2148 1517 2248 1582; x_wconf 82' lang='lat' dir='ltr'><strong>sit,</strong></span> <span class='ocrx_word' id='word_1_120' title='bbox 2276 1536 2409 1593; x_wconf 69' lang='lat' dir='ltr'><strong>qun</strong></span> 
     </span>
     <span class='ocr_line' id='line_1_14' title="bbox 321 1610 2410 1690; baseline 0.001 -22"><span class='ocrx_word' id='word_1_121' title='bbox 321 1613 497 1688; x_wconf 84' lang='lat' dir='ltr'><strong>plane</strong></span> <span class='ocrx_word' id='word_1_122' title='bbox 517 1615 823 1672; x_wconf 80' lang='lat' dir='ltr'><strong>conveniat</strong></span> <span class='ocrx_word' id='word_1_123' title='bbox 848 1632 980 1671; x_wconf 89' lang='lat' dir='ltr'><strong>cum</strong></span> <span class='ocrx_word' id='word_1_124' title='bbox 1006 1613 1293 1690; x_wconf 86' lang='lat' dir='ltr'><strong>superiore</strong></span> <span class='ocrx_word' id='word_1_125' title='bbox 1334 1613 1545 1688; x_wconf 81' lang='lat' dir='ltr'><strong>aliqua.</strong></span> <span class='ocrx_word' id='word_1_126' title='bbox 1631 1610 1912 1687; x_wconf 80' lang='lat' dir='ltr'><strong>Magnam</strong></span> <span class='ocrx_word' id='word_1_127' title='bbox 1936 1613 2294 1687; x_wconf 84' lang='lat' dir='ltr'><strong>potissimum</strong></span> <span class='ocrx_word' id='word_1_128' title='bbox 2319 1612 2410 1670; x_wconf 79' lang='lat' dir='ltr'><strong>fa·</strong></span> 
     </span>
     <span class='ocr_line' id='line_1_15' title="bbox 321 1707 2409 1784; baseline 0.001 -21"><span class='ocrx_word' id='word_1_129' title='bbox 321 1708 540 1765; x_wconf 79' lang='lat' dir='ltr'><strong>miiiam</strong></span> <span class='ocrx_word' id='word_1_130' title='bbox 566 1709 723 1766; x_wconf 90' lang='lat' dir='ltr'><strong>ducit</strong></span> <span class='ocrx_word' id='word_1_131' title='bbox 766 1707 992 1767; x_wconf 76' lang='lat' dir='ltr'><strong>Veneta</strong></span> <span class='ocrx_word' id='word_1_132' title='bbox 1017 1710 1217 1784; x_wconf 86' lang='lat' dir='ltr'><strong>prima,</strong></span> <span class='ocrx_word' id='word_1_133' title='bbox 1242 1727 1296 1767; x_wconf 83' lang='lat' dir='ltr'><strong>a.</strong></span> <span class='ocrx_word' id='word_1_134' title='bbox 1331 1709 1502 1766; x_wconf 89' lang='grc'><strong>1475.</strong></span> <span class='ocrx_word' id='word_1_135' title='bbox 1531 1727 1663 1766; x_wconf 89' lang='lat' dir='ltr'><strong>cum</strong></span> <span class='ocrx_word' id='word_1_136' title='bbox 1692 1707 1935 1764; x_wconf 76' lang='lat' dir='ltr'><strong>Domitii</strong></span> <span class='ocrx_word' id='word_1_137' title='bbox 1969 1707 2278 1778; x_wconf 77' lang='lat' dir='ltr'><strong>Calderini,</strong></span> <span class='ocrx_word' id='word_1_138' title='bbox 2305 1710 2409 1784; x_wconf 80' lang='lat' dir='ltr'><strong>qui</strong></span> 
     </span>
     <span class='ocr_line' id='line_1_16' title="bbox 321 1802 2413 1879; baseline 0 -19"><span class='ocrx_word' id='word_1_139' title='bbox 321 1802 501 1860; x_wconf 81' lang='lat' dir='ltr'><strong>etiam</strong></span> <span class='ocrx_word' id='word_1_140' title='bbox 548 1803 837 1861; x_wconf 84' lang='lat' dir='ltr'><strong>codicibus</strong></span> <span class='ocrx_word' id='word_1_141' title='bbox 874 1802 1058 1862; x_wconf 87' lang='lat' dir='ltr'>MSS.</span> <span class='ocrx_word' id='word_1_142' title='bbox 1103 1820 1241 1863; x_wconf 81' lang='lat' dir='ltr'><strong>usus</strong></span> <span class='ocrx_word' id='word_1_143' title='bbox 1279 1814 1386 1871; x_wconf 89' lang='lat' dir='ltr'><strong>est,</strong></span> <span class='ocrx_word' id='word_1_144' title='bbox 1415 1803 1844 1861; x_wconf 79' lang='lat' dir='ltr'><strong>commentariis</strong></span> <span class='ocrx_word' id='word_1_145' title='bbox 1888 1802 2150 1877; x_wconf 83' lang='lat' dir='ltr'><strong>vulgata,</strong></span> <span class='ocrx_word' id='word_1_146' title='bbox 2176 1822 2252 1862; x_wconf 87' lang='lat' dir='ltr'><strong>ex</strong></span> <span class='ocrx_word' id='word_1_147' title='bbox 2292 1802 2413 1879; x_wconf 76' lang='lat' dir='ltr'><strong>qua</strong></span> 
     </span>
     <span class='ocr_line' id='line_1_17' title="bbox 321 1895 2410 1976; baseline 0.001 -21"><span class='ocrx_word' id='word_1_148' title='bbox 321 1917 611 1974; x_wconf 70' lang='lat' dir='ltr'><strong>expressae</strong></span> <span class='ocrx_word' id='word_1_149' title='bbox 650 1909 790 1957; x_wconf 88' lang='lat' dir='ltr'><strong>sunt</strong></span> <span class='ocrx_word' id='word_1_150' title='bbox 817 1897 1055 1976; x_wconf 74' lang='lat' dir='ltr'><strong>Venetae</strong></span> <span class='ocrx_word' id='word_1_151' title='bbox 1090 1898 1261 1955; x_wconf 88' lang='grc'><strong>1482.</strong></span> <span class='ocrx_word' id='word_1_152' title='bbox 1290 1898 1418 1958; x_wconf 83' lang='lat' dir='ltr'><strong>duae</strong></span> <span class='ocrx_word' id='word_1_153' title='bbox 1457 1899 1629 1956; x_wconf 83' lang='grc'><strong>1483.</strong></span> <span class='ocrx_word' id='word_1_154' title='bbox 1661 1898 1833 1955; x_wconf 86' lang='grc'><strong>1485.</strong></span> <span class='ocrx_word' id='word_1_155' title='bbox 1864 1895 2033 1955; x_wconf 88' lang='grc'><strong>1487.</strong></span> <span class='ocrx_word' id='word_1_156' title='bbox 2075 1900 2152 1957; x_wconf 80' lang='lat' dir='ltr'><strong>al.</strong></span> <span class='ocrx_word' id='word_1_157' title='bbox 2182 1898 2410 1958; x_wconf 84' lang='lat' dir='ltr'><strong>Vieent.</strong></span> 
     </span>
     <span class='ocr_line' id='line_1_18' title="bbox 325 1991 2408 2072; baseline 0.001 -21"><span class='ocrx_word' id='word_1_158' title='bbox 325 1995 502 2052; x_wconf 89' lang='grc'><strong>1480.</strong></span> <span class='ocrx_word' id='word_1_159' title='bbox 533 1994 856 2072; x_wconf 85' lang='lat' dir='ltr'><strong>Lipsienses</strong></span> <span class='ocrx_word' id='word_1_160' title='bbox 890 1995 1060 2053; x_wconf 86' lang='lat'>1497.</span> <span class='ocrx_word' id='word_1_161' title='bbox 1098 1995 1266 2052; x_wconf 91' lang='grc'><strong>1502.</strong></span> <span class='ocrx_word' id='word_1_162' title='bbox 1297 1994 1470 2053; x_wconf 87' lang='grc'><strong>1504.</strong></span> <span class='ocrx_word' id='word_1_163' title='bbox 1504 1995 1677 2052; x_wconf 88' lang='grc'><strong>1507.</strong></span> <span class='ocrx_word' id='word_1_164' title='bbox 1708 1995 1785 2052; x_wconf 77' lang='lat' dir='ltr'><strong>al.</strong></span> <span class='ocrx_word' id='word_1_165' title='bbox 1866 1991 1960 2051; x_wconf 88' lang='lat' dir='ltr'><strong>Ad</strong></span> <span class='ocrx_word' id='word_1_166' title='bbox 1984 1995 2408 2054; x_wconf 81' lang='lat' dir='ltr'><strong>emendandum</strong></span> 
     </span>
     <span class='ocr_line' id='line_1_19' title="bbox 322 2087 2413 2167; baseline 0.001 -21"><span class='ocrx_word' id='word_1_167' title='bbox 322 2088 531 2147; x_wconf 88' lang='lat' dir='ltr'><strong>deinde</strong></span> <span class='ocrx_word' id='word_1_168' title='bbox 555 2087 862 2149; x_wconf 77' lang='lat' dir='ltr'><strong>Juvenalis</strong></span> <span class='ocrx_word' id='word_1_169' title='bbox 887 2100 1113 2148; x_wconf 84' lang='lat' dir='ltr'><strong>textum</strong></span> <span class='ocrx_word' id='word_1_170' title='bbox 1137 2109 1242 2167; x_wconf 91' lang='lat' dir='ltr'><strong>ope</strong></span> <span class='ocrx_word' id='word_1_171' title='bbox 1269 2091 1538 2150; x_wconf 77' lang='lat' dir='ltr'><strong>librorum</strong></span> <span class='ocrx_word' id='word_1_172' title='bbox 1558 2092 1894 2166; x_wconf 79' lang='lat' dir='ltr'><strong>scriptorum</strong></span> <span class='ocrx_word' id='word_1_173' title='bbox 1913 2089 2209 2148; x_wconf 75' lang='lat' dir='ltr'><strong>adcessene</strong></span> <span class='ocrx_word' id='word_1_174' title='bbox 2249 2090 2413 2149; x_wconf 79' lang='lat' dir='ltr'><em>Valla</em></span> 
     </span>
     <span class='ocr_line' id='line_1_20' title="bbox 324 2182 2413 2244; baseline 0.001 -3"><span class='ocrx_word' id='word_1_175' title='bbox 324 2185 389 2241; x_wconf 87' lang='lat' dir='ltr'><strong>in</strong></span> <span class='ocrx_word' id='word_1_176' title='bbox 416 2183 644 2243; x_wconf 78' lang='lat' dir='ltr'><strong>Veneta</strong></span> <span class='ocrx_word' id='word_1_177' title='bbox 692 2183 964 2244; x_wconf 73' lang='lat' dir='ltr'><strong>1486.,et</strong></span> <span class='ocrx_word' id='word_1_178' title='bbox 1008 2185 1392 2243; x_wconf 77' lang='lat' dir='ltr'><strong>Mancinellus</strong></span> <span class='ocrx_word' id='word_1_179' title='bbox 1418 2188 1475 2243; x_wconf 90' lang='lat' dir='ltr'><strong>in</strong></span> <span class='ocrx_word' id='word_1_180' title='bbox 1515 2183 1742 2243; x_wconf 84' lang='lat' dir='ltr'><strong>Veneta</strong></span> <span class='ocrx_word' id='word_1_181' title='bbox 1782 2182 2027 2243; x_wconf 81' lang='lat' dir='ltr'><strong>Tacuini</strong></span> <span class='ocrx_word' id='word_1_182' title='bbox 2065 2184 2139 2242; x_wconf 89' lang='lat' dir='ltr'><strong>de</strong></span> <span class='ocrx_word' id='word_1_183' title='bbox 2178 2183 2413 2244; x_wconf 82' lang='lat' dir='ltr'><strong>Tridine</strong></span> 
     </span>
     <span class='ocr_line' id='line_1_21' title="bbox 333 2279 2413 2358; baseline 0.002 -22"><span class='ocrx_word' id='word_1_184' title='bbox 333 2281 515 2338; x_wconf 85' lang='lat'>1492.</span> <span class='ocrx_word' id='word_1_185' title='bbox 597 2279 764 2341; x_wconf 86' lang='lat' dir='ltr'><strong>Illam</strong></span> <span class='ocrx_word' id='word_1_186' title='bbox 807 2282 1139 2358; x_wconf 87' lang='lat' dir='ltr'><strong>plerumque</strong></span> <span class='ocrx_word' id='word_1_187' title='bbox 1177 2293 1491 2357; x_wconf 87' lang='lat' dir='ltr'><strong>sequuntur</strong></span> <span class='ocrx_word' id='word_1_188' title='bbox 1518 2279 1758 2340; x_wconf 75' lang='lat' dir='ltr'><strong>Venetae</strong></span> <span class='ocrx_word' id='word_1_189' title='bbox 1802 2281 1973 2339; x_wconf 85' lang='lat'>1491.</span> <span class='ocrx_word' id='word_1_190' title='bbox 2008 2280 2177 2339; x_wconf 87' lang='grc'><strong>1492.</strong></span> <span class='ocrx_word' id='word_1_191' title='bbox 2203 2280 2413 2353; x_wconf 79' lang='lat' dir='ltr'><strong>(Loca-</strong></span> 
     </span>
     <span class='ocr_line' id='line_1_22' title="bbox 326 2373 2415 2453; baseline 0 -19"><span class='ocrx_word' id='word_1_192' title='bbox 326 2377 502 2452; x_wconf 77' lang='lat' dir='ltr'><strong>teni.)</strong></span> <span class='ocrx_word' id='word_1_193' title='bbox 534 2377 711 2436; x_wconf 90' lang='grc'><strong>1498.</strong></span> <span class='ocrx_word' id='word_1_194' title='bbox 742 2377 915 2434; x_wconf 90' lang='grc'><strong>1501.</strong></span> <span class='ocrx_word' id='word_1_195' title='bbox 942 2379 1096 2435; x_wconf 79' lang='lat' dir='ltr'><strong>hanc</strong></span> <span class='ocrx_word' id='word_1_196' title='bbox 1121 2397 1252 2435; x_wconf 80' lang='lat' dir='ltr'><strong>vero</strong></span> <span class='ocrx_word' id='word_1_197' title='bbox 1276 2376 1505 2437; x_wconf 78' lang='lat' dir='ltr'><strong>Veneta</strong></span> <span class='ocrx_word' id='word_1_198' title='bbox 1552 2376 1720 2434; x_wconf 85' lang='lat'>1494.</span> <span class='ocrx_word' id='word_1_199' title='bbox 1766 2373 2119 2453; x_wconf 85' lang='lat' dir='ltr'><strong>Norimberg.</strong></span> <span class='ocrx_word' id='word_1_200' title='bbox 2156 2376 2325 2434; x_wconf 89' lang='grc'><strong>1497.</strong></span> <span class='ocrx_word' id='word_1_201' title='bbox 2354 2388 2415 2434; x_wconf 88' lang='lat' dir='ltr'><strong>et</strong></span> 
     </span>
     <span class='ocr_line' id='line_1_23' title="bbox 323 2470 2409 2547; baseline 0 -15"><span class='ocrx_word' id='word_1_202' title='bbox 323 2472 709 2532; x_wconf 79' lang='lat' dir='ltr'><strong>Ascensianae</strong></span> <span class='ocrx_word' id='word_1_203' title='bbox 748 2491 950 2529; x_wconf 83' lang='lat' dir='ltr'><strong>novem</strong></span> <span class='ocrx_word' id='word_1_204' title='bbox 977 2470 1158 2547; x_wconf 87' lang='lat' dir='ltr'><strong>Lugd.</strong></span> <span class='ocrx_word' id='word_1_205' title='bbox 1203 2472 1374 2531; x_wconf 85' lang='lat'>1498.</span> <span class='ocrx_word' id='word_1_206' title='bbox 1409 2472 1583 2529; x_wconf 82' lang='lat'>1501.</span> <span class='ocrx_word' id='word_1_207' title='bbox 1619 2472 1791 2530; x_wconf 88' lang='grc'><strong>1507.</strong></span> <span class='ocrx_word' id='word_1_208' title='bbox 1826 2473 1998 2530; x_wconf 89' lang='grc'><strong>1511.</strong></span> <span class='ocrx_word' id='word_1_209' title='bbox 2033 2472 2205 2530; x_wconf 88' lang='grc'><strong>1512.</strong></span> <span class='ocrx_word' id='word_1_210' title='bbox 2237 2473 2409 2532; x_wconf 83' lang='grc'><strong>1515.</strong></span> 
     </span>
     <span class='ocr_line' id='line_1_24' title="bbox 327 2565 2416 2632; baseline 0.001 -9"><span class='ocrx_word' id='word_1_211' title='bbox 327 2565 522 2624; x_wconf 82' lang='lat' dir='ltr'><strong>Paris.</strong></span> <span class='ocrx_word' id='word_1_212' title='bbox 559 2566 730 2632; x_wconf 85' lang='lat'>1505.</span> <span class='ocrx_word' id='word_1_213' title='bbox 767 2566 935 2625; x_wconf 88' lang='grc'><strong>1512.</strong></span> <span class='ocrx_word' id='word_1_214' title='bbox 972 2567 1142 2625; x_wconf 91' lang='grc'><strong>1519.</strong></span> <span class='ocrx_word' id='word_1_215' title='bbox 1170 2585 1307 2624; x_wconf 72' lang='lat' dir='ltr'><strong>naem</strong></span> <span class='ocrx_word' id='word_1_216' title='bbox 1336 2567 1571 2625; x_wconf 80' lang='lat' dir='ltr'><strong>Iodocus</strong></span> <span class='ocrx_word' id='word_1_217' title='bbox 1598 2566 1816 2625; x_wconf 77' lang='lat' dir='ltr'><strong>Badius</strong></span> <span class='ocrx_word' id='word_1_218' title='bbox 1841 2568 2138 2625; x_wconf 77' lang='lat' dir='ltr'><strong>Ascensius</strong></span> <span class='ocrx_word' id='word_1_219' title='bbox 2163 2569 2225 2623; x_wconf 91' lang='lat' dir='ltr'><strong>in</strong></span> <span class='ocrx_word' id='word_1_220' title='bbox 2250 2578 2416 2626; x_wconf 80' lang='lat' dir='ltr'><strong>textu</strong></span> 
     </span>
     <span class='ocr_line' id='line_1_25' title="bbox 329 2662 2417 2739; baseline 0.001 -20"><span class='ocrx_word' id='word_1_221' title='bbox 329 2662 367 2719; x_wconf 86' lang='lat' dir='ltr'><strong>J</strong></span> <span class='ocrx_word' id='word_1_222' title='bbox 377 2664 661 2733; x_wconf 61' lang='lat' dir='ltr'><strong>annalis,</strong></span> <span class='ocrx_word' id='word_1_223' title='bbox 707 2674 774 2720; x_wconf 87' lang='lat' dir='ltr'><strong>ut</strong></span> <span class='ocrx_word' id='word_1_224' title='bbox 813 2676 872 2721; x_wconf 89' lang='lat' dir='ltr'><strong>et</strong></span> <span class='ocrx_word' id='word_1_225' title='bbox 913 2662 1139 2739; x_wconf 80' lang='lat' dir='ltr'><strong>Virgilii</strong></span> <span class='ocrx_word' id='word_1_226' title='bbox 1189 2662 1548 2738; x_wconf 81' lang='lat' dir='ltr'><strong>Horatiique,</strong></span> <span class='ocrx_word' id='word_1_227' title='bbox 1593 2662 1947 2720; x_wconf 83' lang='lat' dir='ltr'><strong>emendando</strong></span> <span class='ocrx_word' id='word_1_228' title='bbox 1992 2681 2192 2739; x_wconf 85' lang='lat' dir='ltr'><strong>parum</strong></span> <span class='ocrx_word' id='word_1_229' title='bbox 2234 2682 2417 2739; x_wconf 62' lang='lat' dir='ltr'><strong>operae</strong></span> 
     </span>
     <span class='ocr_line' id='line_1_26' title="bbox 333 2757 2419 2821; baseline 0 -6"><span class='ocrx_word' id='word_1_230' title='bbox 333 2759 677 2818; x_wconf 77' lang='lat' dir='ltr'><strong>conlocavit.</strong></span> <span class='ocrx_word' id='word_1_231' title='bbox 762 2757 1041 2821; x_wconf 82' lang='lat' dir='ltr'><strong>Eamdem</strong></span> <span class='ocrx_word' id='word_1_232' title='bbox 1069 2758 1184 2816; x_wconf 86' lang='lat' dir='ltr'><strong>fere</strong></span> <span class='ocrx_word' id='word_1_233' title='bbox 1210 2760 1594 2817; x_wconf 84' lang='lat' dir='ltr'><strong>recensionem</strong></span> <span class='ocrx_word' id='word_1_234' title='bbox 1637 2759 1884 2815; x_wconf 79' lang='lat' dir='ltr'><strong>servavit</strong></span> <span class='ocrx_word' id='word_1_235' title='bbox 1925 2757 2019 2815; x_wconf 87' lang='lat' dir='ltr'><strong>Jo.</strong></span> <span class='ocrx_word' id='word_1_236' title='bbox 2048 2757 2419 2815; x_wconf 71' lang='lat' dir='ltr'><strong>Britannicus</strong></span> 
     </span>
     <span class='ocr_line' id='line_1_27' title="bbox 333 2851 2419 2931; baseline 0 -19"><span class='ocrx_word' id='word_1_237' title='bbox 333 2856 401 2912; x_wconf 85' lang='lat' dir='ltr'><strong>in</strong></span> <span class='ocrx_word' id='word_1_238' title='bbox 429 2852 635 2913; x_wconf 86' lang='lat' dir='ltr'><strong>Venet.</strong></span> <span class='ocrx_word' id='word_1_239' title='bbox 669 2854 841 2914; x_wconf 82' lang='lat'>1499.</span> <span class='ocrx_word' id='word_1_240' title='bbox 869 2856 979 2914; x_wconf 87' lang='lat' dir='ltr'><strong>etsi</strong></span> <span class='ocrx_word' id='word_1_241' title='bbox 1019 2856 1185 2931; x_wconf 82' lang='lat' dir='ltr'><strong>plura</strong></span> <span class='ocrx_word' id='word_1_242' title='bbox 1226 2857 1300 2913; x_wconf 83' lang='lat' dir='ltr'><strong>ab</strong></span> <span class='ocrx_word' id='word_1_243' title='bbox 1327 2874 1394 2913; x_wconf 89' lang='lat' dir='ltr'><strong>eo</strong></span> <span class='ocrx_word' id='word_1_244' title='bbox 1422 2867 1635 2913; x_wconf 85' lang='lat' dir='ltr'><strong>novata</strong></span> <span class='ocrx_word' id='word_1_245' title='bbox 1660 2864 1800 2912; x_wconf 89' lang='lat' dir='ltr'><strong>sunt</strong></span> <span class='ocrx_word' id='word_1_246' title='bbox 1823 2863 1884 2910; x_wconf 89' lang='lat' dir='ltr'><strong>et</strong></span> <span class='ocrx_word' id='word_1_247' title='bbox 1907 2863 2191 2913; x_wconf 77' lang='lat' dir='ltr'><strong>contecta.</strong></span> <span class='ocrx_word' id='word_1_248' title='bbox 2275 2851 2419 2912; x_wconf 86' lang='lat' dir='ltr'><strong>Om-</strong></span> 
     </span>
     <span class='ocr_line' id='line_1_28' title="bbox 335 2950 2420 3029; baseline 0.001 -21"><span class='ocrx_word' id='word_1_249' title='bbox 335 2951 478 3009; x_wconf 85' lang='lat' dir='ltr'><strong>nino</strong></span> <span class='ocrx_word' id='word_1_250' title='bbox 503 2952 657 3009; x_wconf 86' lang='lat' dir='ltr'><strong>enim</strong></span> <span class='ocrx_word' id='word_1_251' title='bbox 685 2952 912 3012; x_wconf 82' lang='lat' dir='ltr'><strong>Saeculo</strong></span> <span class='ocrx_word' id='word_1_252' title='bbox 940 2951 1073 3011; x_wconf 82' lang='lat' dir='ltr'><strong>XV.</strong></span> <span class='ocrx_word' id='word_1_253' title='bbox 1102 2954 1289 3029; x_wconf 81' lang='lat' dir='ltr'><strong>magis</strong></span> <span class='ocrx_word' id='word_1_254' title='bbox 1314 2951 1729 3029; x_wconf 87' lang='lat' dir='ltr'><strong>interpretandi</strong></span> <span class='ocrx_word' id='word_1_255' title='bbox 1754 2951 2008 3009; x_wconf 86' lang='lat' dir='ltr'><strong>studium</strong></span> <span class='ocrx_word' id='word_1_256' title='bbox 2048 2953 2199 3010; x_wconf 77' lang='lat' dir='ltr'><strong>viros</strong></span> <span class='ocrx_word' id='word_1_257' title='bbox 2223 2950 2420 3011; x_wconf 73' lang='lat' dir='ltr'><strong>doctos</strong></span> 
     </span>
     <span class='ocr_line' id='line_1_29' title="bbox 336 3048 2420 3130; baseline 0 -25"><span class='ocrx_word' id='word_1_258' title='bbox 336 3049 617 3116; x_wconf 81' lang='lat' dir='ltr'><strong>exercuit,</strong></span> <span class='ocrx_word' id='word_1_259' title='bbox 644 3067 817 3123; x_wconf 85' lang='lat' dir='ltr'><strong>quam</strong></span> <span class='ocrx_word' id='word_1_260' title='bbox 842 3050 1043 3106; x_wconf 80' lang='lat' dir='ltr'><strong>critica</strong></span> <span class='ocrx_word' id='word_1_261' title='bbox 1067 3068 1226 3118; x_wconf 86' lang='lat' dir='ltr'><strong>cura,</strong></span> <span class='ocrx_word' id='word_1_262' title='bbox 1252 3059 1314 3107; x_wconf 91' lang='lat' dir='ltr'><strong>et</strong></span> <span class='ocrx_word' id='word_1_263' title='bbox 1338 3050 1591 3125; x_wconf 86' lang='lat' dir='ltr'><strong>plerique</strong></span> <span class='ocrx_word' id='word_1_264' title='bbox 1618 3057 1761 3130; x_wconf 84' lang='lat' dir='ltr'><strong>tum,</strong></span> <span class='ocrx_word' id='word_1_265' title='bbox 1784 3048 2050 3122; x_wconf 78' lang='lat' dir='ltr'><strong>quamvis</strong></span> <span class='ocrx_word' id='word_1_266' title='bbox 2073 3065 2275 3124; x_wconf 76' lang='lat' dir='ltr'><strong>parum</strong></span> <span class='ocrx_word' id='word_1_267' title='bbox 2298 3048 2420 3106; x_wconf 87' lang='lat' dir='ltr'><strong>ido-</strong></span> 
     </span>
     <span class='ocr_line' id='line_1_30' title="bbox 336 3142 2422 3220; baseline -0.002 -16"><span class='ocrx_word' id='word_1_268' title='bbox 336 3144 435 3204; x_wconf 73' lang='lat' dir='ltr'><strong>nei</strong></span> <span class='ocrx_word' id='word_1_269' title='bbox 459 3153 520 3201; x_wconf 84' lang='lat' dir='ltr'><strong>et</strong></span> <span class='ocrx_word' id='word_1_270' title='bbox 543 3145 736 3212; x_wconf 86' lang='lat' dir='ltr'><strong>utiles,</strong></span> <span class='ocrx_word' id='word_1_271' title='bbox 765 3147 1152 3202; x_wconf 78' lang='lat' dir='ltr'><strong>commentarii</strong></span> <span class='ocrx_word' id='word_1_272' title='bbox 1172 3145 1233 3201; x_wconf 88' lang='lat' dir='ltr'><strong>in</strong></span> <span class='ocrx_word' id='word_1_273' title='bbox 1259 3142 1600 3202; x_wconf 69' lang='lat' dir='ltr'><strong>,Iuvenalem</strong></span> <span class='ocrx_word' id='word_1_274' title='bbox 1626 3144 1822 3220; x_wconf 81' lang='lat' dir='ltr'><strong>scripti</strong></span> <span class='ocrx_word' id='word_1_275' title='bbox 1847 3153 1987 3201; x_wconf 89' lang='lat' dir='ltr'><strong>sunt</strong></span> <span class='ocrx_word' id='word_1_276' title='bbox 2011 3153 2071 3202; x_wconf 85' lang='lat' dir='ltr'><strong>et</strong></span> <span class='ocrx_word' id='word_1_277' title='bbox 2095 3143 2266 3209; x_wconf 77' lang='lat' dir='ltr'><strong>editi3</strong></span> <span class='ocrx_word' id='word_1_278' title='bbox 2308 3144 2422 3220; x_wconf 80' lang='lat' dir='ltr'><strong>pri-</strong></span> 
     </span>
     <span class='ocr_line' id='line_1_31' title="bbox 338 3238 2422 3315; baseline 0.001 -19"><span class='ocrx_word' id='word_1_279' title='bbox 338 3258 499 3296; x_wconf 80' lang='lat' dir='ltr'><strong>mum</strong></span> <span class='ocrx_word' id='word_1_280' title='bbox 522 3240 674 3315; x_wconf 77' lang='lat' dir='ltr'><strong>Any.</strong></span> <span class='ocrx_word' id='word_1_281' title='bbox 702 3238 897 3297; x_wconf 70' lang='lat' dir='ltr'><strong>Sabini</strong></span> <span class='ocrx_word' id='word_1_282' title='bbox 937 3249 996 3297; x_wconf 90' lang='lat' dir='ltr'><strong>et</strong></span> <span class='ocrx_word' id='word_1_283' title='bbox 1022 3240 1265 3298; x_wconf 72' lang='lat' dir='ltr'><strong>Domitii</strong></span> <span class='ocrx_word' id='word_1_284' title='bbox 1297 3238 1590 3298; x_wconf 72' lang='lat' dir='ltr'><strong>Calderini</strong></span> <span class='ocrx_word' id='word_1_285' title='bbox 1629 3238 1836 3298; x_wconf 82' lang='lat' dir='ltr'><strong>Romae</strong></span> <span class='ocrx_word' id='word_1_286' title='bbox 1869 3239 2042 3295; x_wconf 88' lang='grc'><strong>1474.</strong></span> <span class='ocrx_word' id='word_1_287' title='bbox 2084 3238 2289 3298; x_wconf 81' lang='lat' dir='ltr'><strong>deinde</strong></span> <span class='ocrx_word' id='word_1_288' title='bbox 2321 3238 2422 3298; x_wconf 74' lang='lat' dir='ltr'><strong>Ge.</strong></span> 
     </span>
     <span class='ocr_line' id='line_1_32' title="bbox 340 3321 2426 3396; baseline 0.001 -4"><span class='ocrx_word' id='word_1_289' title='bbox 340 3332 589 3392; x_wconf 68' lang='lat' dir='ltr'><strong>Merula</strong></span> <span class='ocrx_word' id='word_1_290' title='bbox 629 3321 843 3393; x_wconf 64' lang='lat' dir='ltr'><strong>venet.</strong></span> <span class='ocrx_word' id='word_1_291' title='bbox 863 3345 924 3393; x_wconf 85' lang='lat' dir='ltr'><strong>et</strong></span> <span class='ocrx_word' id='word_1_292' title='bbox 963 3334 1210 3396; x_wconf 75' lang='lat' dir='ltr'><strong>Tarvisii</strong></span> <span class='ocrx_word' id='word_1_293' title='bbox 1252 3336 1422 3396; x_wconf 81' lang='lat'>1478.</span> <span class='ocrx_word' id='word_1_294' title='bbox 1475 3334 1575 3394; x_wconf 78' lang='lat' dir='ltr'><strong>Ge.</strong></span> <span class='ocrx_word' id='word_1_295' title='bbox 1627 3333 1800 3391; x_wconf 75' lang='lat' dir='ltr'><em>Valloe</em></span> <span class='ocrx_word' id='word_1_296' title='bbox 1840 3333 2045 3392; x_wconf 88' lang='lat' dir='ltr'><strong>Venet.</strong></span> <span class='ocrx_word' id='word_1_297' title='bbox 2082 3333 2254 3390; x_wconf 87' lang='lat'>1486.</span> <span class='ocrx_word' id='word_1_298' title='bbox 2275 3334 2426 3394; x_wconf 69' lang='lat' dir='ltr'><strong>Ant.</strong></span> 
     </span>
     <span class='ocr_line' id='line_1_33' title="bbox 338 3427 2424 3505; baseline 0.001 -18"><span class='ocrx_word' id='word_1_299' title='bbox 338 3427 684 3488; x_wconf 71' lang='lat' dir='ltr'><strong>Mancinelli</strong></span> <span class='ocrx_word' id='word_1_300' title='bbox 721 3428 932 3498; x_wconf 79' lang='lat' dir='ltr'><strong>Venet.</strong></span> <span class='ocrx_word' id='word_1_301' title='bbox 980 3431 1152 3491; x_wconf 90' lang='grc'><strong>1492.</strong></span> <span class='ocrx_word' id='word_1_302' title='bbox 1195 3430 1319 3491; x_wconf 79' lang='lat' dir='ltr'><strong>Iod.</strong></span> <span class='ocrx_word' id='word_1_303' title='bbox 1347 3431 1523 3489; x_wconf 77' lang='lat' dir='ltr'><strong>Badii</strong></span> <span class='ocrx_word' id='word_1_304' title='bbox 1545 3431 1803 3489; x_wconf 77' lang='lat' dir='ltr'><strong>Ascensii</strong></span> <span class='ocrx_word' id='word_1_305' title='bbox 1829 3429 2011 3505; x_wconf 88' lang='lat' dir='ltr'><strong>Lugd.</strong></span> <span class='ocrx_word' id='word_1_306' title='bbox 2048 3428 2220 3497; x_wconf 86' lang='grc'><strong>1498.</strong></span> <span class='ocrx_word' id='word_1_307' title='bbox 2249 3439 2308 3487; x_wconf 85' lang='lat' dir='ltr'><strong>et</strong></span> <span class='ocrx_word' id='word_1_308' title='bbox 2332 3429 2424 3502; x_wconf 73' lang='lat' dir='ltr'><strong>Jo.</strong></span> 
     </span>
     <span class='ocr_line' id='line_1_34' title="bbox 342 3523 2428 3610; baseline 0 -26"><span class='ocrx_word' id='word_1_309' title='bbox 342 3523 679 3584; x_wconf 75' lang='lat' dir='ltr'><strong>Britannici</strong></span> <span class='ocrx_word' id='word_1_310' title='bbox 702 3546 750 3584; x_wconf 88' lang='lat' dir='ltr'><strong>s.</strong></span> <span class='ocrx_word' id='word_1_311' title='bbox 780 3524 990 3603; x_wconf 85' lang='lat' dir='ltr'><strong>Angeli</strong></span> <span class='ocrx_word' id='word_1_312' title='bbox 1032 3526 1242 3586; x_wconf 89' lang='lat' dir='ltr'><strong>Venet.</strong></span> <span class='ocrx_word' id='word_1_313' title='bbox 1292 3527 1468 3587; x_wconf 84' lang='lat'>1499.</span> <span class='ocrx_word' id='word_1_314' title='bbox 1550 3525 1667 3610; x_wconf 69' lang='lat' dir='ltr'><strong>Qi</strong></span> <span class='ocrx_word' id='word_1_315' title='bbox 1707 3525 2118 3594; x_wconf 84' lang='lat' dir='ltr'><strong>commentarii,</strong></span> <span class='ocrx_word' id='word_1_316' title='bbox 2146 3525 2207 3580; x_wconf 89' lang='lat' dir='ltr'><strong>in</strong></span> <span class='ocrx_word' id='word_1_317' title='bbox 2230 3525 2428 3600; x_wconf 76' lang='lat' dir='ltr'><strong>primis</strong></span> 
     </span>
     <span class='ocr_line' id='line_1_35' title="bbox 346 3613 2428 3706; baseline 0 -27"><span class='ocrx_word' id='word_1_318' title='bbox 346 3618 691 3690; x_wconf 80' lang='lat' dir='ltr'><strong>Britannici,</strong></span> <span class='ocrx_word' id='word_1_319' title='bbox 716 3624 987 3699; x_wconf 84' lang='lat' dir='ltr'><strong>principis</strong></span> <span class='ocrx_word' id='word_1_320' title='bbox 1028 3624 1305 3691; x_wconf 84' lang='lat' dir='ltr'><strong>omnium,</strong></span> <span class='ocrx_word' id='word_1_321' title='bbox 1331 3623 1432 3700; x_wconf 85' lang='lat' dir='ltr'><strong>qui</strong></span> <span class='ocrx_word' id='word_1_322' title='bbox 1473 3621 1548 3679; x_wconf 82' lang='lat' dir='ltr'><strong>ad</strong></span> <span class='ocrx_word' id='word_1_323' title='bbox 1587 3613 1811 3697; x_wconf 77' lang='lat' dir='ltr'><strong>poetam</strong></span> <span class='ocrx_word' id='word_1_324' title='bbox 1854 3629 2109 3706; x_wconf 83' lang='lat' dir='ltr'><strong>nostrum</strong></span> <span class='ocrx_word' id='word_1_325' title='bbox 2153 3620 2428 3697; x_wconf 77' lang='lat' dir='ltr'><strong>interpre-</strong></span> 
     </span>
    </p>

    <p class='ocr_par' dir='ltr' id='par_1_4' title="bbox 272 3715 2427 3872">
     <span class='ocr_line' id='line_1_36' title="bbox 307 3715 2427 3796; baseline 0.001 -22"><span class='ocrx_word' id='word_1_326' title='bbox 307 3783 318 3795; x_wconf 37' lang='lat'><em>⁶</em></span> <span class='ocrx_word' id='word_1_327' title='bbox 344 3715 591 3774; x_wconf 78' lang='lat' dir='ltr'><strong>tandum</strong></span> <span class='ocrx_word' id='word_1_328' title='bbox 617 3717 932 3787; x_wconf 79' lang='lat' dir='ltr'><strong>adcessere,</strong></span> <span class='ocrx_word' id='word_1_329' title='bbox 960 3718 1168 3796; x_wconf 65' lang='lat' dir='ltr'><strong>saepius</strong></span> <span class='ocrx_word' id='word_1_330' title='bbox 1196 3718 1421 3787; x_wconf 78' lang='lat' dir='ltr'><strong>deinde,</strong></span> <span class='ocrx_word' id='word_1_331' title='bbox 1451 3717 1541 3775; x_wconf 86' lang='lat' dir='ltr'><strong>vel</strong></span> <span class='ocrx_word' id='word_1_332' title='bbox 1570 3734 1845 3785; x_wconf 85' lang='lat' dir='ltr'><strong>seorsum,</strong></span> <span class='ocrx_word' id='word_1_333' title='bbox 1859 3716 1950 3773; x_wconf 82' lang='lat' dir='ltr'><strong>vel</strong></span> <span class='ocrx_word' id='word_1_334' title='bbox 1967 3717 2244 3791; x_wconf 82' lang='lat' dir='ltr'><strong>junctim,</strong></span> <span class='ocrx_word' id='word_1_335' title='bbox 2269 3735 2427 3795; x_wconf 76' lang='lat' dir='ltr'><strong>repe-</strong></span> 
     </span>
     <span class='ocr_line' id='line_1_37' title="bbox 272 3813 632 3872; baseline -0.003 0"><span class='ocrx_word' id='word_1_336' title='bbox 272 3829 275 3830; x_wconf 71' lang='grc'>’</span> <span class='ocrx_word' id='word_1_337' title='bbox 356 3813 451 3872; x_wconf 81' lang='lat' dir='ltr'><strong>titi</strong></span> <span class='ocrx_word' id='word_1_338' title='bbox 475 3824 632 3872; x_wconf 82' lang='lat' dir='ltr'><strong>sunt.</strong></span> 
     </span>
    </p>

    <p class='ocr_par' dir='ltr' id='par_1_5' title="bbox 349 3906 2439 4373">
     <span class='ocr_line' id='line_1_38' title="bbox 435 3906 2436 3985; baseline 0.001 -19"><span class='ocrx_word' id='word_1_339' title='bbox 435 3906 615 3968; x_wconf 73' lang='lat' dir='ltr'><strong>Novae</strong></span> <span class='ocrx_word' id='word_1_340' title='bbox 641 3909 1013 3985; x_wconf 73' lang='lat' dir='ltr'><strong>melioresque</strong></span> <span class='ocrx_word' id='word_1_341' title='bbox 1036 3920 1236 3970; x_wconf 83' lang='lat' dir='ltr'><strong>textus</strong></span> <span class='ocrx_word' id='word_1_342' title='bbox 1252 3912 1610 3968; x_wconf 84' lang='lat' dir='ltr'><strong>recensiones</strong></span> <span class='ocrx_word' id='word_1_343' title='bbox 1628 3910 1774 3968; x_wconf 77' lang='lat' dir='ltr'><strong>Saec.</strong></span> <span class='ocrx_word' id='word_1_344' title='bbox 1800 3907 1964 3967; x_wconf 86' lang='lat' dir='ltr'><strong>XVI.</strong></span> <span class='ocrx_word' id='word_1_345' title='bbox 1982 3909 2282 3970; x_wconf 60' lang='lat' dir='ltr'><strong>adornata</strong></span> <span class='ocrx_word' id='word_1_346' title='bbox 2298 3921 2436 3982; x_wconf 80' lang='lat' dir='ltr'><strong>sunt</strong></span> 
     </span>
     <span class='ocr_line' id='line_1_39' title="bbox 349 4005 2436 4084; baseline 0 -18"><span class='ocrx_word' id='word_1_347' title='bbox 349 4006 429 4066; x_wconf 75' lang='lat' dir='ltr'><strong>ab</strong></span> <span class='ocrx_word' id='word_1_348' title='bbox 452 4005 619 4076; x_wconf 70' lang='lat' dir='ltr'><strong>Azao,</strong></span> <span class='ocrx_word' id='word_1_349' title='bbox 646 4006 852 4075; x_wconf 74' lang='lat' dir='ltr'><strong>Junta,</strong></span> <span class='ocrx_word' id='word_1_350' title='bbox 888 4006 1148 4076; x_wconf 77' lang='lat' dir='ltr'><strong>Colinoee,</strong></span> <span class='ocrx_word' id='word_1_351' title='bbox 1184 4006 1461 4084; x_wconf 75' lang='lat' dir='ltr'><strong>Gryphio,</strong></span> <span class='ocrx_word' id='word_1_352' title='bbox 1491 4007 1631 4066; x_wconf 79' lang='lat' dir='ltr'><strong>Rob.</strong></span> <span class='ocrx_word' id='word_1_353' title='bbox 1660 4006 1944 4084; x_wconf 72' lang='lat' dir='ltr'><strong>Stephano</strong></span> <span class='ocrx_word' id='word_1_354' title='bbox 1970 4007 2022 4066; x_wconf 88' lang='lat' dir='ltr'><strong>I.</strong></span> <span class='ocrx_word' id='word_1_355' title='bbox 2054 4006 2261 4065; x_wconf 69' lang='lat' dir='ltr'><strong>Theod.</strong></span> <span class='ocrx_word' id='word_1_356' title='bbox 2287 4007 2436 4066; x_wconf 74' lang='lat' dir='ltr'><strong>Pul-</strong></span> 
     </span>
     <span class='ocr_line' id='line_1_40' title="bbox 350 4103 2436 4182; baseline -0.001 -16"><span class='ocrx_word' id='word_1_357' title='bbox 350 4118 564 4166; x_wconf 69' lang='lat' dir='ltr'><strong>manno</strong></span> <span class='ocrx_word' id='word_1_358' title='bbox 587 4115 647 4163; x_wconf 82' lang='lat' dir='ltr'><strong>et</strong></span> <span class='ocrx_word' id='word_1_359' title='bbox 670 4105 746 4164; x_wconf 90' lang='lat' dir='ltr'><strong>P.</strong></span> <span class='ocrx_word' id='word_1_360' title='bbox 773 4104 1018 4173; x_wconf 70' lang='lat' dir='ltr'><strong>Pitkoeo,</strong></span> <span class='ocrx_word' id='word_1_361' title='bbox 1044 4107 1146 4182; x_wconf 85' lang='lat' dir='ltr'><strong>qui</strong></span> <span class='ocrx_word' id='word_1_362' title='bbox 1170 4106 1345 4164; x_wconf 82' lang='lat' dir='ltr'><strong>etiam</strong></span> <span class='ocrx_word' id='word_1_363' title='bbox 1373 4105 1447 4164; x_wconf 88' lang='lat' dir='ltr'><strong>de</strong></span> <span class='ocrx_word' id='word_1_364' title='bbox 1471 4105 1733 4181; x_wconf 84' lang='lat' dir='ltr'><strong>Virgilio,</strong></span> <span class='ocrx_word' id='word_1_365' title='bbox 1752 4103 2014 4175; x_wconf 82' lang='lat' dir='ltr'><strong>Horatio,</strong></span> <span class='ocrx_word' id='word_1_366' title='bbox 2037 4105 2278 4180; x_wconf 68' lang='lat' dir='ltr'><strong>diisque</strong></span> <span class='ocrx_word' id='word_1_367' title='bbox 2298 4106 2436 4164; x_wconf 77' lang='lat' dir='ltr'><strong>scri-</strong></span> 
     </span>
     <span class='ocr_line' id='line_1_41' title="bbox 351 4199 2438 4278; baseline -0.003 -16"><span class='ocrx_word' id='word_1_368' title='bbox 351 4201 617 4277; x_wconf 69' lang='lat' dir='ltr'><strong>ptoribus</strong></span> <span class='ocrx_word' id='word_1_369' title='bbox 643 4199 808 4259; x_wconf 78' lang='lat' dir='ltr'><strong>Rom.</strong></span> <span class='ocrx_word' id='word_1_370' title='bbox 835 4202 983 4262; x_wconf 82' lang='lat' dir='ltr'><strong>bene</strong></span> <span class='ocrx_word' id='word_1_371' title='bbox 1008 4202 1192 4260; x_wconf 83' lang='lat' dir='ltr'><strong>meriti</strong></span> <span class='ocrx_word' id='word_1_372' title='bbox 1219 4211 1357 4260; x_wconf 85' lang='lat' dir='ltr'><strong>sunt</strong></span> <span class='ocrx_word' id='word_1_373' title='bbox 1396 4219 1614 4271; x_wconf 70' lang='lat' dir='ltr'><strong>omnes,</strong></span> <span class='ocrx_word' id='word_1_374' title='bbox 1640 4210 1844 4278; x_wconf 77' lang='lat' dir='ltr'><strong>praeter</strong></span> <span class='ocrx_word' id='word_1_375' title='bbox 1885 4199 2195 4268; x_wconf 70' lang='lat' dir='ltr'><strong>pitheem,</strong></span> <span class='ocrx_word' id='word_1_376' title='bbox 2223 4201 2324 4258; x_wconf 51' lang='lat' dir='ltr'><strong>cui¹</strong></span> <span class='ocrx_word' id='word_1_377' title='bbox 2346 4208 2438 4269; x_wconf 70' lang='lat' dir='ltr'><strong>ts·</strong></span> 
     </span>
     <span class='ocr_line' id='line_1_42' title="bbox 355 4278 2439 4373; baseline -0.003 -17"><span class='ocrx_word' id='word_1_378' title='bbox 355 4315 489 4356; x_wconf 83' lang='lat' dir='ltr'><strong>men</strong></span> <span class='ocrx_word' id='word_1_379' title='bbox 517 4297 821 4373; x_wconf 81' lang='lat' dir='ltr'><strong>plurimum</strong></span> <span class='ocrx_word' id='word_1_380' title='bbox 848 4297 1056 4360; x_wconf 77' lang='lat' dir='ltr'><strong>debent</strong></span> <span class='ocrx_word' id='word_1_381' title='bbox 1081 4296 1403 4366; x_wconf 66' lang='lat' dir='ltr'><strong>luvenalis,</strong></span> <span class='ocrx_word' id='word_1_382' title='bbox 1433 4278 1664 4355; x_wconf 66' lang='lat' dir='ltr'><strong>Pei-sius</strong></span> <span class='ocrx_word' id='word_1_383' title='bbox 1690 4307 1750 4354; x_wconf 84' lang='lat' dir='ltr'><strong>et</strong></span> <span class='ocrx_word' id='word_1_384' title='bbox 1777 4296 2052 4371; x_wconf 83' lang='lat' dir='ltr'><strong>Sulpicia.</strong></span> <span class='ocrx_word' id='word_1_385' title='bbox 2120 4293 2190 4351; x_wconf 93' lang='lat' dir='ltr'><strong>In</strong></span> <span class='ocrx_word' id='word_1_386' title='bbox 2214 4291 2439 4350; x_wconf 74' lang='lat' dir='ltr'><strong>Aldim&#39;s</strong></span> 
     </span>
    </p>
   </div>
  </div>
 </body>
</html>
