2978 4920
583 270 712 334 134·

1286 237 1954 325 JUVENALIS

666 441 1025 503 Haeremus.
1072 434 1176 497 dic
1199 433 1353 519 ipsa.
1445 431 1615 513 Olim
1644 441 2045 515 convenerat,
2075 429 2309 517 inquit,

670 541 766 605 Ut
794 539 1032 602 faceres
1061 548 1159 612 tu,
1184 533 1359 620 quod
1389 531 1603 608 velles,
1633 554 1747 595 nec
1779 553 1904 595 non
1926 554 2046 617 ego
2073 553 2321 617 possem

669 639 1016 723 Indulgere
1039 634 1229 700 mihi:
1278 633 1509 698 clames
1538 632 1709 709 licet,
1741 643 1805 695 et
1835 653 2007 695 mare
2036 632 2196 709 coelo

611 794 622 811 ,
674 737 1070 814 confundas,
1099 736 1289 799 homo
1318 756 1476 798 sum.
1568 732 1749 796 Nihil
1777 744 1872 796 est
1902 732 2207 796 audacius
2235 733 2358 797 illis

673 838 1016 927 Deprensis
1041 864 1054 902 :
1102 840 1260 902 iram
1290 848 1486 920 atque
1515 833 1756 901 animos
1784 857 1824 897 a
1851 833 2109 898 crimine
2141 847 2419 899 sumunt.

2542 838 2667 901 285

762 940 954 1006 Unde
982 940 1119 1005 haec
1146 950 1427 1002 monstra
1455 947 1688 1012 tamen,
1718 935 1822 998 vel
1849 958 1981 1021 quo
2010 935 2091 999 de
2117 936 2295 1019 fonte
2322 936 2637 1023 requiris?

677 1043 1031 1109 Praestabat
1061 1051 1262 1104 castas
1290 1037 1551 1102 humilis
1571 1036 1832 1100 fortuna
1863 1035 2126 1100 Latinas

679 1144 1041 1223 Quondam,
1071 1165 1185 1206 nec
1216 1140 1389 1205 vitiis
1410 1138 1692 1223 contingi
1722 1160 1921 1223 parva
1949 1138 2237 1204 sinebant

677 1244 882 1308 Tecta
908 1242 1110 1320 labor,
1140 1240 1471 1325 somnique
1499 1239 1746 1315 breveS,
1778 1250 1840 1302 et
1871 1238 2104 1302 vellere
2136 1239 2354 1305 Tusco

680 1347 952 1413 Vexatae
971 1343 1279 1428 duraeque
1310 1363 1559 1418 manuS,
1591 1362 1664 1402 ac
1693 1339 2024 1425 proximus
2053 1339 2221 1405 Urbi

2556 1342 2674 1408 290

680 1442 1026 1520 Hannibal,
1050 1455 1113 1507 et
1136 1453 1373 1506 stantes
1406 1439 1655 1504 Collina
1683 1451 1861 1504 turre
1890 1440 2119 1505 mariti.

681 1546 744 1608 N
747 1567 870 1609 unc
900 1543 1180 1629 patimur
1208 1541 1416 1626 longae
1442 1540 1618 1626 pacis
1647 1539 1828 1602 mala.
1877 1540 2099 1603 saevior
2128 1541 2316 1607 armis

621 1700 628 1705 .
682 1645 977 1709 Luxuria
1003 1643 1318 1720 incubuit,
1348 1642 1718 1726 victumque
1748 1641 2073 1706 ulciscitur
2095 1643 2332 1706 orbem.

596 1851 814 1904 possunt,
837 1850 885 1888 et
908 1843 1067 1897 satirae
1096 1840 1126 1888 J
1134 1840 1347 1887 uvenalis
1379 1840 1597 1889 nondum

1727 1838 1997 1887 286-300.
2042 1839 2170 1885 Hoee
2213 1840 2441 1885 vitiorum
2479 1839 2679 1898 flagitio·

598 1910 789 1967 seriptae
809 1915 966 1962 erant,
986 1914 1113 1951 certe
1137 1919 1231 1951 non
1255 1905 1420 1961 editoe,
1445 1915 1597 1961 quum
1664 1917 1871 1961 rumque
1926 1904 2236 1950 muliebrium
2282 1907 2486 1949 monstra
2543 1905 2675 1954 luxu,

596 1970 1176 2023 scriberetQuintilianus.
1212 1970 1288 2015 cf.
1302 1969 1384 2014 inf.
1403 1969 1463 2013 ad
1482 1966 1601 2012 vll.
1666 1968 1916 2026 opulentia
1958 1974 2007 2012 et
2049 1968 2148 2012 otio
2204 1968 2503 2027 gignuntur3
2555 1969 2679 2013 unde

603 2034 710 2082 186.
744 2048 843 2093 seq.
894 2037 969 2080 De
995 2047 1108 2077 voce
1140 2033 1262 2079 sodes
1294 2048 1341 2079 v.
1377 2031 1604 2077 Schelleri
1668 2032 1837 2092 priscis
1862 2031 2108 2083 Romanis,
2126 2040 2255 2077 caste
2277 2032 2600 2090 aeft-ugaliter
2613 2031 2680 2076 vi-

601 2100 768 2146 Lexic.
776 2099 982 2152 colorem,
994 2095 1152 2161 χρίων.
1166 2097 1370 2156 speciem
1384 2097 1609 2141 honesta·

604 2164 683 2215 tis,
729 2168 1038 2222 praetextum,
1061 2162 1460 2215 excusationem,
1505 2172 1610 2218 spe-

602 2227 732 2279 ciosa
764 2240 820 2271 ac
852 2227 1099 2285 splendida
1130 2228 1291 2281 verba,
1316 2240 1425 2284 quoe
1452 2225 1611 2282 culpae

604 2292 718 2336 huic
730 2292 1026 2350 praetendere
1039 2291 1204 2349 possis.
1223 2289 1400 2339 Forma
1413 2290 1611 2346 loquen-

604 2355 653 2401 di
676 2356 822 2401 ducta
843 2368 872 2399 a
892 2355 1110 2413 picturis,
1130 2356 1303 2414 quibus
1325 2355 1504 2398 colores
1536 2352 1611 2395 in-

606 2421 864 2466 ducuntur.
931 2420 1064 2468 Hinc
1096 2416 1316 2472 Quintil.
1330 2416 1427 2465 111.
1461 2416 1510 2464 8.
1561 2414 1610 2462 3.

604 2484 728 2549 (10.)
750 2486 893 2536 dixit
899 2486 1089 2530 colorem
1111 2485 1221 2530 dare
1242 2483 1372 2530 rebus
1392 2482 1613 2544 deformi-

605 2553 706 2606 lmo,
720 2557 772 2594 ut
793 2563 897 2604 nos,
913 2548 993 2593 der
1008 2547 1155 2594 Sat-he
1175 2560 1214 2593 c
1220 2563 1277 2593 nc
1293 2548 1475 2604 Farbe,
1481 2550 1615 2606 einen

605 2614 831 2660 Amtrich
851 2613 1009 2673 geben.
1033 2613 1109 2658 Cf.
1132 2614 1220 2659 inf.
1237 2615 1298 2659 ad
1315 2612 1433 2658 Vll.
1460 2611 1570 2657 155.

627 2714 638 2721 .
671 2677 784 2726 281.
806 2679 1074 2736 Respondet
1093 2678 1444 2728 Quintilianus:
1467 2676 1615 2721 hoere·

607 2757 732 2800 mus,
770 2742 951 2798 haereo,
983 2742 1160 2786 dubius
1192 2756 1247 2787 ac
1278 2743 1484 2793 nescius,
1519 2753 1618 2799 qua

608 2810 788 2852 ratione
824 2820 924 2851 rem
960 2812 1063 2850 tam
1094 2807 1402 2851 manifestam
1435 2806 1616 2863 possim

608 2871 898 2927 defendere,
923 2868 1018 2930 (vel
1039 2868 1264 2914 haeremus
1276 2882 1341 2914 sc.
1354 2877 1442 2929 ego
1459 2876 1616 2926 poeta,

611 2943 656 2980 et
684 2928 1039 2991 Quintilianus)
1067 2933 1229 2991 itaque
1241 2932 1317 2978 dic
1340 2934 1459 2992 ipsa,
1480 2945 1616 2977 uxor.
1620 2963 1623 2968 -

613 2998 740 3044 Olim
757 2995 1216 3042 convenerat—homo
1228 3011 1328 3042 mm
1346 3011 1373 3041 v
1378 2998 1489 3041 erba
1502 3010 1618 3042 uxo-

611 3063 678 3106 tis
698 3067 954 3119 protervae,
977 3060 1211 3105 adulteria
1226 3073 1314 3106 sua
1330 3068 1499 3119 argute
1523 3073 1616 3105 non

611 3126 795 3174 minus.
847 3137 996 3182 quam
1050 3124 1276 3169 audacter
1328 3125 1618 3170 excusantis.

612 3189 723 3237 283.
756 3187 1026 3245 Indulgere,
1057 3189 1334 3240 concedere,
1367 3187 1485 3233 mihi
1516 3189 1617 3233 scil.

611 3253 742 3314 quod
781 3252 972 3304 vellem,
1003 3252 1081 3298 vel
1113 3250 1370 3309 indulgere,
1402 3251 1621 3311 obsequi,

610 3317 915 3372 mihi‚animo
927 3324 975 3362 et
989 3314 1331 3375 cupiditatibus
1345 3317 1481 3361 meis.
1494 3330 1621 3363 mare

610 3380 999 3441 coeloconsundas,
1021 3395 1067 3423 v.
1085 3392 1191 3438 sup.
1205 3381 1265 3426 ad
1285 3381 1352 3426 11.
1376 3379 1453 3426 25.
1484 3381 1618 3426 homo

610 3460 733 3503 sum,
772 3445 854 3504 qui
893 3446 1134 3490 erroribus
1172 3445 1407 3491 obnoxius
1445 3452 1535 3497 est,
1568 3453 1618 3490 et

611 3512 834 3569 mulier,
838 3524 960 3569 quae
1005 3523 1064 3555 ex
1109 3509 1437 3555 imbecillitate
1474 3522 1618 3555 sexus

515 3629 519 3634 μ
611 3582 792 3632 peccat,
812 3576 1025 3632 adeoque
1040 3574 1186 3632 digna
1207 3586 1337 3631 sum,
1356 3569 1497 3634 cujus
1510 3587 1618 3632 pec-

613 3638 753 3695 eatis,
768 3653 827 3684 ex
849 3638 1127 3688 infirmitate
1142 3638 1356 3683 humana
1363 3638 1618 3696 profectis,

614 3703 805 3747 veniam
829 3702 930 3748 des.
963 3701 1037 3746 cf.
1070 3701 1264 3748 Terent.
1297 3703 1477 3749 Heaut.
1514 3703 1617 3749 1.1.

614 3763 695 3811 25.
716 3773 765 3810 et
787 3766 943 3810 Plaut.
962 3766 1108 3811 Mere-
1127 3765 1192 3810 ll.
1217 3765 1261 3811 2.
1281 3767 1362 3813 46.
1368 3779 1478 3841 seq.

665 3827 789 3884 284.
827 3829 872 3873 5.
906 3830 1091 3874 Acen-be
1134 3837 1330 3875 notatur
1366 3831 1615 3888 ingenium

612 3894 929 3952 quarumdam
953 3893 1234 3948 mulierum,
1245 3906 1356 3952 quae
1373 3893 1618 3950 deprehen·

611 3971 673 4003 ια
693 3959 743 4001 in
765 3958 961 4008 erimine
982 3968 1075 4000 non
1099 3956 1260 4001 animo
1280 3960 1622 4015 perturbantur

612 4035 670 4066 ac
692 4028 868 4077 mente
887 4019 1163 4072 concidunt,
1187 4021 1271 4065 sed
1304 4022 1426 4065 iram
1457 4021 1617 4079 potius

611 4087 725 4132 inde
736 4083 1014 4142 concipiunt
1030 4087 1164 4142 alque
1178 4085 1616 4140 animor,animum‚
1638 4127 1641 4136 ,

611 4151 661 4207 h.
696 4163 739 4195 e.
771 4149 1022 4204 audaciam
1057 4149 1455 4205 superbiamque·
1492 4152 1622 4208 quod

612 4227 821 4259 summae
844 4219 917 4258 est
938 4212 1263 4271 protervitatis
1296 4212 1616 4277 inprobitatis-

613 4291 707 4337 que
722 4277 939 4358 perditae.

1673 2097 1915 2152 ventibus,
1927 2097 2091 2154 ignota
2107 2104 2255 2140 erant.
2269 2096 2505 2141 Praeclara
2519 2104 2679 2141 autem

1672 2161 1721 2205 h.
1742 2162 1778 2205 l.
1803 2167 1875 2205 est
1890 2168 2104 2204 veterum
2126 2162 2551 2219 recentiorumque
2563 2167 2683 2206 tem·

1674 2237 1846 2284 porum
1871 2238 2158 2283 morumque
2183 2225 2441 2281 descriptio
2471 2233 2523 2269 et
2554 2237 2684 2269 com-
2770 2216 2775 2219 ⁵

1677 2289 1875 2348 paratio.
1922 2288 2061 2334 Conf.
2097 2289 2186 2335 inf.
2219 2290 2277 2334 ad
2312 2287 2409 2332 XI.
2442 2288 2680 2335 77—180.

1676 2353 1897 2399 Monstra
1913 2360 1969 2397 ut
1984 2353 2202 2413 prodigia
2217 2366 2323 2412 sup.
2337 2366 2380 2396 v.
2394 2352 2472 2399 84.
2487 2353 2565 2398 Cf.
2580 2366 2680 2410 sup.

1676 2420 1737 2466 ad
1762 2415 1830 2463 11.
1856 2416 1965 2465 122.
2004 2431 2092 2477 quo
2121 2417 2176 2463 cle
2190 2416 2328 2479 fonte
2351 2418 2681 2477 profluxerint,

1677 2484 1896 2542 requiris,
1921 2496 2108 2541 quaeras
2128 2483 2307 2536 forsan,
2327 2483 2574 2529 Postume.

1743 2547 1856 2594 287.
1877 2560 1978 2606 seq.
2000 2548 2076 2592 Cf.
2090 2560 2194 2604 sup.
2220 2561 2266 2592 v.
2284 2546 2463 2593 5-24.
2478 2549 2685 2605 Pauper·

1681 2617 1754 2656 tas
1775 2612 1969 2668 laboris,
1990 2612 2224 2657 castitatis
2255 2612 2559 2672 aliarumque
2591 2612 2685 2656 vir-

1681 2682 1841 2722 tutum
1898 2682 2072 2730 mater,
2129 2676 2362 2732 magistra
2406 2688 2464 2720 ac
2509 2682 2685 2721 custos.

1683 2740 1822 2786 Conf.
1843 2740 2015 2785 Horat.
2039 2740 2129 2785 od.
2147 2738 2186 2783 1.
2215 2738 2289 2784 12.
2308 2738 2387 2785 41.
2405 2752 2506 2800 seq.
2533 2739 2620 2784 111.
2638 2740 2683 2786 2.

1685 2804 1728 2849 1.
1752 2817 1852 2862 seq.
1872 2810 1920 2849 et
1939 2805 1983 2850 6.
2007 2802 2213 2850 17-48.
2244 2803 2387 2850 Ovid.
2408 2804 2552 2850 Rem.
2573 2806 2685 2849 Am.

1683 2883 1731 2913 v.
1764 2866 2033 2915 135—168.
2064 2874 2115 2913 et
2149 2865 2258 2914 745.
2289 2880 2421 2927 seqq.
2465 2870 2685 2929 contingi,

1681 2934 2018 2985 contaminari,
2033 2932 2200 2991 pollui.
2240 2931 2350 2977 289.
2374 2932 2513 2978 Tecta
2523 2946 2686 2992 parva,

1683 3009 1803 3041 caste
1832 2998 2042 3043 humiles
2062 2998 2284 3056 aedesque
2307 2997 2553 3052 lateritiae,
2581 2997 2626 3042 h.
2646 3010 2685 3041 e.

1681 3059 1904 3106 homines
1925 3063 1975 3106 in
2000 3062 2058 3106 iis
2078 3062 2368 3118 habitantes,
2388 3061 2614 3106 laboriosi
2641 3068 2689 3106 et

1683 3124 1912 3182 frugales.
1933 3126 2109 3179 vellere,
2144 3127 2272 3183 lana,
2303 3127 2352 3171 h.
2386 3138 2434 3170 e.
2465 3126 2688 3181 lanificio,

1681 3193 1881 3246 νηπίω,
1913 3191 2147 3250 fatigatae,
2170 3195 2221 3235 et
2252 3190 2403 3243 κίειν-ω,
2433 3189 2695 3236 induratae.

1686 3252 1850 3308 Tusco,
1872 3260 1929 3298 ut
1954 3255 2098 3315 paulo
2131 3261 2244 3299 ante
2274 3254 2509 3304 Latinas,-
2543 3261 2691 3313 utque

1685 3317 1880 3363 Latium
1904 3326 1954 3363 et
1970 3318 2165 3363 Etruria
2186 3332 2275 3378 pro
2297 3327 2398 3365 tota
2417 3318 2562 3364 ltalia
2581 3319 2692 3377 poni

1685 3389 1914 3440 possunt=
1952 3395 2046 3426 non
2071 3383 2273 3428 memini
2294 3392 2423 3429 certe
2441 3384 2604 3428 lanam
2622 3384 2690 3428 la-

1682 3446 1995 3503 nificiumqne
2009 3446 2269 3491 Etruscum
2284 3450 2347 3494 ab
2366 3448 2475 3493 aliis
2490 3447 2687 3492 laudari.

1683 3509 1796 3556 290.
1835 3509 1880 3556 1.
1901 3509 2067 3555 Metus
2087 3510 2262 3556 hostilis
2294 3512 2346 3557 in
2366 3512 2494 3557 ὁοηὸε
2516 3511 2691 3556 artibus

1685 3576 1921 3620 civitatem
1933 3574 2171 3633 retinebat,
2193 3575 2387 3623 Sallust.
2403 3575 2465 3623 B.
2477 3577 2593 3634 Jug.
2609 3573 2690 3621 41.

1685 3636 1806 3698 (45.)
1837 3640 1926 3684 Pro
1946 3638 2317 3701 bellometuque
2338 3640 2504 3686 hostili
2524 3640 2689 3698 exqui-

1684 3702 1773 3748 site
1795 3703 1971 3748 dicitur
1985 3704 2229 3762 proximus
2250 3703 2357 3749 urbi
2372 3703 2690 3750 Hs-mar-m.

1684 3766 1782 3811 Res
1804 3768 1907 3825 ipsa
1932 3774 2045 3812 nota
2063 3767 2139 3812 vel
2161 3781 2223 3813 ex
2255 3768 2365 3813 Liv.
2389 3767 2587 3814 XXVl.
2613 3766 2691 3814 10.
2772 3765 2777 3770 ’

1687 3831 1869 3878 Collina
1902 3832 1953 3875 ὺι
1977 3836 2126 3887 turre,
2151 3834 2212 3878 ad
2243 3839 2426 3891 portam
2452 3832 2690 3879 Collinam
2706 3890 2719 3894 -

1685 3896 1899 3941 turribus
1914 3897 2177 3951 munitam,
2199 3898 2275 3941 vel
2298 3897 2348 3941 in
2371 3898 2562 3955 castris,
2582 3909 2691 3957 quae

1685 3960 1746 4003 ad
1769 3967 1956 4017 portam
1983 3960 2218 4005 Collinam
2243 3961 2399 4019 posita
2428 3969 2569 4030 erant
2590 3968 2692 4005 tur-

1681 4023 1907 4083 ribusque
1925 4024 2127 4068 munita:

1748 4086 1856 4133 292.
1874 4088 2157 4147 longa-paca
2168 4088 2325 4144 ‚3mala
2348 4103 2464 4135 nam
2482 4089 2689 4134 nimium

1685 4152 1838 4197 otium
1862 4151 2018 4210 gignit
2050 4149 2311 4208 luxuriam,
2335 4160 2384 4199 et
2404 4154 2515 4200 hoec
2536 4154 2692 4198 multa

1688 4216 1831 4261 mala.
1865 4216 1938 4260 Cf.
1964 4228 2069 4274 sup·
2094 4219 2156 4262 ad
2178 4216 2217 4262 1.
2240 4187 2323 4265 8⁹7'.

1751 4278 1862 4326 293.
1884 4279 2105 4326 Luxuria
2126 4295 2238 4328 cum
2263 4283 2428 4343 malis,
2448 4297 2555 4343 quoe
2576 4280 2693 4327 inde
