<?xml version="1.0" encoding="UTF-8"?>
<!DOCTYPE html PUBLIC "-//W3C//DTD XHTML 1.0 Transitional//EN"
    "http://www.w3.org/TR/xhtml1/DTD/xhtml1-transitional.dtd">
<html xmlns="http://www.w3.org/1999/xhtml" xml:lang="en" lang="en">
 <head>
  <title>
</title>
<meta http-equiv="Content-Type" content="text/html;charset=utf-8" />
  <meta name='ocr-system' content='tesseract 3.04.00' />
  <meta name='ocr-capabilities' content='ocr_page ocr_carea ocr_par ocr_line ocrx_word'/>
</head>
<body>
  <div class='ocr_page' id='page_1' title='image "./satiraexviadopt00juvegoog/satiraexviadopt00juvegoog_0420.png"; bbox 0 0 2978 4920; ppageno 0'>
   <div class='ocr_carea' id='block_1_1' title="bbox 960 305 1660 380">
    <p class='ocr_par' dir='ltr' id='par_1_1' title="bbox 960 305 1660 380">
     <span class='ocr_line' id='line_1_1' title="bbox 960 305 1660 380; baseline 0.006 -8"><span class='ocrx_word' id='word_1_1' title='bbox 960 305 1409 380; x_wconf 81' lang='lat' dir='ltr'><strong>SATIRA</strong></span> <span class='ocrx_word' id='word_1_2' title='bbox 1470 307 1660 378; x_wconf 81' lang='lat' dir='ltr'>XIV.</span> 
     </span>
    </p>
   </div>
   <div class='ocr_carea' id='block_1_2' title="bbox 2224 307 2367 372">
    <p class='ocr_par' dir='ltr' id='par_1_2' title="bbox 2224 307 2367 372">
     <span class='ocr_line' id='line_1_2' title="bbox 2224 307 2367 372; baseline 0 -36"><span class='ocrx_word' id='word_1_3' title='bbox 2224 307 2367 372; x_wconf 59' lang='lat'><strong>337.</strong></span> 
     </span>
    </p>
   </div>
   <div class='ocr_carea' id='block_1_3' title="bbox 350 491 2290 686">
    <p class='ocr_par' dir='ltr' id='par_1_3' title="bbox 350 491 2290 686">
     <span class='ocr_line' id='line_1_3' title="bbox 352 491 1875 582; baseline -0.003 -23"><span class='ocrx_word' id='word_1_4' title='bbox 352 494 776 582; x_wconf 82' lang='lat' dir='ltr'><strong>Adquirenda</strong></span> <span class='ocrx_word' id='word_1_5' title='bbox 803 504 1014 581; x_wconf 57' lang='lat' dir='ltr'><strong>putas,</strong></span> <span class='ocrx_word' id='word_1_6' title='bbox 1044 491 1296 566; x_wconf 83' lang='lat' dir='ltr'><strong>brevior</strong></span> <span class='ocrx_word' id='word_1_7' title='bbox 1324 494 1429 558; x_wconf 84' lang='lat' dir='ltr'><strong>via</strong></span> <span class='ocrx_word' id='word_1_8' title='bbox 1456 492 1737 558; x_wconf 83' lang='lat' dir='ltr'><strong>conferet</strong></span> <span class='ocrx_word' id='word_1_9' title='bbox 1766 492 1875 557; x_wconf 79' lang='lat' dir='ltr'><strong>illi.</strong></span> 
     </span>
     <span class='ocr_line' id='line_1_4' title="bbox 350 592 2290 686; baseline -0.002 -28"><span class='ocrx_word' id='word_1_10' title='bbox 350 596 589 660; x_wconf 85' lang='lat' dir='ltr'><strong>Nullus</strong></span> <span class='ocrx_word' id='word_1_11' title='bbox 617 595 786 661; x_wconf 90' lang='lat' dir='ltr'><strong>enim</strong></span> <span class='ocrx_word' id='word_1_12' title='bbox 812 593 1026 680; x_wconf 84' lang='lat' dir='ltr'><strong>magni</strong></span> <span class='ocrx_word' id='word_1_13' title='bbox 1056 592 1304 658; x_wconf 86' lang='lat' dir='ltr'><strong>sceleris</strong></span> <span class='ocrx_word' id='word_1_14' title='bbox 1330 592 1530 659; x_wconf 81' lang='lat' dir='ltr'><strong>labor.</strong></span> <span class='ocrx_word' id='word_1_15' title='bbox 1622 594 1785 659; x_wconf 81' lang='lat' dir='ltr'><strong>Haec</strong></span> <span class='ocrx_word' id='word_1_16' title='bbox 1812 615 1935 680; x_wconf 85' lang='lat' dir='ltr'><strong>ego</strong></span> <span class='ocrx_word' id='word_1_17' title='bbox 1962 612 2290 686; x_wconf 83' lang='lat' dir='ltr'><strong>nunquam</strong></span> 
     </span>
    </p>
   </div>
   <div class='ocr_carea' id='block_1_4' title="bbox 354 696 1642 776">
    <p class='ocr_par' dir='ltr' id='par_1_4' title="bbox 354 696 1642 776">
     <span class='ocr_line' id='line_1_5' title="bbox 354 696 1642 776; baseline -0.002 -13"><span class='ocrx_word' id='word_1_18' title='bbox 354 698 688 776; x_wconf 82' lang='lat' dir='ltr'><strong>Mandavi‚</strong></span> <span class='ocrx_word' id='word_1_19' title='bbox 718 698 889 763; x_wconf 85' lang='lat' dir='ltr'><strong>dices</strong></span> <span class='ocrx_word' id='word_1_20' title='bbox 915 696 1092 776; x_wconf 89' lang='lat' dir='ltr'><strong>olim,</strong></span> <span class='ocrx_word' id='word_1_21' title='bbox 1121 720 1237 761; x_wconf 90' lang='lat' dir='ltr'><strong>nec</strong></span> <span class='ocrx_word' id='word_1_22' title='bbox 1267 696 1421 763; x_wconf 79' lang='lat' dir='ltr'><strong>talia</strong></span> <span class='ocrx_word' id='word_1_23' title='bbox 1452 696 1642 762; x_wconf 77' lang='lat' dir='ltr'><strong>suasi.</strong></span> 
     </span>
    </p>
   </div>
   <div class='ocr_carea' id='block_1_5' title="bbox 2230 695 2355 758">
    <p class='ocr_par' dir='ltr' id='par_1_5' title="bbox 2230 695 2355 758">
     <span class='ocr_line' id='line_1_6' title="bbox 2230 695 2355 758; baseline 0 0"><span class='ocrx_word' id='word_1_24' title='bbox 2230 695 2355 758; x_wconf 83' lang='grc'><strong>225</strong></span> 
     </span>
    </p>
   </div>
   <div class='ocr_carea' id='block_1_6' title="bbox 354 797 2055 1189">
    <p class='ocr_par' dir='ltr' id='par_1_6' title="bbox 356 797 2055 1087">
     <span class='ocr_line' id='line_1_7' title="bbox 358 797 2055 885; baseline -0.001 -23"><span class='ocrx_word' id='word_1_25' title='bbox 358 799 601 864; x_wconf 86' lang='lat' dir='ltr'><strong>Mentis</strong></span> <span class='ocrx_word' id='word_1_26' title='bbox 629 823 820 864; x_wconf 83' lang='lat' dir='ltr'><strong>causa</strong></span> <span class='ocrx_word' id='word_1_27' title='bbox 846 797 1030 863; x_wconf 85' lang='lat' dir='ltr'><strong>malae</strong></span> <span class='ocrx_word' id='word_1_28' title='bbox 1060 810 1272 874; x_wconf 80' lang='lat' dir='ltr'><strong>tamen</strong></span> <span class='ocrx_word' id='word_1_29' title='bbox 1301 810 1421 876; x_wconf 82' lang='lat' dir='ltr'><strong>est,</strong></span> <span class='ocrx_word' id='word_1_30' title='bbox 1451 810 1516 863; x_wconf 90' lang='lat' dir='ltr'><strong>et</strong></span> <span class='ocrx_word' id='word_1_31' title='bbox 1546 797 1727 884; x_wconf 86' lang='lat' dir='ltr'><strong>origo</strong></span> <span class='ocrx_word' id='word_1_32' title='bbox 1754 820 1944 885; x_wconf 84' lang='lat' dir='ltr'><strong>penes</strong></span> <span class='ocrx_word' id='word_1_33' title='bbox 1973 808 2055 863; x_wconf 89' lang='lat' dir='ltr'><strong>te.</strong></span> 
     </span>
     <span class='ocr_line' id='line_1_8' title="bbox 356 889 2007 988; baseline -0.001 -24"><span class='ocrx_word' id='word_1_34' title='bbox 356 900 522 964; x_wconf 85' lang='lat' dir='ltr'><strong>Nam</strong></span> <span class='ocrx_word' id='word_1_35' title='bbox 554 900 847 988; x_wconf 86' lang='lat' dir='ltr'><strong>quisquis</strong></span> <span class='ocrx_word' id='word_1_36' title='bbox 875 898 1090 986; x_wconf 75' lang='lat' dir='ltr'><strong>magni</strong></span> <span class='ocrx_word' id='word_1_37' title='bbox 1116 889 1344 964; x_wconf 86' lang='lat' dir='ltr'><strong>census</strong></span> <span class='ocrx_word' id='word_1_38' title='bbox 1372 898 1679 985; x_wconf 85' lang='lat' dir='ltr'><strong>praecepit</strong></span> <span class='ocrx_word' id='word_1_39' title='bbox 1708 921 2007 977; x_wconf 82' lang='lat' dir='ltr'><strong>amorem,</strong></span> 
     </span>
     <span class='ocr_line' id='line_1_9' title="bbox 358 998 1781 1087; baseline 0 -23"><span class='ocrx_word' id='word_1_40' title='bbox 358 1002 451 1065; x_wconf 87' lang='lat' dir='ltr'><strong>Et</strong></span> <span class='ocrx_word' id='word_1_41' title='bbox 479 1000 641 1066; x_wconf 83' lang='lat' dir='ltr'><strong>laevo</strong></span> <span class='ocrx_word' id='word_1_42' title='bbox 666 1001 916 1066; x_wconf 89' lang='lat' dir='ltr'><strong>monitu</strong></span> <span class='ocrx_word' id='word_1_43' title='bbox 945 1022 1178 1087; x_wconf 86' lang='lat' dir='ltr'><strong>pueros</strong></span> <span class='ocrx_word' id='word_1_44' title='bbox 1206 998 1504 1087; x_wconf 81' lang='lat' dir='ltr'>producit</span> <span class='ocrx_word' id='word_1_45' title='bbox 1535 1021 1781 1079; x_wconf 61' lang='grc' dir='ltr'><strong>παι-οε,</strong></span> 
     </span>
    </p>

    <p class='ocr_par' dir='ltr' id='par_1_7' title="bbox 354 1099 1956 1189">
     <span class='ocr_line' id='line_1_10' title="bbox 354 1099 1956 1189; baseline -0.002 -22"><span class='ocrx_word' id='word_1_46' title='bbox 354 1103 498 1167; x_wconf 71' lang='lat' dir='ltr'><strong>*Et</strong></span> <span class='ocrx_word' id='word_1_47' title='bbox 527 1103 642 1188; x_wconf 88' lang='lat' dir='ltr'><strong>qui</strong></span> <span class='ocrx_word' id='word_1_48' title='bbox 670 1125 785 1189; x_wconf 82' lang='lat' dir='ltr'><strong>per</strong></span> <span class='ocrx_word' id='word_1_49' title='bbox 812 1100 1073 1176; x_wconf 81' lang='lat' dir='ltr'><strong>fraudes</strong></span> <span class='ocrx_word' id='word_1_50' title='bbox 1100 1099 1481 1187; x_wconf 85' lang='lat' dir='ltr'><strong>patrimonia</strong></span> <span class='ocrx_word' id='word_1_51' title='bbox 1510 1100 1956 1187; x_wconf 83' lang='lat' dir='ltr'><strong>conduplicare</strong></span> 
     </span>
    </p>
   </div>
   <div class='ocr_carea' id='block_1_7' title="bbox 357 1203 1806 1283">
    <p class='ocr_par' dir='ltr' id='par_1_8' title="bbox 357 1203 1806 1283">
     <span class='ocr_line' id='line_1_11' title="bbox 357 1203 1806 1283; baseline 0 -15"><span class='ocrx_word' id='word_1_52' title='bbox 357 1206 491 1270; x_wconf 86' lang='lat' dir='ltr'><strong>Dat</strong></span> <span class='ocrx_word' id='word_1_53' title='bbox 519 1205 903 1283; x_wconf 78' lang='lat' dir='ltr'><strong>libertatem,</strong></span> <span class='ocrx_word' id='word_1_54' title='bbox 933 1214 1000 1269; x_wconf 85' lang='lat' dir='ltr'><strong>et</strong></span> <span class='ocrx_word' id='word_1_55' title='bbox 1026 1214 1196 1279; x_wconf 77' lang='lat' dir='ltr'><strong>totas</strong></span> <span class='ocrx_word' id='word_1_56' title='bbox 1225 1203 1501 1274; x_wconf 83' lang='lat' dir='ltr'><strong>effundit</strong></span> <span class='ocrx_word' id='word_1_57' title='bbox 1528 1203 1806 1269; x_wconf 82' lang='lat' dir='ltr'><strong>habenas</strong></span> 
     </span>
    </p>
   </div>
   <div class='ocr_carea' id='block_1_8' title="bbox 356 1304 2025 1697">
    <p class='ocr_par' dir='ltr' id='par_1_9' title="bbox 356 1304 2025 1697">
     <span class='ocr_line' id='line_1_12' title="bbox 356 1304 1992 1393; baseline -0.002 -22"><span class='ocrx_word' id='word_1_58' title='bbox 356 1305 753 1384; x_wconf 75' lang='lat' dir='ltr'><strong>Curriculo:</strong></span> <span class='ocrx_word' id='word_1_59' title='bbox 787 1328 982 1393; x_wconf 90' lang='lat' dir='ltr'><strong>quem</strong></span> <span class='ocrx_word' id='word_1_60' title='bbox 1012 1304 1063 1369; x_wconf 89' lang='lat' dir='ltr'><strong>si</strong></span> <span class='ocrx_word' id='word_1_61' title='bbox 1093 1328 1369 1383; x_wconf 80' lang='lat' dir='ltr'><strong>revoceS‚</strong></span> <span class='ocrx_word' id='word_1_62' title='bbox 1401 1305 1744 1376; x_wconf 75' lang='lat' dir='ltr'><strong>subsistere</strong></span> <span class='ocrx_word' id='word_1_63' title='bbox 1770 1305 1992 1381; x_wconf 85' lang='lat' dir='ltr'><strong>nescit,</strong></span> 
     </span>
     <span class='ocr_line' id='line_1_13' title="bbox 363 1404 1832 1493; baseline -0.003 -21"><span class='ocrx_word' id='word_1_64' title='bbox 363 1408 457 1486; x_wconf 80' lang='lat' dir='ltr'><strong>Et</strong></span> <span class='ocrx_word' id='word_1_65' title='bbox 486 1417 552 1470; x_wconf 88' lang='lat' dir='ltr'><strong>te</strong></span> <span class='ocrx_word' id='word_1_66' title='bbox 580 1418 900 1472; x_wconf 88' lang='lat' dir='ltr'><strong>contemto</strong></span> <span class='ocrx_word' id='word_1_67' title='bbox 927 1405 1203 1493; x_wconf 84' lang='lat' dir='ltr'><strong>rapitur,</strong></span> <span class='ocrx_word' id='word_1_68' title='bbox 1232 1406 1548 1492; x_wconf 89' lang='lat' dir='ltr'><strong>metisque</strong></span> <span class='ocrx_word' id='word_1_69' title='bbox 1575 1404 1832 1478; x_wconf 81' lang='lat' dir='ltr'><strong>relictis.</strong></span> 
     </span>
     <span class='ocr_line' id='line_1_14' title="bbox 364 1507 2025 1595; baseline -0.002 -22"><span class='ocrx_word' id='word_1_70' title='bbox 364 1511 572 1573; x_wconf 91' lang='lat' dir='ltr'><strong>Nemo</strong></span> <span class='ocrx_word' id='word_1_71' title='bbox 602 1508 753 1574; x_wconf 82' lang='lat' dir='ltr'><strong>satis</strong></span> <span class='ocrx_word' id='word_1_72' title='bbox 778 1509 984 1577; x_wconf 81' lang='lat' dir='ltr'><strong>credit</strong></span> <span class='ocrx_word' id='word_1_73' title='bbox 1014 1520 1263 1575; x_wconf 81' lang='lat' dir='ltr'><strong>tantum</strong></span> <span class='ocrx_word' id='word_1_74' title='bbox 1292 1507 1688 1594; x_wconf 83' lang='lat' dir='ltr'><strong>delinquere,</strong></span> <span class='ocrx_word' id='word_1_75' title='bbox 1707 1518 2025 1595; x_wconf 81' lang='lat' dir='ltr'><strong>quantum</strong></span> 
     </span>
     <span class='ocr_line' id='line_1_15' title="bbox 364 1608 1855 1697; baseline -0.001 -23"><span class='ocrx_word' id='word_1_76' title='bbox 364 1609 743 1674; x_wconf 79' lang='lat' dir='ltr'><strong>Permittas:</strong></span> <span class='ocrx_word' id='word_1_77' title='bbox 791 1610 950 1676; x_wconf 84' lang='lat' dir='ltr'><strong>adeo</strong></span> <span class='ocrx_word' id='word_1_78' title='bbox 977 1609 1315 1697; x_wconf 87' lang='lat' dir='ltr'><strong>indulgent</strong></span> <span class='ocrx_word' id='word_1_79' title='bbox 1347 1608 1466 1674; x_wconf 84' lang='lat' dir='ltr'><strong>sibi</strong></span> <span class='ocrx_word' id='word_1_80' title='bbox 1497 1609 1689 1674; x_wconf 84' lang='lat' dir='ltr'><strong>latius</strong></span> <span class='ocrx_word' id='word_1_81' title='bbox 1716 1608 1855 1695; x_wconf 78' lang='lat' dir='ltr'><strong>ipsi.</strong></span> 
     </span>
    </p>
   </div>
   <div class='ocr_carea' id='block_1_9' title="bbox 302 1712 1984 1801">
    <p class='ocr_par' dir='ltr' id='par_1_10' title="bbox 302 1712 1984 1801">
     <span class='ocr_line' id='line_1_16' title="bbox 302 1712 1984 1801; baseline 0.001 -25"><span class='ocrx_word' id='word_1_82' title='bbox 302 1783 309 1789; x_wconf 51' lang='grc'><strong><em>,</em></strong></span> <span class='ocrx_word' id='word_1_83' title='bbox 364 1714 583 1791; x_wconf 81' lang='lat' dir='ltr'><strong>Quum</strong></span> <span class='ocrx_word' id='word_1_84' title='bbox 613 1712 770 1777; x_wconf 86' lang='lat' dir='ltr'><strong>dicis</strong></span> <span class='ocrx_word' id='word_1_85' title='bbox 789 1713 1038 1801; x_wconf 85' lang='lat' dir='ltr'><strong>juveni,</strong></span> <span class='ocrx_word' id='word_1_86' title='bbox 1069 1712 1366 1792; x_wconf 85' lang='lat' dir='ltr'><strong>stultum,</strong></span> <span class='ocrx_word' id='word_1_87' title='bbox 1390 1713 1507 1800; x_wconf 90' lang='lat' dir='ltr'><strong>qui</strong></span> <span class='ocrx_word' id='word_1_88' title='bbox 1537 1713 1731 1778; x_wconf 86' lang='lat' dir='ltr'><strong>donet</strong></span> <span class='ocrx_word' id='word_1_89' title='bbox 1758 1712 1984 1789; x_wconf 69' lang='lat' dir='ltr'><strong>emim,</strong></span> 
     </span>
    </p>
   </div>
   <div class='ocr_carea' id='block_1_10' title="bbox 2240 1711 2370 1774">
    <p class='ocr_par' dir='ltr' id='par_1_11' title="bbox 2240 1711 2370 1774">
     <span class='ocr_line' id='line_1_17' title="bbox 2240 1711 2370 1774; baseline -0.015 1"><span class='ocrx_word' id='word_1_90' title='bbox 2240 1711 2370 1774; x_wconf 68' lang='lat'><strong>235</strong></span> 
     </span>
    </p>
   </div>
   <div class='ocr_carea' id='block_1_11' title="bbox 364 1813 2007 2001">
    <p class='ocr_par' dir='ltr' id='par_1_12' title="bbox 364 1813 2007 2001">
     <span class='ocr_line' id='line_1_18' title="bbox 364 1813 2007 1901; baseline 0 -23"><span class='ocrx_word' id='word_1_91' title='bbox 364 1815 494 1892; x_wconf 81' lang='lat' dir='ltr'><strong>Qui</strong></span> <span class='ocrx_word' id='word_1_92' title='bbox 524 1825 969 1901; x_wconf 82' lang='lat' dir='ltr'><strong>paupertatem</strong></span> <span class='ocrx_word' id='word_1_93' title='bbox 999 1813 1166 1879; x_wconf 86' lang='lat' dir='ltr'><strong>levet</strong></span> <span class='ocrx_word' id='word_1_94' title='bbox 1194 1813 1596 1901; x_wconf 83' lang='lat' dir='ltr'><strong>adtollatque</strong></span> <span class='ocrx_word' id='word_1_95' title='bbox 1621 1814 2007 1901; x_wconf 81' lang='lat' dir='ltr'><strong>propinqui;</strong></span> 
     </span>
     <span class='ocr_line' id='line_1_19' title="bbox 365 1913 1943 2001; baseline 0.001 -23"><span class='ocrx_word' id='word_1_96' title='bbox 365 1916 456 1979; x_wconf 87' lang='lat' dir='ltr'><strong>Et</strong></span> <span class='ocrx_word' id='word_1_97' title='bbox 488 1913 757 2001; x_wconf 86' lang='lat' dir='ltr'><strong>spoliare</strong></span> <span class='ocrx_word' id='word_1_98' title='bbox 786 1915 994 1995; x_wconf 55' lang='lat' dir='ltr'><strong>doceri,</strong></span> <span class='ocrx_word' id='word_1_99' title='bbox 1016 1926 1083 1981; x_wconf 91' lang='lat' dir='ltr'><strong>et</strong></span> <span class='ocrx_word' id='word_1_100' title='bbox 1112 1915 1647 1994; x_wconf 72' lang='lat' dir='ltr'><strong>circumscribere,</strong></span> <span class='ocrx_word' id='word_1_101' title='bbox 1676 1928 1743 1981; x_wconf 91' lang='lat' dir='ltr'><strong>et</strong></span> <span class='ocrx_word' id='word_1_102' title='bbox 1771 1916 1943 1980; x_wconf 89' lang='lat' dir='ltr'><strong>omni</strong></span> 
     </span>
    </p>
   </div>
   <div class='ocr_carea' id='block_1_12' title="bbox 366 2014 1333 2102">
    <p class='ocr_par' dir='ltr' id='par_1_13' title="bbox 366 2014 1333 2102">
     <span class='ocr_line' id='line_1_20' title="bbox 366 2014 1333 2102; baseline 0 -23"><span class='ocrx_word' id='word_1_103' title='bbox 366 2014 650 2079; x_wconf 83' lang='lat' dir='ltr'><strong>Crimine</strong></span> <span class='ocrx_word' id='word_1_104' title='bbox 677 2014 937 2084; x_wconf 79' lang='lat' dir='ltr'><strong>divitias</strong></span> <span class='ocrx_word' id='word_1_105' title='bbox 965 2015 1333 2102; x_wconf 78' lang='lat' dir='ltr'><strong>adquirere3</strong></span> 
     </span>
    </p>
   </div>
   <div class='ocr_carea' id='block_1_13' title="bbox 1382 2016 2076 2102">
    <p class='ocr_par' dir='ltr' id='par_1_14' title="bbox 1382 2016 2076 2102">
     <span class='ocr_line' id='line_1_21' title="bbox 1382 2016 2076 2102; baseline 0.003 -22"><span class='ocrx_word' id='word_1_106' title='bbox 1382 2038 1660 2102; x_wconf 86' lang='lat' dir='ltr'><strong>quarum</strong></span> <span class='ocrx_word' id='word_1_107' title='bbox 1689 2039 1866 2081; x_wconf 84' lang='lat' dir='ltr'><strong>amor</strong></span> <span class='ocrx_word' id='word_1_108' title='bbox 1895 2016 1962 2080; x_wconf 88' lang='lat' dir='ltr'><strong>in</strong></span> <span class='ocrx_word' id='word_1_109' title='bbox 1991 2029 2076 2094; x_wconf 88' lang='lat' dir='ltr'><strong>te,</strong></span> 
     </span>
    </p>
   </div>
   <div class='ocr_carea' id='block_1_14' title="bbox 365 2118 2215 2205">
    <p class='ocr_par' dir='ltr' id='par_1_15' title="bbox 365 2118 2215 2205">
     <span class='ocr_line' id='line_1_22' title="bbox 365 2118 2215 2205; baseline 0.002 -24"><span class='ocrx_word' id='word_1_110' title='bbox 365 2119 665 2195; x_wconf 80' lang='lat' dir='ltr'><strong>Quantus</strong></span> <span class='ocrx_word' id='word_1_111' title='bbox 693 2128 829 2184; x_wconf 85' lang='lat' dir='ltr'><strong>erat</strong></span> <span class='ocrx_word' id='word_1_112' title='bbox 858 2118 1084 2205; x_wconf 86' lang='lat' dir='ltr'><strong>patriae</strong></span> <span class='ocrx_word' id='word_1_113' title='bbox 1115 2118 1463 2182; x_wconf 84' lang='lat' dir='ltr'><strong>Deciorum</strong></span> <span class='ocrx_word' id='word_1_114' title='bbox 1493 2120 1560 2183; x_wconf 88' lang='lat' dir='ltr'><strong>in</strong></span> <span class='ocrx_word' id='word_1_115' title='bbox 1589 2130 1866 2204; x_wconf 86' lang='lat' dir='ltr'><strong>pectore,</strong></span> <span class='ocrx_word' id='word_1_116' title='bbox 1899 2130 2215 2205; x_wconf 87' lang='lat' dir='ltr'><strong>quantum</strong></span> 
     </span>
    </p>
   </div>
   <div class='ocr_carea' id='block_1_15' title="bbox 369 2211 1946 2300">
    <p class='ocr_par' dir='ltr' id='par_1_16' title="bbox 369 2211 1946 2300">
     <span class='ocr_line' id='line_1_23' title="bbox 369 2211 1946 2300; baseline 0.001 -17"><span class='ocrx_word' id='word_1_117' title='bbox 369 2219 618 2283; x_wconf 85' lang='lat' dir='ltr'><strong>Dilexit</strong></span> <span class='ocrx_word' id='word_1_118' title='bbox 650 2211 933 2298; x_wconf 74' lang='lat' dir='ltr'><strong>ThebaS,</strong></span> <span class='ocrx_word' id='word_1_119' title='bbox 965 2220 1019 2283; x_wconf 86' lang='lat' dir='ltr'><strong>si</strong></span> <span class='ocrx_word' id='word_1_120' title='bbox 1056 2219 1310 2284; x_wconf 84' lang='lat' dir='ltr'><strong>Graecia</strong></span> <span class='ocrx_word' id='word_1_121' title='bbox 1336 2242 1511 2300; x_wconf 67' lang='lat' dir='ltr'><strong>vera,</strong></span> <span class='ocrx_word' id='word_1_122' title='bbox 1542 2221 1946 2285; x_wconf 87' lang='lat' dir='ltr'><strong>Menoeceus:</strong></span> 
     </span>
    </p>
   </div>
   <div class='ocr_carea' id='block_1_16' title="bbox 283 2404 1313 2860">
    <p class='ocr_par' dir='ltr' id='par_1_17' title="bbox 283 2404 1313 2665">
     <span class='ocr_line' id='line_1_24' title="bbox 350 2404 1308 2474; baseline 0.003 -20"><span class='ocrx_word' id='word_1_123' title='bbox 350 2406 468 2455; x_wconf 85' lang='grc'><strong>223.</strong></span> <span class='ocrx_word' id='word_1_124' title='bbox 489 2404 637 2455; x_wconf 75' lang='lat' dir='ltr'><strong>Caede</strong></span> <span class='ocrx_word' id='word_1_125' title='bbox 654 2404 744 2455; x_wconf 87' lang='lat' dir='ltr'><strong>sibi</strong></span> <span class='ocrx_word' id='word_1_126' title='bbox 761 2405 946 2456; x_wconf 81' lang='lat' dir='ltr'><strong>facilius</strong></span> <span class='ocrx_word' id='word_1_127' title='bbox 963 2406 1152 2457; x_wconf 74' lang='lat' dir='ltr'><strong>divitias</strong></span> <span class='ocrx_word' id='word_1_128' title='bbox 1169 2422 1308 2474; x_wconf 82' lang='lat' dir='ltr'><strong>para-</strong></span> 
     </span>
     <span class='ocr_line' id='line_1_25' title="bbox 283 2471 1307 2536; baseline 0.002 -16"><span class='ocrx_word' id='word_1_129' title='bbox 283 2471 379 2529; x_wconf 86' lang='lat' dir='ltr'><strong>bit,</strong></span> <span class='ocrx_word' id='word_1_130' title='bbox 455 2487 565 2521; x_wconf 83' lang='lat' dir='ltr'><strong>uam</strong></span> <span class='ocrx_word' id='word_1_131' title='bbox 602 2472 824 2521; x_wconf 76' lang='lat' dir='ltr'><strong>oerumnis</strong></span> <span class='ocrx_word' id='word_1_132' title='bbox 853 2481 975 2521; x_wconf 79' lang='lat' dir='ltr'><strong>terra</strong></span> <span class='ocrx_word' id='word_1_133' title='bbox 1005 2476 1205 2536; x_wconf 77' lang='lat' dir='ltr'><strong>marique</strong></span> <span class='ocrx_word' id='word_1_134' title='bbox 1237 2481 1307 2522; x_wconf 90' lang='lat' dir='ltr'><strong>to·</strong></span> 
     </span>
     <span class='ocr_line' id='line_1_26' title="bbox 286 2535 1313 2602; baseline 0.003 -18"><span class='ocrx_word' id='word_1_135' title='bbox 286 2537 425 2585; x_wconf 76' lang='lat' dir='ltr'><strong>letan</strong></span> <span class='ocrx_word' id='word_1_136' title='bbox 460 2535 471 2545; x_wconf 80' lang='lat'><strong>‘</strong></span> <span class='ocrx_word' id='word_1_137' title='bbox 579 2537 717 2587; x_wconf 83' lang='lat' dir='ltr'><strong>Forte</strong></span> <span class='ocrx_word' id='word_1_138' title='bbox 748 2537 843 2602; x_wconf 86' lang='lat' dir='ltr'><strong>leg.</strong></span> <span class='ocrx_word' id='word_1_139' title='bbox 861 2538 1170 2600; x_wconf 78' lang='lat' dir='ltr'><strong>Anquirenda,</strong></span> <span class='ocrx_word' id='word_1_140' title='bbox 1193 2537 1242 2587; x_wconf 86' lang='lat' dir='ltr'><strong>h.</strong></span> <span class='ocrx_word' id='word_1_141' title='bbox 1259 2553 1313 2587; x_wconf 78' lang='lat' dir='ltr'><strong>e.</strong></span> 
     </span>
     <span class='ocr_line' id='line_1_27' title="bbox 284 2599 1094 2665; baseline 0 -15"><span class='ocrx_word' id='word_1_142' title='bbox 284 2601 468 2650; x_wconf 86' lang='lat' dir='ltr'><strong>circum</strong></span> <span class='ocrx_word' id='word_1_143' title='bbox 488 2599 632 2658; x_wconf 79' lang='lat' dir='ltr'><strong>circa,</strong></span> <span class='ocrx_word' id='word_1_144' title='bbox 657 2601 808 2654; x_wconf 80' lang='lat' dir='ltr'><strong>ubivis</strong></span> <span class='ocrx_word' id='word_1_145' title='bbox 825 2602 1094 2665; x_wconf 80' lang='lat' dir='ltr'><strong>quaerenda.</strong></span> 
     </span>
    </p>

    <p class='ocr_par' dir='ltr' id='par_1_18' title="bbox 286 2665 1308 2860">
     <span class='ocr_line' id='line_1_28' title="bbox 353 2665 1307 2731; baseline 0.001 -16"><span class='ocrx_word' id='word_1_146' title='bbox 353 2666 470 2720; x_wconf 86' lang='grc'><strong>224.</strong></span> <span class='ocrx_word' id='word_1_147' title='bbox 506 2667 748 2730; x_wconf 64' lang='lat' dir='ltr'><strong>,Magnum</strong></span> <span class='ocrx_word' id='word_1_148' title='bbox 773 2667 968 2723; x_wconf 80' lang='lat' dir='ltr'><strong>scelus,</strong></span> <span class='ocrx_word' id='word_1_149' title='bbox 1004 2665 1136 2731; x_wconf 87' lang='lat' dir='ltr'><strong>quod</strong></span> <span class='ocrx_word' id='word_1_150' title='bbox 1177 2681 1307 2730; x_wconf 77' lang='lat' dir='ltr'><strong>quae-</strong></span> 
     </span>
     <span class='ocr_line' id='line_1_29' title="bbox 286 2730 1308 2797; baseline 0.001 -18"><span class='ocrx_word' id='word_1_151' title='bbox 286 2738 500 2779; x_wconf 75' lang='lat' dir='ltr'><strong>stuosum</strong></span> <span class='ocrx_word' id='word_1_152' title='bbox 520 2738 611 2789; x_wconf 77' lang='lat' dir='ltr'><strong>est,</strong></span> <span class='ocrx_word' id='word_1_153' title='bbox 633 2730 804 2790; x_wconf 64' lang='lat' dir='ltr'><strong>caedoe,</strong></span> <span class='ocrx_word' id='word_1_154' title='bbox 827 2730 954 2780; x_wconf 79' lang='lat' dir='ltr'><strong>facili</strong></span> <span class='ocrx_word' id='word_1_155' title='bbox 985 2730 1173 2797; x_wconf 86' lang='lat' dir='ltr'><strong>negotio</strong></span> <span class='ocrx_word' id='word_1_156' title='bbox 1205 2747 1308 2797; x_wconf 82' lang='lat' dir='ltr'><strong>per-</strong></span> 
     </span>
     <span class='ocr_line' id='line_1_30' title="bbox 293 2802 1053 2860; baseline 0.003 -18"><span class='ocrx_word' id='word_1_157' title='bbox 293 2802 519 2860; x_wconf 84' lang='lat' dir='ltr'><strong>petratur.</strong></span> <span class='ocrx_word' id='word_1_158' title='bbox 1050 2824 1053 2827; x_wconf 96' lang='lat'>·</span> 
     </span>
    </p>
   </div>
   <div class='ocr_carea' id='block_1_17' title="bbox 352 2858 1779 2938">
    <p class='ocr_par' dir='ltr' id='par_1_19' title="bbox 352 2858 1779 2938">
     <span class='ocr_line' id='line_1_31' title="bbox 352 2858 1779 2938; baseline 0.001 -30"><span class='ocrx_word' id='word_1_159' title='bbox 352 2860 630 2908; x_wconf 86' lang='grc'><strong>227-232.</strong></span> <span class='ocrx_word' id='word_1_160' title='bbox 650 2859 952 2925; x_wconf 76' lang='lat' dir='ltr'><strong>Comparatio</strong></span> <span class='ocrx_word' id='word_1_161' title='bbox 981 2858 1312 2911; x_wconf 80' lang='lat' dir='ltr'><strong>venustissima.</strong></span> <span class='ocrx_word' id='word_1_162' title='bbox 1368 2861 1487 2910; x_wconf 86' lang='lat'><strong>232.</strong></span> <span class='ocrx_word' id='word_1_163' title='bbox 1517 2869 1575 2917; x_wconf 77' lang='lat' dir='ltr'><strong>te,</strong></span> <span class='ocrx_word' id='word_1_164' title='bbox 1600 2860 1779 2938; x_wconf 66' lang='lat' dir='ltr'><strong>auriga,</strong></span> 
     </span>
    </p>
   </div>
   <div class='ocr_carea' id='block_1_18' title="bbox 288 2922 1336 4408">
    <p class='ocr_par' dir='ltr' id='par_1_20' title="bbox 288 2922 1336 4408">
     <span class='ocr_line' id='line_1_32' title="bbox 291 2922 1312 2989; baseline 0.002 -17"><span class='ocrx_word' id='word_1_165' title='bbox 291 2922 650 2989; x_wconf 69' lang='lat' dir='ltr'><strong>aptissimaque,</strong></span> <span class='ocrx_word' id='word_1_166' title='bbox 670 2939 701 2973; x_wconf 80' lang='lat' dir='ltr'><strong>a</strong></span> <span class='ocrx_word' id='word_1_167' title='bbox 721 2924 844 2972; x_wconf 86' lang='lat' dir='ltr'><strong>circo</strong></span> <span class='ocrx_word' id='word_1_168' title='bbox 864 2925 1042 2989; x_wconf 78' lang='lat' dir='ltr'><strong>petita:</strong></span> <span class='ocrx_word' id='word_1_169' title='bbox 1079 2925 1312 2984; x_wconf 86' lang='lat' dir='ltr'><strong>Quicum·</strong></span> 
     </span>
     <span class='ocr_line' id='line_1_33' title="bbox 289 2989 1319 3102; baseline 0.002 -2"><span class='ocrx_word' id='word_1_170' title='bbox 289 3001 759 3102; x_wconf 44' lang='lat' dir='ltr'><strong>mum&amp;</strong></span> <span class='ocrx_word' id='word_1_171' title='bbox 780 2989 1319 3102; x_wconf 52' lang='grc' dir='ltr'><strong>ιῖἯίΣῖιιῖῗΡίὥᾛ</strong></span> 
     </span>
     <span class='ocr_line' id='line_1_34' title="bbox 294 3070 1314 3181; baseline 0.001 -15"><span class='ocrx_word' id='word_1_172' title='bbox 294 3115 364 3166; x_wconf 79' lang='lat' dir='ltr'><strong>sis</strong></span> <span class='ocrx_word' id='word_1_173' title='bbox 393 3086 703 3180; x_wconf 56' lang='lat' dir='ltr'><strong>infaustisque</strong></span> <span class='ocrx_word' id='word_1_174' title='bbox 766 3117 996 3181; x_wconf 81' lang='lat' dir='ltr'><strong>raeceptis‚</strong></span> <span class='ocrx_word' id='word_1_175' title='bbox 1030 3070 1314 3180; x_wconf 52' lang='lat' dir='ltr'><strong>avizffiwpro-</strong></span> 
     </span>
     <span class='ocr_line' id='line_1_35' title="bbox 293 3178 1317 3245; baseline 0.001 -15"><span class='ocrx_word' id='word_1_176' title='bbox 293 3182 442 3238; x_wconf 76' lang='lat' dir='ltr'><strong>ducit,</strong></span> <span class='ocrx_word' id='word_1_177' title='bbox 466 3178 652 3238; x_wconf 81' lang='lat' dir='ltr'><strong>format.</strong></span> <span class='ocrx_word' id='word_1_178' title='bbox 675 3196 702 3229; x_wconf 89' lang='lat' dir='ltr'><strong>e</strong></span> <span class='ocrx_word' id='word_1_179' title='bbox 781 3178 834 3237; x_wconf 86' lang='lat' dir='ltr'><strong>it,</strong></span> <span class='ocrx_word' id='word_1_180' title='bbox 859 3182 934 3245; x_wconf 86' lang='lat' dir='ltr'><strong>(v.</strong></span> <span class='ocrx_word' id='word_1_181' title='bbox 967 3182 1031 3230; x_wconf 81' lang='lat' dir='ltr'><strong>ad</strong></span> <span class='ocrx_word' id='word_1_182' title='bbox 1051 3183 1146 3231; x_wconf 90' lang='lat' dir='ltr'><strong>VI.</strong></span> <span class='ocrx_word' id='word_1_183' title='bbox 1177 3179 1317 3245; x_wconf 83' lang='lat'><strong>241.)</strong></span> 
     </span>
     <span class='ocr_line' id='line_1_36' title="bbox 297 3243 1317 3310; baseline 0.002 -17"><span class='ocrx_word' id='word_1_184' title='bbox 297 3244 343 3293; x_wconf 76' lang='lat' dir='ltr'><strong>is</strong></span> <span class='ocrx_word' id='word_1_185' title='bbox 395 3243 561 3294; x_wconf 78' lang='lat' dir='ltr'><strong>similis</strong></span> <span class='ocrx_word' id='word_1_186' title='bbox 609 3252 685 3294; x_wconf 77' lang='lat' dir='ltr'><strong>est</strong></span> <span class='ocrx_word' id='word_1_187' title='bbox 723 3244 915 3309; x_wconf 77' lang='lat' dir='ltr'><strong>aurigae,</strong></span> <span class='ocrx_word' id='word_1_188' title='bbox 954 3245 1034 3310; x_wconf 88' lang='lat' dir='ltr'><strong>qui</strong></span> <span class='ocrx_word' id='word_1_189' title='bbox 1072 3246 1317 3302; x_wconf 63' lang='lat' dir='ltr'><strong>curriculo,</strong></span> 
     </span>
     <span class='ocr_line' id='line_1_37' title="bbox 298 3309 1319 3376; baseline 0 -18"><span class='ocrx_word' id='word_1_190' title='bbox 298 3309 450 3373; x_wconf 80' lang='lat' dir='ltr'><strong>equis,</strong></span> <span class='ocrx_word' id='word_1_191' title='bbox 469 3313 554 3358; x_wconf 62' lang='lat' dir='ltr'><strong>dai</strong></span> <span class='ocrx_word' id='word_1_192' title='bbox 565 3310 825 3366; x_wconf 77' lang='lat' dir='ltr'><strong>libertatem,</strong></span> <span class='ocrx_word' id='word_1_193' title='bbox 842 3319 886 3358; x_wconf 83' lang='lat' dir='ltr'><strong>et</strong></span> <span class='ocrx_word' id='word_1_194' title='bbox 903 3319 1015 3359; x_wconf 70' lang='lat' dir='ltr'><strong>totas</strong></span> <span class='ocrx_word' id='word_1_195' title='bbox 1029 3310 1223 3376; x_wconf 64' lang='lat' dir='ltr'><strong>effundit</strong></span> <span class='ocrx_word' id='word_1_196' title='bbox 1240 3312 1319 3358; x_wconf 80' lang='lat' dir='ltr'><strong>ha·</strong></span> 
     </span>
     <span class='ocr_line' id='line_1_38' title="bbox 303 3373 1323 3430; baseline 0.001 -8"><span class='ocrx_word' id='word_1_197' title='bbox 303 3376 449 3430; x_wconf 71' lang='grc' dir='ltr'><strong><em>ὺοηω,</em></strong></span> <span class='ocrx_word' id='word_1_198' title='bbox 470 3374 520 3424; x_wconf 88' lang='lat' dir='ltr'><strong>h.</strong></span> <span class='ocrx_word' id='word_1_199' title='bbox 541 3390 586 3424; x_wconf 87' lang='lat' dir='ltr'><strong>e.</strong></span> <span class='ocrx_word' id='word_1_200' title='bbox 605 3373 648 3423; x_wconf 81' lang='lat' dir='ltr'><strong>is</strong></span> <span class='ocrx_word' id='word_1_201' title='bbox 665 3374 775 3423; x_wconf 84' lang='lat' dir='ltr'><strong>filiis</strong></span> <span class='ocrx_word' id='word_1_202' title='bbox 794 3376 872 3424; x_wconf 78' lang='lat' dir='ltr'><strong>dat</strong></span> <span class='ocrx_word' id='word_1_203' title='bbox 898 3375 1140 3424; x_wconf 80' lang='lat' dir='ltr'><strong>libertatem</strong></span> <span class='ocrx_word' id='word_1_204' title='bbox 1170 3373 1323 3424; x_wconf 85' lang='lat' dir='ltr'><strong>inmo-</strong></span> 
     </span>
     <span class='ocr_line' id='line_1_39' title="bbox 299 3437 1321 3504; baseline -0.002 -15"><span class='ocrx_word' id='word_1_205' title='bbox 299 3437 531 3495; x_wconf 79' lang='lat' dir='ltr'><strong>deratam,</strong></span> <span class='ocrx_word' id='word_1_206' title='bbox 548 3437 839 3504; x_wconf 79' lang='lat' dir='ltr'><strong>velquodvis</strong></span> <span class='ocrx_word' id='word_1_207' title='bbox 849 3439 1005 3489; x_wconf 79' lang='lat' dir='ltr'><strong>scelus</strong></span> <span class='ocrx_word' id='word_1_208' title='bbox 1022 3438 1228 3489; x_wconf 80' lang='lat' dir='ltr'><strong>audendi</strong></span> <span class='ocrx_word' id='word_1_209' title='bbox 1243 3457 1258 3500; x_wconf 83' lang='lat'>3</span> <span class='ocrx_word' id='word_1_210' title='bbox 1280 3439 1321 3487; x_wconf 78' lang='lat' dir='ltr'><strong>is</strong></span> 
     </span>
     <span class='ocr_line' id='line_1_40' title="bbox 300 3501 1323 3570; baseline 0.003 -20"><span class='ocrx_word' id='word_1_211' title='bbox 300 3501 354 3550; x_wconf 90' lang='lat' dir='ltr'><strong>in</strong></span> <span class='ocrx_word' id='word_1_212' title='bbox 375 3502 625 3553; x_wconf 78' lang='lat' dir='ltr'><strong>effrenatas</strong></span> <span class='ocrx_word' id='word_1_213' title='bbox 641 3518 725 3554; x_wconf 83' lang='lat' dir='ltr'><strong>eos</strong></span> <span class='ocrx_word' id='word_1_214' title='bbox 746 3503 1033 3570; x_wconf 69' lang='lat' dir='ltr'><strong>cupiditates</strong></span> <span class='ocrx_word' id='word_1_215' title='bbox 1061 3510 1124 3555; x_wconf 68' lang='lat' dir='ltr'><strong>et⁴</strong></span> <span class='ocrx_word' id='word_1_216' title='bbox 1177 3503 1323 3553; x_wconf 78' lang='lat' dir='ltr'><strong>uaevis</strong></span> 
     </span>
     <span class='ocr_line' id='line_1_41' title="bbox 298 3566 1322 3633; baseline 0 -17"><span class='ocrx_word' id='word_1_217' title='bbox 298 3566 482 3616; x_wconf 77' lang='lat' dir='ltr'><strong>scelera</strong></span> <span class='ocrx_word' id='word_1_218' title='bbox 496 3583 664 3632; x_wconf 81' lang='lat' dir='ltr'><strong>pronos</strong></span> <span class='ocrx_word' id='word_1_219' title='bbox 679 3567 848 3629; x_wconf 82' lang='lat' dir='ltr'><strong>faciet3</strong></span> <span class='ocrx_word' id='word_1_220' title='bbox 871 3569 1134 3633; x_wconf 57' lang='lat' dir='ltr'><strong>{lustraque</strong></span> <span class='ocrx_word' id='word_1_221' title='bbox 1183 3567 1322 3617; x_wconf 84' lang='lat' dir='ltr'><strong>einde</strong></span> 
     </span>
     <span class='ocr_line' id='line_1_42' title="bbox 297 3631 1323 3749; baseline 0 -3"><span class='ocrx_word' id='word_1_222' title='bbox 297 3631 1323 3749; x_wconf 50' lang='lat' dir='ltr'><strong>&amp;utzinffiifffflxswassfflt</strong></span> 
     </span>
     <span class='ocr_line' id='line_1_43' title="bbox 301 3729 1325 3828; baseline 0 -17"><span class='ocrx_word' id='word_1_223' title='bbox 301 3766 362 3811; x_wconf 75' lang='lat' dir='ltr'><strong>ut</strong></span> <span class='ocrx_word' id='word_1_224' title='bbox 380 3759 564 3823; x_wconf 71' lang='lat' dir='ltr'><strong>mitiga,</strong></span> <span class='ocrx_word' id='word_1_225' title='bbox 585 3729 668 3826; x_wconf 64' lang='lat' dir='ltr'><strong>qiai</strong></span> <span class='ocrx_word' id='word_1_226' title='bbox 698 3761 832 3828; x_wconf 81' lang='lat' dir='ltr'><strong>equis</strong></span> <span class='ocrx_word' id='word_1_227' title='bbox 861 3762 914 3812; x_wconf 85' lang='lat' dir='ltr'><strong>in</strong></span> <span class='ocrx_word' id='word_1_228' title='bbox 944 3763 1069 3814; x_wconf 86' lang='lat' dir='ltr'><strong>circo</strong></span> <span class='ocrx_word' id='word_1_229' title='bbox 1098 3734 1325 3814; x_wconf 56' lang='lat' dir='ltr'><strong>currenti:</strong></span> 
     </span>
     <span class='ocr_line' id='line_1_44' title="bbox 302 3824 1331 3887; baseline 0.004 -14"><span class='ocrx_word' id='word_1_230' title='bbox 302 3824 397 3873; x_wconf 83' lang='lat' dir='ltr'><strong>bus</strong></span> <span class='ocrx_word' id='word_1_231' title='bbox 416 3824 629 3875; x_wconf 78' lang='lat' dir='ltr'><strong>habenas</strong></span> <span class='ocrx_word' id='word_1_232' title='bbox 647 3826 717 3877; x_wconf 81' lang='lat' dir='ltr'><strong>ita</strong></span> <span class='ocrx_word' id='word_1_233' title='bbox 737 3826 951 3887; x_wconf 82' lang='lat' dir='ltr'><strong>remittit,</strong></span> <span class='ocrx_word' id='word_1_234' title='bbox 971 3836 1043 3886; x_wconf 88' lang='lat' dir='ltr'><strong>ut,</strong></span> <span class='ocrx_word' id='word_1_235' title='bbox 1065 3826 1105 3878; x_wconf 86' lang='lat' dir='ltr'><strong>si</strong></span> <span class='ocrx_word' id='word_1_236' title='bbox 1138 3842 1331 3878; x_wconf 80' lang='lat' dir='ltr'><strong>cursum</strong></span> 
     </span>
     <span class='ocr_line' id='line_1_45' title="bbox 305 3888 1326 3958; baseline 0.002 -20"><span class='ocrx_word' id='word_1_237' title='bbox 305 3888 481 3944; x_wconf 80' lang='lat' dir='ltr'><strong>deinde</strong></span> <span class='ocrx_word' id='word_1_238' title='bbox 500 3889 617 3939; x_wconf 85' lang='lat' dir='ltr'><strong>velit</strong></span> <span class='ocrx_word' id='word_1_239' title='bbox 635 3890 862 3949; x_wconf 77' lang='lat' dir='ltr'><strong>inhibere,</strong></span> <span class='ocrx_word' id='word_1_240' title='bbox 883 3907 980 3942; x_wconf 87' lang='lat' dir='ltr'><strong>non</strong></span> <span class='ocrx_word' id='word_1_241' title='bbox 999 3892 1164 3958; x_wconf 79' lang='lat' dir='ltr'><strong>possit.</strong></span> <span class='ocrx_word' id='word_1_242' title='bbox 1203 3894 1326 3943; x_wconf 89' lang='lat' dir='ltr'><strong>Ver·</strong></span> 
     </span>
     <span class='ocr_line' id='line_1_46' title="bbox 306 3955 1328 4007; baseline 0.003 -4"><span class='ocrx_word' id='word_1_243' title='bbox 306 3968 388 4003; x_wconf 82' lang='lat' dir='ltr'><strong>sus</strong></span> <span class='ocrx_word' id='word_1_244' title='bbox 408 3955 523 4004; x_wconf 88' lang='grc'><strong>229.</strong></span> <span class='ocrx_word' id='word_1_245' title='bbox 543 3955 678 4004; x_wconf 81' lang='lat' dir='ltr'><strong>abest</strong></span> <span class='ocrx_word' id='word_1_246' title='bbox 698 3971 729 4005; x_wconf 84' lang='lat' dir='ltr'>a</span> <span class='ocrx_word' id='word_1_247' title='bbox 751 3959 787 4006; x_wconf 88' lang='grc'>6</span> <span class='ocrx_word' id='word_1_248' title='bbox 819 3958 964 4007; x_wconf 85' lang='lat' dir='ltr'>MSS.</span> <span class='ocrx_word' id='word_1_249' title='bbox 996 3965 1047 4006; x_wconf 87' lang='lat' dir='ltr'><strong>et</strong></span> <span class='ocrx_word' id='word_1_250' title='bbox 1077 3956 1207 4006; x_wconf 81' lang='lat' dir='ltr'><strong>haud</strong></span> <span class='ocrx_word' id='word_1_251' title='bbox 1238 3957 1328 4007; x_wconf 90' lang='lat' dir='ltr'><strong>du-</strong></span> 
     </span>
     <span class='ocr_line' id='line_1_47' title="bbox 288 4017 1329 4092; baseline 0.005 -25"><span class='ocrx_word' id='word_1_252' title='bbox 288 4032 289 4035; x_wconf 71' lang='grc'>’</span> <span class='ocrx_word' id='word_1_253' title='bbox 305 4018 385 4068; x_wconf 88' lang='lat' dir='ltr'><strong>bie</strong></span> <span class='ocrx_word' id='word_1_254' title='bbox 405 4017 662 4092; x_wconf 76' lang='lat' dir='ltr'><strong>ejiciendus</strong></span> <span class='ocrx_word' id='word_1_255' title='bbox 681 4027 769 4070; x_wconf 80' lang='lat' dir='ltr'><strong>est.</strong></span> <span class='ocrx_word' id='word_1_256' title='bbox 831 4021 1000 4073; x_wconf 75' lang='lat' dir='ltr'><strong>Minus</strong></span> <span class='ocrx_word' id='word_1_257' title='bbox 1014 4021 1206 4086; x_wconf 87' lang='lat' dir='ltr'><strong>quidem</strong></span> <span class='ocrx_word' id='word_1_258' title='bbox 1223 4022 1329 4072; x_wconf 87' lang='lat' dir='ltr'><strong>lan-</strong></span> 
     </span>
     <span class='ocr_line' id='line_1_48' title="bbox 307 4082 1332 4162; baseline 0.006 -32"><span class='ocrx_word' id='word_1_259' title='bbox 307 4084 489 4162; x_wconf 66' lang='lat' dir='ltr'><strong>guebit,</strong></span> <span class='ocrx_word' id='word_1_260' title='bbox 521 4082 574 4158; x_wconf 37' lang='lat' dir='ltr'><strong>si·</strong></span> <span class='ocrx_word' id='word_1_261' title='bbox 607 4083 662 4134; x_wconf 68' lang='grc' dir='ltr'><strong>«ὃ</strong></span> <span class='ocrx_word' id='word_1_262' title='bbox 700 4094 745 4134; x_wconf 83' lang='lat' dir='ltr'><strong>et</strong></span> <span class='ocrx_word' id='word_1_263' title='bbox 778 4100 839 4155; x_wconf 43' lang='grc' dir='ltr'><strong>ν.</strong></span> <span class='ocrx_word' id='word_1_264' title='bbox 863 4087 974 4160; x_wconf 82' lang='grc'><strong>228.</strong></span> <span class='ocrx_word' id='word_1_265' title='bbox 1012 4094 1064 4136; x_wconf 89' lang='lat' dir='ltr'><strong>et</strong></span> <span class='ocrx_word' id='word_1_266' title='bbox 1101 4088 1218 4162; x_wconf 67' lang='grc' dir='ltr'><strong>230ζ</strong></span> <span class='ocrx_word' id='word_1_267' title='bbox 1245 4102 1332 4153; x_wconf 87' lang='lat' dir='ltr'><strong>pro</strong></span> 
     </span>
     <span class='ocr_line' id='line_1_49' title="bbox 307 4149 1333 4287; baseline 0.004 -27"><span class='ocrx_word' id='word_1_268' title='bbox 307 4149 1018 4287; x_wconf 48' lang='lat' dir='ltr'><strong>wspffzfflffiiffl..</strong></span> <span class='ocrx_word' id='word_1_269' title='bbox 1034 4150 1333 4264; x_wconf 57' lang='grc' dir='ltr'>θὲήὲῗέξὲᾇ</span> 
     </span>
     <span class='ocr_line' id='line_1_50' title="bbox 308 4279 1336 4343; baseline 0.004 -19"><span class='ocrx_word' id='word_1_270' title='bbox 308 4284 578 4342; x_wconf 72' lang='lat' dir='ltr'><strong>repetitam,</strong></span> <span class='ocrx_word' id='word_1_271' title='bbox 605 4279 916 4343; x_wconf 83' lang='lat' dir='ltr'><strong>eamdemque</strong></span> <span class='ocrx_word' id='word_1_272' title='bbox 948 4279 1232 4328; x_wconf 83' lang='lat' dir='ltr'><strong>sententiam</strong></span> <span class='ocrx_word' id='word_1_273' title='bbox 1265 4286 1336 4328; x_wconf 87' lang='lat' dir='ltr'><strong>ter</strong></span> 
     </span>
     <span class='ocr_line' id='line_1_51' title="bbox 309 4344 1336 4408; baseline 0.002 -17"><span class='ocrx_word' id='word_1_274' title='bbox 309 4345 616 4406; x_wconf 62' lang='lat' dir='ltr'><strong>expressam?</strong></span> <span class='ocrx_word' id='word_1_275' title='bbox 644 4346 915 4406; x_wconf 79' lang='lat' dir='ltr'><strong>patrimonia</strong></span> <span class='ocrx_word' id='word_1_276' title='bbox 930 4344 1176 4406; x_wconf 72' lang='lat' dir='ltr'><strong>duplicare,</strong></span> <span class='ocrx_word' id='word_1_277' title='bbox 1189 4351 1241 4392; x_wconf 90' lang='lat' dir='ltr'><strong>ut</strong></span> <span class='ocrx_word' id='word_1_278' title='bbox 1258 4360 1336 4408; x_wconf 87' lang='lat' dir='ltr'><strong>ap.</strong></span> 
     </span>
    </p>
   </div>
   <div class='ocr_carea' id='block_1_19' title="bbox 2250 2228 2377 2289">
    <p class='ocr_par' dir='ltr' id='par_1_21' title="bbox 2250 2228 2377 2289">
     <span class='ocr_line' id='line_1_52' title="bbox 2250 2228 2377 2289; baseline 0.016 -1"><span class='ocrx_word' id='word_1_279' title='bbox 2250 2228 2377 2289; x_wconf 73' lang='lat'><strong>240</strong></span> 
     </span>
    </p>
   </div>
   <div class='ocr_carea' id='block_1_20' title="bbox 1371 2408 2418 4403">
    <p class='ocr_par' dir='ltr' id='par_1_22' title="bbox 1371 2408 2418 4403">
     <span class='ocr_line' id='line_1_53' title="bbox 1372 2408 2384 2476; baseline 0.003 -19"><span class='ocrx_word' id='word_1_280' title='bbox 1372 2408 1566 2457; x_wconf 81' lang='lat' dir='ltr'><strong>Lucret.</strong></span> <span class='ocrx_word' id='word_1_281' title='bbox 1585 2408 1688 2457; x_wconf 89' lang='lat'>111.</span> <span class='ocrx_word' id='word_1_282' title='bbox 1710 2409 1791 2457; x_wconf 91' lang='grc'><strong>71.</strong></span> <span class='ocrx_word' id='word_1_283' title='bbox 1829 2410 1942 2457; x_wconf 88' lang='grc'><strong>231.</strong></span> <span class='ocrx_word' id='word_1_284' title='bbox 1962 2408 2216 2467; x_wconf 77' lang='lat' dir='ltr'><strong>Curriculo,</strong></span> <span class='ocrx_word' id='word_1_285' title='bbox 2232 2412 2384 2476; x_wconf 71' lang='lat' dir='ltr'><strong>equis»,</strong></span> 
     </span>
     <span class='ocr_line' id='line_1_54' title="bbox 1373 2473 2388 2538; baseline 0.005 -17"><span class='ocrx_word' id='word_1_286' title='bbox 1373 2480 1427 2521; x_wconf 89' lang='lat' dir='ltr'><strong>ut</strong></span> <span class='ocrx_word' id='word_1_287' title='bbox 1457 2489 1621 2522; x_wconf 71' lang='lat' dir='ltr'><strong>cuv-ms</strong></span> <span class='ocrx_word' id='word_1_288' title='bbox 1641 2488 1718 2538; x_wconf 84' lang='lat' dir='ltr'><strong>ap.</strong></span> <span class='ocrx_word' id='word_1_289' title='bbox 1741 2473 1877 2537; x_wconf 85' lang='lat' dir='ltr'><strong>Virg.</strong></span> <span class='ocrx_word' id='word_1_290' title='bbox 1898 2476 2017 2523; x_wconf 89' lang='lat' dir='ltr'><strong>AEn.</strong></span> <span class='ocrx_word' id='word_1_291' title='bbox 2038 2475 2158 2522; x_wconf 90' lang='lat' dir='ltr'>XII.</span> <span class='ocrx_word' id='word_1_292' title='bbox 2191 2477 2304 2525; x_wconf 86' lang='grc'><strong>287.</strong></span> <span class='ocrx_word' id='word_1_293' title='bbox 2339 2485 2388 2526; x_wconf 86' lang='lat' dir='ltr'><strong>et</strong></span> 
     </span>
     <span class='ocr_line' id='line_1_55' title="bbox 1373 2536 2393 2605; baseline 0.003 -19"><span class='ocrx_word' id='word_1_294' title='bbox 1373 2537 1469 2586; x_wconf 83' lang='lat' dir='ltr'><strong>Ge.</strong></span> <span class='ocrx_word' id='word_1_295' title='bbox 1498 2539 1544 2586; x_wconf 89' lang='lat' dir='ltr'><strong>l.</strong></span> <span class='ocrx_word' id='word_1_296' title='bbox 1579 2539 1693 2586; x_wconf 86' lang='lat'>514.</span> <span class='ocrx_word' id='word_1_297' title='bbox 1722 2536 1917 2605; x_wconf 63' lang='grc' dir='ltr'><strong>ἕρματα,</strong></span> <span class='ocrx_word' id='word_1_298' title='bbox 1950 2537 2242 2602; x_wconf 57' lang='grc' dir='ltr'><strong>πεισιχάλινα.</strong></span> <span class='ocrx_word' id='word_1_299' title='bbox 2272 2541 2393 2589; x_wconf 85' lang='lat' dir='ltr'><strong>dixit</strong></span> 
     </span>
     <span class='ocr_line' id='line_1_56' title="bbox 1372 2601 2391 2668; baseline 0.005 -18"><span class='ocrx_word' id='word_1_300' title='bbox 1372 2601 1516 2651; x_wconf 90' lang='lat' dir='ltr'><strong>Pind.</strong></span> <span class='ocrx_word' id='word_1_301' title='bbox 1530 2602 1674 2666; x_wconf 82' lang='lat' dir='ltr'><strong>Pyth.</strong></span> <span class='ocrx_word' id='word_1_302' title='bbox 1689 2604 1761 2650; x_wconf 92' lang='grc' dir='ltr'><strong>ΙΙ.</strong></span> <span class='ocrx_word' id='word_1_303' title='bbox 1780 2604 1861 2651; x_wconf 91' lang='grc'><strong>21.</strong></span> <span class='ocrx_word' id='word_1_304' title='bbox 1875 2620 2002 2666; x_wconf 79' lang='lat' dir='ltr'><strong>quem</strong></span> <span class='ocrx_word' id='word_1_305' title='bbox 2017 2619 2171 2668; x_wconf 84' lang='lat' dir='ltr'><strong>graece</strong></span> <span class='ocrx_word' id='word_1_306' title='bbox 2189 2613 2239 2652; x_wconf 89' lang='lat' dir='ltr'><strong>et</strong></span> <span class='ocrx_word' id='word_1_307' title='bbox 2254 2605 2391 2655; x_wconf 87' lang='lat' dir='ltr'><strong>docte</strong></span> 
     </span>
     <span class='ocr_line' id='line_1_57' title="bbox 1371 2666 2388 2732; baseline 0.003 -17"><span class='ocrx_word' id='word_1_308' title='bbox 1371 2682 1456 2730; x_wconf 85' lang='lat' dir='ltr'><strong>pro</strong></span> <span class='ocrx_word' id='word_1_309' title='bbox 1487 2669 1618 2730; x_wconf 73' lang='lat' dir='ltr'><strong>quod,</strong></span> <span class='ocrx_word' id='word_1_310' title='bbox 1653 2681 1717 2715; x_wconf 85' lang='lat' dir='ltr'><strong>sc.</strong></span> <span class='ocrx_word' id='word_1_311' title='bbox 1752 2666 2049 2725; x_wconf 89' lang='lat' dir='ltr'><strong>curriculum,</strong></span> <span class='ocrx_word' id='word_1_312' title='bbox 2082 2669 2323 2732; x_wconf 83' lang='lat' dir='ltr'><strong>quoniam,</strong></span> <span class='ocrx_word' id='word_1_313' title='bbox 2348 2670 2388 2718; x_wconf 87' lang='lat' dir='ltr'><strong>si</strong></span> 
     </span>
     <span class='ocr_line' id='line_1_58' title="bbox 1372 2732 2392 2797; baseline 0.002 -17"><span class='ocrx_word' id='word_1_314' title='bbox 1372 2745 1565 2780; x_wconf 85' lang='lat' dir='ltr'><strong>sensum</strong></span> <span class='ocrx_word' id='word_1_315' title='bbox 1594 2732 1866 2796; x_wconf 79' lang='lat' dir='ltr'><strong>respexeris,</strong></span> <span class='ocrx_word' id='word_1_316' title='bbox 1894 2732 1957 2780; x_wconf 84' lang='lat' dir='ltr'><strong>ad</strong></span> <span class='ocrx_word' id='word_1_317' title='bbox 1988 2748 2179 2797; x_wconf 89' lang='lat' dir='ltr'><strong>equum,</strong></span> <span class='ocrx_word' id='word_1_318' title='bbox 2201 2732 2250 2784; x_wconf 87' lang='lat' dir='ltr'><strong>h.</strong></span> <span class='ocrx_word' id='word_1_319' title='bbox 2271 2747 2315 2781; x_wconf 88' lang='lat' dir='ltr'><strong>e.</strong></span> <span class='ocrx_word' id='word_1_320' title='bbox 2335 2735 2392 2782; x_wconf 80' lang='lat' dir='ltr'><strong>fi-</strong></span> 
     </span>
     <span class='ocr_line' id='line_1_59' title="bbox 1372 2793 2392 2911; baseline 0.003 -67"><span class='ocrx_word' id='word_1_321' title='bbox 1372 2793 1507 2853; x_wconf 85' lang='lat' dir='ltr'><strong>lium,</strong></span> <span class='ocrx_word' id='word_1_322' title='bbox 1550 2803 1747 2862; x_wconf 81' lang='lat' dir='ltr'><strong>spectat.</strong></span> <span class='ocrx_word' id='word_1_323' title='bbox 1785 2796 1893 2911; x_wconf 47' lang='lat' dir='ltr'><strong>SICfi</strong></span> <span class='ocrx_word' id='word_1_324' title='bbox 1934 2796 2019 2846; x_wconf 88' lang='lat' dir='ltr'><strong>inf.</strong></span> <span class='ocrx_word' id='word_1_325' title='bbox 2043 2797 2126 2845; x_wconf 65' lang='lat' dir='ltr'><strong>nd</strong></span> <span class='ocrx_word' id='word_1_326' title='bbox 2169 2816 2214 2848; x_wconf 86' lang='lat' dir='ltr'><strong>v.</strong></span> <span class='ocrx_word' id='word_1_327' title='bbox 2249 2799 2392 2863; x_wconf 87' lang='grc'><strong>240.)</strong></span> 
     </span>
     <span class='ocr_line' id='line_1_60' title="bbox 1375 2869 2394 2999; baseline 0.002 -26"><span class='ocrx_word' id='word_1_328' title='bbox 1375 2939 1414 2974; x_wconf 74' lang='grc' dir='ltr'><strong>ε.</strong></span> <span class='ocrx_word' id='word_1_329' title='bbox 1440 2924 1641 2975; x_wconf 84' lang='lat' dir='ltr'><strong>doctore.</strong></span> <span class='ocrx_word' id='word_1_330' title='bbox 1674 2935 1813 2999; x_wconf 45' lang='lat' dir='ltr'><strong>metis·</strong></span> <span class='ocrx_word' id='word_1_331' title='bbox 1829 2869 2165 2990; x_wconf 41' lang='lat' dir='ltr'><strong>vicii-ciiiifbeqiiib</strong></span> <span class='ocrx_word' id='word_1_332' title='bbox 2185 2870 2394 2976; x_wconf 50' lang='lat' dir='ltr'><strong>igdbffi:</strong></span> 
     </span>
     <span class='ocr_line' id='line_1_61' title="bbox 1374 2988 2395 3041; baseline 0.003 -3"><span class='ocrx_word' id='word_1_333' title='bbox 1374 2989 1438 3038; x_wconf 83' lang='lat' dir='ltr'><strong>tis</strong></span> <span class='ocrx_word' id='word_1_334' title='bbox 1489 2988 1611 3039; x_wconf 83' lang='lat' dir='ltr'><strong>adeo</strong></span> <span class='ocrx_word' id='word_1_335' title='bbox 1664 2991 1922 3039; x_wconf 71' lang='lat' dir='ltr'><strong>mentxbus.</strong></span> <span class='ocrx_word' id='word_1_336' title='bbox 1972 2998 2028 3038; x_wconf 87' lang='lat' dir='ltr'><strong>ut</strong></span> <span class='ocrx_word' id='word_1_337' title='bbox 2066 2999 2215 3040; x_wconf 81' lang='lat' dir='ltr'><strong>metas</strong></span> <span class='ocrx_word' id='word_1_338' title='bbox 2255 3007 2395 3041; x_wconf 83' lang='lat' dir='ltr'><strong>cursu</strong></span> 
     </span>
     <span class='ocr_line' id='line_1_62' title="bbox 1375 3056 2398 3120; baseline 0.004 -18"><span class='ocrx_word' id='word_1_339' title='bbox 1375 3060 1669 3120; x_wconf 68' lang='lat' dir='ltr'><strong>preteream,</strong></span> <span class='ocrx_word' id='word_1_340' title='bbox 1713 3070 1801 3104; x_wconf 85' lang='lat' dir='ltr'><strong>nec</strong></span> <span class='ocrx_word' id='word_1_341' title='bbox 1841 3056 2015 3103; x_wconf 83' lang='lat' dir='ltr'><strong>circum</strong></span> <span class='ocrx_word' id='word_1_342' title='bbox 2056 3070 2138 3104; x_wconf 78' lang='lat' dir='ltr'><strong>eas</strong></span> <span class='ocrx_word' id='word_1_343' title='bbox 2175 3056 2306 3105; x_wconf 85' lang='lat' dir='ltr'><strong>flecti</strong></span> <span class='ocrx_word' id='word_1_344' title='bbox 2342 3070 2398 3106; x_wconf 75' lang='lat' dir='ltr'><strong>se</strong></span> 
     </span>
     <span class='ocr_line' id='line_1_63' title="bbox 1378 3118 2396 3184; baseline 0.002 -17"><span class='ocrx_word' id='word_1_345' title='bbox 1378 3118 1635 3184; x_wconf 82' lang='lat' dir='ltr'><strong>patiantur.</strong></span> <span class='ocrx_word' id='word_1_346' title='bbox 1699 3118 1920 3169; x_wconf 82' lang='lat' dir='ltr'><strong>Similiter</strong></span> <span class='ocrx_word' id='word_1_347' title='bbox 1952 3119 2134 3169; x_wconf 85' lang='lat' dir='ltr'><strong>animus</strong></span> <span class='ocrx_word' id='word_1_348' title='bbox 2161 3120 2212 3169; x_wconf 90' lang='lat' dir='ltr'><strong>in</strong></span> <span class='ocrx_word' id='word_1_349' title='bbox 2244 3120 2396 3169; x_wconf 82' lang='lat' dir='ltr'><strong>avari-</strong></span> 
     </span>
     <span class='ocr_line' id='line_1_64' title="bbox 1382 3183 2345 3249; baseline 0.004 -18"><span class='ocrx_word' id='word_1_350' title='bbox 1382 3183 1499 3232; x_wconf 81' lang='lat' dir='ltr'><strong>tiam</strong></span> <span class='ocrx_word' id='word_1_351' title='bbox 1519 3197 1727 3249; x_wconf 85' lang='lat' dir='ltr'><strong>praeceps</strong></span> <span class='ocrx_word' id='word_1_352' title='bbox 1747 3183 1864 3232; x_wconf 85' lang='lat' dir='ltr'><strong>fines</strong></span> <span class='ocrx_word' id='word_1_353' title='bbox 1881 3190 1930 3232; x_wconf 89' lang='lat' dir='ltr'><strong>et</strong></span> <span class='ocrx_word' id='word_1_354' title='bbox 1948 3185 2139 3234; x_wconf 88' lang='lat' dir='ltr'><strong>modum</strong></span> <span class='ocrx_word' id='word_1_355' title='bbox 2160 3189 2345 3235; x_wconf 81' lang='lat' dir='ltr'><strong>transit.</strong></span> 
     </span>
     <span class='ocr_line' id='line_1_65' title="bbox 1445 3248 2397 3313; baseline 0.002 -16"><span class='ocrx_word' id='word_1_356' title='bbox 1445 3248 1563 3298; x_wconf 82' lang='grc'><strong>233.</strong></span> <span class='ocrx_word' id='word_1_357' title='bbox 1584 3263 1715 3313; x_wconf 84' lang='lat' dir='ltr'><strong>seqq.</strong></span> <span class='ocrx_word' id='word_1_358' title='bbox 1737 3249 1888 3298; x_wconf 84' lang='lat' dir='ltr'><strong>Poeta</strong></span> <span class='ocrx_word' id='word_1_359' title='bbox 1907 3265 2014 3299; x_wconf 79' lang='lat' dir='ltr'><strong>vete</strong></span> <span class='ocrx_word' id='word_1_360' title='bbox 2037 3257 2084 3300; x_wconf 91' lang='lat' dir='ltr'><strong>et</strong></span> <span class='ocrx_word' id='word_1_361' title='bbox 2114 3258 2293 3299; x_wconf 80' lang='lat' dir='ltr'><strong>naturae</strong></span> <span class='ocrx_word' id='word_1_362' title='bbox 2313 3250 2397 3299; x_wconf 86' lang='lat' dir='ltr'><strong>ho·</strong></span> 
     </span>
     <span class='ocr_line' id='line_1_66' title="bbox 1382 3310 2402 3381; baseline 0.002 -21"><span class='ocrx_word' id='word_1_363' title='bbox 1382 3312 1563 3361; x_wconf 79' lang='lat' dir='ltr'><strong>minum</strong></span> <span class='ocrx_word' id='word_1_364' title='bbox 1633 3312 1961 3363; x_wconf 77' lang='lat' dir='ltr'><strong>convenienter</strong></span> <span class='ocrx_word' id='word_1_365' title='bbox 2032 3310 2402 3381; x_wconf 68' lang='lat' dir='ltr'><strong>philosophetur.</strong></span> 
     </span>
     <span class='ocr_line' id='line_1_67' title="bbox 1387 3376 2401 3442; baseline -0.002 -16"><span class='ocrx_word' id='word_1_366' title='bbox 1387 3376 1527 3426; x_wconf 82' lang='lat' dir='ltr'><strong>Nemo</strong></span> <span class='ocrx_word' id='word_1_367' title='bbox 1549 3378 1655 3425; x_wconf 79' lang='lat' dir='ltr'><strong>satis</strong></span> <span class='ocrx_word' id='word_1_368' title='bbox 1685 3393 1789 3426; x_wconf 84' lang='lat' dir='ltr'><strong>esse</strong></span> <span class='ocrx_word' id='word_1_369' title='bbox 1820 3381 1979 3434; x_wconf 77' lang='lat' dir='ltr'><strong>credit,</strong></span> <span class='ocrx_word' id='word_1_370' title='bbox 2000 3379 2227 3428; x_wconf 83' lang='lat' dir='ltr'><strong>subficere</strong></span> <span class='ocrx_word' id='word_1_371' title='bbox 2247 3384 2401 3442; x_wconf 85' lang='lat' dir='ltr'><strong>putat,</strong></span> 
     </span>
     <span class='ocr_line' id='line_1_68' title="bbox 1382 3440 2404 3505; baseline 0 -15"><span class='ocrx_word' id='word_1_372' title='bbox 1382 3440 1497 3490; x_wconf 76' lang='lat' dir='ltr'><strong>satis</strong></span> <span class='ocrx_word' id='word_1_373' title='bbox 1523 3441 1688 3492; x_wconf 78' lang='lat' dir='ltr'><strong>habet.</strong></span> <span class='ocrx_word' id='word_1_374' title='bbox 1751 3442 1868 3490; x_wconf 85' lang='lat'><strong>234.</strong></span> <span class='ocrx_word' id='word_1_375' title='bbox 1887 3443 2125 3505; x_wconf 71' lang='lat' dir='ltr'><strong>indulgent</strong></span> <span class='ocrx_word' id='word_1_376' title='bbox 2154 3445 2237 3490; x_wconf 82' lang='lat' dir='ltr'><strong>sibi</strong></span> <span class='ocrx_word' id='word_1_377' title='bbox 2268 3443 2404 3490; x_wconf 76' lang='lat' dir='ltr'><strong>latius</strong></span> 
     </span>
     <span class='ocr_line' id='line_1_69' title="bbox 1382 3504 2401 3566; baseline 0.002 -13"><span class='ocrx_word' id='word_1_378' title='bbox 1382 3507 1484 3566; x_wconf 77' lang='lat' dir='ltr'><strong>ipsi,</strong></span> <span class='ocrx_word' id='word_1_379' title='bbox 1520 3504 1622 3561; x_wconf 87' lang='lat' dir='ltr'><strong>filii,</strong></span> <span class='ocrx_word' id='word_1_380' title='bbox 1662 3520 1756 3553; x_wconf 90' lang='lat' dir='ltr'><strong>non</strong></span> <span class='ocrx_word' id='word_1_381' title='bbox 1794 3504 2003 3554; x_wconf 84' lang='lat' dir='ltr'><strong>contenti</strong></span> <span class='ocrx_word' id='word_1_382' title='bbox 2040 3505 2179 3554; x_wconf 88' lang='lat' dir='ltr'><strong>modo</strong></span> <span class='ocrx_word' id='word_1_383' title='bbox 2210 3504 2401 3555; x_wconf 83' lang='lat' dir='ltr'><strong>finibus-</strong></span> 
     </span>
     <span class='ocr_line' id='line_1_70' title="bbox 1385 3567 2321 3635; baseline 0.003 -18"><span class='ocrx_word' id='word_1_384' title='bbox 1385 3583 1493 3635; x_wconf 86' lang='lat' dir='ltr'><strong>que,</strong></span> <span class='ocrx_word' id='word_1_385' title='bbox 1517 3584 1548 3617; x_wconf 86' lang='lat' dir='ltr'>a</span> <span class='ocrx_word' id='word_1_386' title='bbox 1566 3576 1701 3634; x_wconf 72' lang='lat' dir='ltr'><strong>patre</strong></span> <span class='ocrx_word' id='word_1_387' title='bbox 1720 3567 1938 3626; x_wconf 83' lang='lat' dir='ltr'><strong>definitis,</strong></span> <span class='ocrx_word' id='word_1_388' title='bbox 1961 3584 2042 3618; x_wconf 83' lang='lat' dir='ltr'><strong>eos</strong></span> <span class='ocrx_word' id='word_1_389' title='bbox 2062 3576 2321 3620; x_wconf 79' lang='lat' dir='ltr'><strong>transeunt.</strong></span> 
     </span>
     <span class='ocr_line' id='line_1_71' title="bbox 1449 3634 2403 3697; baseline 0.004 -16"><span class='ocrx_word' id='word_1_390' title='bbox 1449 3634 1563 3683; x_wconf 88' lang='grc'><strong>235.</strong></span> <span class='ocrx_word' id='word_1_391' title='bbox 1584 3648 1716 3697; x_wconf 80' lang='lat' dir='ltr'><strong>seqq.</strong></span> <span class='ocrx_word' id='word_1_392' title='bbox 1750 3634 1913 3692; x_wconf 86' lang='lat' dir='ltr'><strong>Quum</strong></span> <span class='ocrx_word' id='word_1_393' title='bbox 1933 3634 2128 3683; x_wconf 82' lang='lat' dir='ltr'><strong>stultum</strong></span> <span class='ocrx_word' id='word_1_394' title='bbox 2148 3649 2250 3684; x_wconf 73' lang='lat' dir='ltr'><strong>esse</strong></span> <span class='ocrx_word' id='word_1_395' title='bbox 2268 3634 2403 3693; x_wconf 82' lang='lat' dir='ltr'><strong>dicis,</strong></span> 
     </span>
     <span class='ocr_line' id='line_1_72' title="bbox 1383 3696 2405 3762; baseline 0.003 -17"><span class='ocrx_word' id='word_1_396' title='bbox 1383 3696 1471 3762; x_wconf 71' lang='lat' dir='ltr'><strong>,qui</strong></span> <span class='ocrx_word' id='word_1_397' title='bbox 1514 3697 1619 3747; x_wconf 83' lang='lat' dir='ltr'><strong>aliis</strong></span> <span class='ocrx_word' id='word_1_398' title='bbox 1659 3697 1783 3747; x_wconf 89' lang='lat' dir='ltr'><strong>bene</strong></span> <span class='ocrx_word' id='word_1_399' title='bbox 1833 3696 2005 3760; x_wconf 76' lang='lat' dir='ltr'><strong>faciat3</strong></span> <span class='ocrx_word' id='word_1_400' title='bbox 2056 3698 2196 3749; x_wconf 85' lang='lat' dir='ltr'><strong>doces</strong></span> <span class='ocrx_word' id='word_1_401' title='bbox 2238 3699 2405 3757; x_wconf 86' lang='lat' dir='ltr'><strong>filium,</strong></span> 
     </span>
     <span class='ocr_line' id='line_1_73' title="bbox 1388 3761 2406 3831; baseline 0.005 -21"><span class='ocrx_word' id='word_1_402' title='bbox 1388 3777 1687 3827; x_wconf 88' lang='lat' dir='ltr'><strong>quocumque</strong></span> <span class='ocrx_word' id='word_1_403' title='bbox 1717 3761 1857 3813; x_wconf 90' lang='lat' dir='ltr'><strong>modo</strong></span> <span class='ocrx_word' id='word_1_404' title='bbox 1887 3762 2075 3814; x_wconf 83' lang='lat' dir='ltr'><strong>divitias</strong></span> <span class='ocrx_word' id='word_1_405' title='bbox 2106 3764 2196 3813; x_wconf 88' lang='lat' dir='ltr'><strong>sibi</strong></span> <span class='ocrx_word' id='word_1_406' title='bbox 2224 3780 2406 3831; x_wconf 84' lang='lat' dir='ltr'><strong>parare.</strong></span> 
     </span>
     <span class='ocr_line' id='line_1_74' title="bbox 1388 3828 2407 3890; baseline 0.003 -15"><span class='ocrx_word' id='word_1_407' title='bbox 1388 3828 1504 3876; x_wconf 82' lang='lat'><strong>236.</strong></span> <span class='ocrx_word' id='word_1_408' title='bbox 1520 3835 1829 3890; x_wconf 68' lang='lat' dir='ltr'><strong>paupenatem</strong></span> <span class='ocrx_word' id='word_1_409' title='bbox 1859 3829 2003 3877; x_wconf 79' lang='lat' dir='ltr'><strong>levare</strong></span> <span class='ocrx_word' id='word_1_410' title='bbox 2032 3839 2076 3878; x_wconf 82' lang='lat' dir='ltr'><strong>et</strong></span> <span class='ocrx_word' id='word_1_411' title='bbox 2104 3831 2330 3886; x_wconf 63' lang='lat' dir='ltr'><strong>adtollere,</strong></span> <span class='ocrx_word' id='word_1_412' title='bbox 2353 3838 2407 3879; x_wconf 84' lang='lat' dir='ltr'><strong>ut</strong></span> 
     </span>
     <span class='ocr_line' id='line_1_75' title="bbox 1389 3893 2410 3960; baseline 0 -19"><span class='ocrx_word' id='word_1_413' title='bbox 1389 3899 1558 3953; x_wconf 82' lang='lat' dir='ltr'><strong>contra</strong></span> <span class='ocrx_word' id='word_1_414' title='bbox 1581 3901 1863 3954; x_wconf 76' lang='lat' dir='ltr'><strong>paupertate,</strong></span> <span class='ocrx_word' id='word_1_415' title='bbox 1883 3893 1960 3942; x_wconf 82' lang='lat' dir='ltr'><strong>vel</strong></span> <span class='ocrx_word' id='word_1_416' title='bbox 1978 3893 2119 3953; x_wconf 82' lang='lat' dir='ltr'><strong>fame,</strong></span> <span class='ocrx_word' id='word_1_417' title='bbox 2140 3895 2297 3960; x_wconf 84' lang='lat' dir='ltr'><strong>inopia</strong></span> <span class='ocrx_word' id='word_1_418' title='bbox 2318 3901 2410 3942; x_wconf 83' lang='lat' dir='ltr'><strong>cet.</strong></span> 
     </span>
     <span class='ocr_line' id='line_1_76' title="bbox 1390 3956 2407 4032; baseline 0.002 -28"><span class='ocrx_word' id='word_1_419' title='bbox 1390 3956 1548 4019; x_wconf 51' lang='lat' dir='ltr'><strong>‘po-enm</strong></span> <span class='ocrx_word' id='word_1_420' title='bbox 1568 3959 1739 4023; x_wconf 79' lang='lat' dir='ltr'><strong>urgeri,</strong></span> <span class='ocrx_word' id='word_1_421' title='bbox 1755 3961 1944 4032; x_wconf 75' lang='lat' dir='ltr'><strong>gravari</strong></span> <span class='ocrx_word' id='word_1_422' title='bbox 1963 3958 2177 4014; x_wconf 86' lang='lat' dir='ltr'><strong>dicimur,</strong></span> <span class='ocrx_word' id='word_1_423' title='bbox 2197 3957 2407 4021; x_wconf 82' lang='lat' dir='ltr'><strong>metaph.</strong></span> 
     </span>
     <span class='ocr_line' id='line_1_77' title="bbox 1395 4022 2407 4088; baseline -0.001 -19"><span class='ocrx_word' id='word_1_424' title='bbox 1395 4022 1457 4070; x_wconf 83' lang='lat' dir='ltr'><strong>ab</strong></span> <span class='ocrx_word' id='word_1_425' title='bbox 1497 4036 1636 4072; x_wconf 76' lang='lat' dir='ltr'><strong>onere</strong></span> <span class='ocrx_word' id='word_1_426' title='bbox 1674 4029 1838 4088; x_wconf 69' lang='lat' dir='ltr'><strong>petita.</strong></span> <span class='ocrx_word' id='word_1_427' title='bbox 1908 4024 2021 4072; x_wconf 81' lang='lat'><strong>237.</strong></span> <span class='ocrx_word' id='word_1_428' title='bbox 2040 4023 2407 4076; x_wconf 76' lang='lat' dir='ltr'><strong>circumscribere,</strong></span> 
     </span>
     <span class='ocr_line' id='line_1_78' title="bbox 1395 4085 2412 4154; baseline -0.002 -18"><span class='ocrx_word' id='word_1_429' title='bbox 1395 4085 1630 4154; x_wconf 88' lang='lat' dir='ltr'><strong>decipere,</strong></span> <span class='ocrx_word' id='word_1_430' title='bbox 1652 4085 1885 4137; x_wconf 79' lang='lat' dir='ltr'><strong>fraudare.</strong></span> <span class='ocrx_word' id='word_1_431' title='bbox 1919 4086 1997 4136; x_wconf 86' lang='lat' dir='ltr'><strong>Cf.</strong></span> <span class='ocrx_word' id='word_1_432' title='bbox 2018 4102 2123 4152; x_wconf 85' lang='lat' dir='ltr'><strong>sup.</strong></span> <span class='ocrx_word' id='word_1_433' title='bbox 2145 4085 2206 4132; x_wconf 87' lang='lat' dir='ltr'><strong>ad</strong></span> <span class='ocrx_word' id='word_1_434' title='bbox 2218 4086 2280 4133; x_wconf 91' lang='lat' dir='ltr'><strong>X.</strong></span> <span class='ocrx_word' id='word_1_435' title='bbox 2296 4085 2412 4134; x_wconf 81' lang='lat'><strong>222&#39;.</strong></span> 
     </span>
     <span class='ocr_line' id='line_1_79' title="bbox 1392 4150 2410 4215; baseline -0.005 -14"><span class='ocrx_word' id='word_1_436' title='bbox 1392 4153 1509 4202; x_wconf 86' lang='grc'><strong>238.</strong></span> <span class='ocrx_word' id='word_1_437' title='bbox 1528 4154 1763 4215; x_wconf 77' lang='lat' dir='ltr'><strong>anquirere</strong></span> <span class='ocrx_word' id='word_1_438' title='bbox 1793 4152 1938 4203; x_wconf 85' lang='lat' dir='ltr'><strong>etiam</strong></span> <span class='ocrx_word' id='word_1_439' title='bbox 1969 4152 2018 4198; x_wconf 85' lang='lat' dir='ltr'><strong>h.</strong></span> <span class='ocrx_word' id='word_1_440' title='bbox 2052 4151 2084 4196; x_wconf 91' lang='lat' dir='ltr'><strong>l.</strong></span> <span class='ocrx_word' id='word_1_441' title='bbox 2122 4156 2176 4198; x_wconf 89' lang='lat' dir='ltr'><strong>ut</strong></span> <span class='ocrx_word' id='word_1_442' title='bbox 2212 4165 2260 4198; x_wconf 85' lang='lat' dir='ltr'><strong>v.</strong></span> <span class='ocrx_word' id='word_1_443' title='bbox 2298 4150 2410 4198; x_wconf 88' lang='grc'><strong>223.</strong></span> 
     </span>
     <span class='ocr_line' id='line_1_80' title="bbox 1396 4213 2412 4330; baseline -0.003 -65"><span class='ocrx_word' id='word_1_444' title='bbox 1396 4233 1476 4329; x_wconf 49' lang='lat' dir='ltr'><strong>{H</strong></span> <span class='ocrx_word' id='word_1_445' title='bbox 1510 4217 1790 4330; x_wconf 60' lang='lat' dir='ltr'><strong>iIca2ri⁵4poe8ss</strong></span> <span class='ocrx_word' id='word_1_446' title='bbox 1793 4251 1807 4265; x_wconf 90' lang='lat'><strong>.</strong></span> <span class='ocrx_word' id='word_1_447' title='bbox 1870 4217 1984 4269; x_wconf 80' lang='lat'><strong>239.</strong></span> <span class='ocrx_word' id='word_1_448' title='bbox 2007 4214 2261 4270; x_wconf 66' lang='lat' dir='ltr'><strong>Deciorum,</strong></span> <span class='ocrx_word' id='word_1_449' title='bbox 2283 4229 2329 4262; x_wconf 85' lang='lat' dir='ltr'><strong>v.</strong></span> <span class='ocrx_word' id='word_1_450' title='bbox 2350 4213 2412 4262; x_wconf 80' lang='lat' dir='ltr'><strong>ad</strong></span> 
     </span>
     <span class='ocr_line' id='line_1_81' title="bbox 1462 4296 2418 4403; baseline 0 -12"><span class='ocrx_word' id='word_1_451' title='bbox 1462 4345 1581 4392; x_wconf 80' lang='lat'>240.</span> <span class='ocrx_word' id='word_1_452' title='bbox 1612 4296 1880 4403; x_wconf 20' lang='lat' dir='ltr'><strong>*Mensgileua</strong></span> <span class='ocrx_word' id='word_1_453' title='bbox 1917 4340 2154 4397; x_wconf 76' lang='lat' dir='ltr'><strong>CreontiS,</strong></span> <span class='ocrx_word' id='word_1_454' title='bbox 2199 4342 2418 4399; x_wconf 76' lang='lat' dir='ltr'><strong>Thebani</strong></span> 
     </span>
    </p>
   </div>
  </div>
 </body>
</html>
