2978 4920
983 321 1423 385 SATIRA
1497 322 1568 382 V.

344 509 452 573 Bis
481 509 667 585 ferat,
700 508 1047 570 Etruscum
1077 526 1277 590 puero
1308 503 1359 566 si
1388 503 1653 590 contigit
1684 526 1934 582 aurum,

341 608 457 673 Vel
485 607 691 673 nodus
721 617 997 682 tantum,
1029 618 1090 668 et
1125 605 1377 690 signum
1408 602 1487 666 de
1517 626 1795 690 paupere
1823 603 2005 666 loro?

343 712 497 798 Spes
523 710 683 774 bene
714 706 1002 772 coenandi
1031 728 1143 770 vos
1164 703 1418 791 decipit.
1464 726 1605 767 ecoe
1635 704 1812 769 dabit
1826 705 1959 790 jam

347 813 664 876 Semesum
696 811 997 897 leporem,
1030 819 1225 894 atque
1256 804 1499 891 aliquid
1530 804 1608 868 de
1636 805 1931 869 'clunibus
1959 806 2115 893 apri.

342 913 456 977 Ad
485 937 597 977 nos
618 915 754 999 jam
775 910 982 974 veniet
1015 911 1219 973 minor
1248 908 1461 972 altilis.

347 1017 725 1100 Intactoque
754 1036 968 1077 omnes
997 1025 1062 1075 et
1086 1012 1304 1076 stricto
1334 1034 1496 1097 pane
1520 1011 1755 1076 tacetis.

349 1114 469 1176 Ille
499 1114 685 1199 sapit,
717 1112 830 1200 qui
860 1124 924 1176 te
954 1112 1038 1175 sic
1069 1111 1292 1175 utitur.

291 1260 302 1277 ,
351 1215 419 1278 Si
448 1216 650 1300 pot‘es⁹
680 1225 744 1278 et
775 1213 982 1277 debeS.

2202 322 2326 385 103

2204 601 2330 667 165

1554 908 1714 972 Inde
1736 922 1959 995 parato

1384 1110 1615 1174 Omnia
1641 1110 1805 1173 ferre
2210 1113 2336 1177 170

1071 1212 1466 1276 Pulsandum
1495 1211 1728 1276 vertice
1757 1210 1897 1276 raso

265 1328 271 1336 '
347 1313 672 1377 Praebebis
701 1308 1084 1401 quandoque
1115 1325 1331 1399 caput,
1360 1334 1475 1375 nec
1507 1311 1668 1376 dura
1698 1312 1948 1377 timebis

348 1411 586 1499 Flagra
612 1414 769 1497 pati,
798 1412 899 1476 his
928 1411 1134 1498 epulis
1162 1424 1225 1476 et
1255 1410 1368 1476 tali
1397 1411 1630 1496 dignus
1658 1412 1874 1476 amicO.

265 1596 314 1638 et
324 1595 661 1646 contumelias,
681 1592 908 1655 bissem,
926 1593 1173 1638 utiterum
1198 1593 1274 1637 in-

265 1657 451 1703 vitatus
471 1659 532 1704 ad
548 1672 734 1704 coenam
759 1658 940 1714 veniat,
956 1657 1276 1703 Etruscum-

261 1719 361 1767 loro
381 1723 438 1769 h.
459 1736 502 1769 e.
524 1723 564 1767 si
587 1723 824 1781 ingenuus
842 1728 914 1765 est
935 1728 984 1765 et
1008 1721 1179 1766 nobilis
1190 1735 1273 1780 ge-

264 1798 394 1839 nere,
426 1787 500 1831 vel
522 1792 712 1832 tantum
737 1786 988 1830 libertinus
1008 1792 1054 1829 et
1080 1798 1273 1844 pauper.

263 1863 439 1895 aarum
452 1850 702 1896 Etruscum
717 1851 848 1894 bulla
859 1863 1023 1905 aurea,
1039 1850 1195 1894 cordis
1209 1849 1280 1894 fe..

263 1926 315 1959 re
328 1914 507 1974 figura,
520 1928 578 1960 ex
592 1914 715 1958 collo
729 1914 776 1958 in
796 1920 961 1971 pectus
972 1913 1243 1971 dependens
1257 1927 1274 1967 3

263 1980 393 2037 quod
433 1979 619 2038 insigne
649 1990 905 2036 puerorum
940 1977 1278 2038 ingenuorum,

266 2049 324 2086 ut
367 2042 530 2087 multa
567 2042 796 2095 aliorum,
829 2041 953 2098 inpr.
988 2053 1176 2098 regum,
1218 2043 1280 2086 ab

268 2105 493 2152 Etruscis
510 2106 717 2163 petitum
740 2106 941 2150 videtur.
986 2104 1277 2162 Tarquinius

265 2170 462 2216 Priscus
467 2168 628 2228 filium
650 2168 803 2214 XIII
818 2181 1064 2223 annorum,
1087 2166 1206 2226 quod
1228 2169 1281 2213 in

256 2234 430 2294 proelio
447 2235 517 2286 (in
540 2231 663 2277 bello
687 2233 808 2277 forte
831 2245 914 2290 per
931 2244 1105 2276 novem
1128 2245 1281 2283 annos

267 2310 387 2343 cnm
411 2296 634 2342 Etruscis
652 2303 810 2354 gesto)
842 2292 1015 2341 hostem
1030 2295 1280 2353 percussis-

264 2365 355 2418 set,
364 2359 819 2420 preterita-bullaque
830 2359 1016 2403 donavit
1029 2358 1293 2412 {undehaec

262 2426 587 2485 ingenuorum
605 2436 851 2481 puerorum
867 2423 1077 2481 insignia
1092 2435 1185 2469 cuc
1197 2437 1282 2470 ατ,

257 2493 467 2549 perant,
492 2488 658 2533 Aurel.
678 2487 849 2532 Victor
879 2487 941 2530 de
974 2486 1061 2531 vir.
1086 2488 1154 2531 ill.
1176 2501 1219 2533 c.
1238 2491 1283 2532 6.

266 2552 422 2598 Pueri
439 2551 621 2597 nobiles
631 2565 686 2597 ac
697 2550 869 2595 divites
887 2551 1145 2595 utebantur
1158 2552 1288 2597 bulla

265 2627 439 2667 turea,
459 2616 638 2661 humili
663 2628 773 2661 vero
795 2614 900 2659 loco
919 2613 1288 2672 nath-‘pauperes

266 2687 318 2727 et
340 2681 562 2726 libertini
584 2685 792 2733 scortea.
807 2680 858 2724 h.
879 2692 920 2723 e·
944 2691 973 2723 e
989 2678 1122 2723 corio
1140 2679 1288 2734 facta,

266 2747 345 2796 vel
359 2744 463 2806 loro
474 2761 494 2798 ,·
520 2746 615 2792 nisi
627 2745 785 2803 potius
800 2743 953 2789 lorum
965 2747 1038 2787 est
1055 2742 1287 2800 ligamen.-

269 2816 382 2856 tum
408 2823 529 2854 cum
553 2810 695 2861 nodo,
718 2808 820 2852 sine
842 2808 993 2859 bulla,
1018 2820 1078 2851 ex
1095 2820 1153 2851 eo
1169 2820 1288 2865 pen-

268 2875 441 2919 dente.
474 2873 551 2918 De
573 2872 754 2930 origine
770 2884 1009 2929 causaque
1025 2865 1171 2931 hujus
1185 2885 1288 2916 mo·

268 2938 338 2983 ris
369 2941 422 2982 et
443 2938 606 2982 forma
639 2935 784 2981 bullae
803 2943 848 2979 v.
883 2936 989 2980 loca
1020 2936 1160 2981 class.
1179 2931 1287 2980 Ma*-

269 3003 404 3047 crob.
424 3000 593 3049 Sam-1.
615 3000 665 3047 Θ.
679 3000 809 3045 Plin.
826 2998 1086 3044 xxxm.
1103 2998 1148 3047 1.
1162 3000 1290 3045 Plut.

272 3065 323 3111 in
350 3065 572 3120 Romulo
593 3078 640 3123 p.
663 3063 746 3110 30.
761 3069 812 3109 et
832 3062 1005 3107 Festus
1025 3064 1076 3107 h.
1093 3077 1141 3116 v,

341 3129 457 3176 166.
494 3129 617 3173 Ecce
648 3126 1004 3183 dabit-alti.is,
1039 3130 1182 3172 verba
1217 3126 1290 3186 vel

270 3194 440 3252 potius
474 3192 790 3251 cogitationes
824 3192 1047 3250 pauperis
1090 3192 1292 3239 clientis.

277 3257 388 3304 168.
424 3256 594 3313 altilis,
627 3256 824 3315 gallina,
855 3261 913 3299 ut
946 3267 1053 3313 sup.
1087 3269 1145 3302 ν.
1186 3253 1293 3301 115.

272 3323 453 3378 noim,
464 3329 673 3373 semesa,
688 3318 942 3377 inda-quie
950 3320 1170 3377 speratis,
1186 3332 1295 3378 par-

275 3389 378 3431 tem
414 3386 643 3442 ciborum
680 3383 1012 3429 delicatiorum
1045 3385 1180 3428 vobis
1214 3385 1297 3434 da-

275 3453 387 3494 tum
422 3449 507 3502 iri,
527 3450 706 3505 tacetis,
731 3461 825 3493 nou
851 3446 1106 3506 postulatis
1132 3461 1296 3506 panem

270 3517 522 3573 paratum,
544 3525 689 3571 quem
712 3524 902 3557 sumere
923 3510 1077 3556 cuivis
1092 3511 1225 3569 lieet,
1248 3517 1297 3556 et

275 3578 524 3634 mic-tum,
540 3583 775 3632 secatum,
797 3574 876 3637 (ut
896 3587 975 3634 ap.
997 3575 1133 3635 Virg.
1149 3576 1235 3621 Ge.
1255 3574 1295 3620 1.

275 3640 420 3698 317.)
441 3642 662 3701 adeoque
683 3641 733 3685 in
749 3640 893 3700 pleno
910 3639 1131 3685 convivio
1146 3641 1298 3686 esuri-

278 3705 364 3756 tis.
428 3707 519 3752 An
539 3717 710 3764 sensus
741 3709 840 3751 est:
874 3706 1062 3763 tacetis,
1077 3705 1298 3765 suspensi

1336 1593 1691 1651 exspectatione
1704 1602 1751 1640 et
1762 1596 1887 1641 inter
1898 1608 2032 1655 spem
2044 1600 2342 1654 metumque,

1333 1660 1557 1716 paratum
1577 1671 1766 1716 semper
1796 1666 1845 1704 et
1867 1660 1919 1705 in
1947 1666 2140 1718 promtu
2166 1660 2343 1706 haben-

1340 1727 1432 1777 tes,
1460 1733 1516 1765 ac
1555 1723 1848 1780 stringentes,
1882 1724 2227 1777 inminuentes,
2260 1736 2344 1782 pa-

1339 1798 1473 1841 nem,
1519 1797 1632 1830 cum
1676 1785 1773 1830 illis
1820 1788 1939 1833 cibis
1977 1787 2346 1839 comedendum,

1339 1861 1485 1907 quem
1520 1855 1683 1894 tamen
1706 1862 1798 1895 non
1818 1852 2031 1911 tangitis,
2050 1851 2208 1904 editis,
2228 1864 2347 1909 quo-

1342 1913 1471 1956 niam
1511 1912 1583 1957 illi
1615 1913 1710 1959 cibi
1748 1916 1883 1960 vobis
1915 1929 2011 1960 non
2045 1915 2349 1963 exhibentur.

1343 1973 1551 2022 lvo—4.
1585 1977 1744 2023 Verba
1772 1991 1887 2024 cum
1919 1979 2250 2038 indignatione
2277 1978 2348 2024 di-

1343 2038 1451 2086 cta!
1500 2041 1593 2087 Ille
1612 2041 1757 2087 Virro
1778 2043 1917 2102 sapit,
1933 2045 2015 2104 qui
2032 2047 2074 2087 te
2090 2042 2154 2087 sie
2177 2043 2347 2097 utitur,

1341 2109 1444 2148 tam
1476 2106 1820 2151 contumeliose
1852 2121 1908 2153 ac
1941 2107 2141 2166 superbe
2174 2113 2222 2151 te
2252 2111 2351 2152 tra-

1341 2171 1470 2213 ctatz
1505 2166 1621 2213 facit
1641 2169 1691 2214 id
1723 2171 1897 2216 merito
1918 2178 2033 2225 tu03
2069 2170 2243 2229 dignus
2275 2184 2349 2229 es,

1343 2231 1428 2290 qui
1460 2232 1530 2276 ita
1561 2233 1795 2278 tracteris.
1841 2236 1882 2279 si
1904 2239 2056 2293 potes,
2086 2241 2151 2288 et,
2183 2236 2353 2291 etism,

1344 2294 1470 2340 debes
1483 2310 1500 2339 .·
1525 2309 1635 2355 quae
1647 2302 1760 2355 apta
1775 2303 1823 2341 et
1840 2299 1998 2355 gravis
2011 2303 2084 2344 est
2099 2298 2355 2349 sententia.

1341 2356 1461 2406 171.
1482 2372 1581 2418 seq.
1616 2359 1737 2406 Haec
1759 2368 1974 2418 spectant
2007 2364 2068 2408 ad
2091 2369 2233 2421 turpe
2265 2364 2352 2409 ho-

1346 2424 1540 2472 minum
1562 2436 1733 2483 genus,
1745 2425 1806 2469 ad
1828 2427 2170 2484 pantomimos,
2192 2439 2225 2472 a
2242 2428 2353 2488 qui-

1346 2488 1586 2543 bus,risus
1601 2488 1756 2534 ciendi
1770 2502 2014 2546 causa,res
2021 2490 2137 2535 vitae
2147 2493 2356 2549 quotidi-

1350 2565 1456 2596 snae
1503 2551 1750 2597 vilissimae
1787 2552 2210 2612 lascivissimaeque
2247 2561 2354 2602 tum

1350 2615 1502 2660 oculis
1514 2610 1677 2675 objici,
1693 2621 1798 2659 turn
1813 2616 1969 2661 verbis
1984 2617 2260 2662 scurrilibus
2273 2621 2356 2664 ob-

1353 2678 1843 2737 scaenisque-exprimi
1868 2680 2100 2733 solebant,
2123 2681 2237 2725 etin
2258 2694 2356 2728 sce-

1353 2756 1470 2792 nam
1493 2743 1778 2801 plerumque
1791 2744 1956 2789 induci
1975 2745 2203 2803 servi,qui
2216 2747 2361 2803 capite

1352 2820 1457 2852 raso
1468 2812 1517 2860 et
1529 2807 1611 2851 vili
1630 2809 1919 2853 centunculo
1934 2809 2092 2855 induti
2108 2815 2263 2862 erant,
2282 2811 2358 2856 vel

1352 2870 1433 2915 alii
1455 2870 1638 2916 infimae
1658 2871 1944 2917 conditionis
1957 2872 2198 2930 homines,
2211 2875 2362 2933 capita

1354 2947 1440 2980 sua
1450 2933 1703 2994 pulsantes,
1718 2936 1769 2982 h.
1793 2949 1837 2981 e.
1857 2937 2068 2996 colaphis
2090 2940 2359 2997 percutien-

1355 3006 1447 3055 tes,
1483 3000 1634 3052 (unde
1675 2998 2024 3047 Mamercorum
2077 3002 2226 3061 olopoe
2270 3002 2357 3049 inf.

1355 3062 1499 3111 vlu.
1526 3062 1659 3120 192.)
1691 3069 1778 3109 eut
1808 3067 2159 3113 contundentes
2184 3079 2243 3111 σε
2265 3080 2360 3114 cae·

1354 3126 1603 3187 stibusque
1617 3129 1916 3188 mutilanteS‚
1936 3135 2021 3174 aut
2041 3136 2359 3178 scortatorum

1353 3192 1750 3253 ‚cinaedorumque
1778 3193 2111 3253 turpitudinem
2137 3208 2362 3247 exercen-

1358 3262 1431 3299 tes
1453 3252 1546 3301 ceI.
1583 3254 1657 3302 cf.
1686 3256 1898 3305 Martial.
1932 3258 1999 3303 11.
2022 3259 2102 3306 72.
2123 3266 2172 3303 et
2196 3258 2258 3304 V.
2280 3248 2360 3304 62.

1358 3319 1457 3365 Alii
1479 3320 1586 3366 haec
1606 3320 1821 3365 referunt
1841 3323 1901 3367 ad
1931 3323 2101 3367 duram
2135 3321 2364 3379 parasito-

1331 3415 1336 3418 .
1357 3384 1826 3442 rummanditionem,
1835 3386 1921 3443 qui
1936 3392 2043 3430 tum
2054 3385 2245 3430 ridiculi
2263 3381 2366 3446 (yn-

1362 3444 1615 3508 λατοιηιοὶ)
1634 3454 1740 3492 tum
1760 3449 2067 3506 plagipatidae
2095 3448 2295 3501 fuerint,
2315 3453 2364 3493 et

1361 3524 1437 3569 eo,
1450 3512 1579 3570 quod
1595 3511 1669 3556 vel
1680 3512 1804 3555 servi
1816 3518 1869 3556 ut
1882 3512 2147 3572 plurimum
2161 3512 2276 3562 olim
2287 3511 2364 3558 fu-

1361 3576 1485 3621 erint
1499 3576 1642 3628 tonsi,
1664 3574 1740 3619 vel
1758 3572 1934 3619 scurris
1950 3574 2108 3633 potius
2125 3579 2172 3621 et
2188 3574 2363 3622 morio·

1361 3640 1506 3685 nibus
1527 3639 1684 3697 capita
1700 3640 1765 3683 'ad
1791 3633 2052 3686 ludibrium
2065 3639 2193 3687 rasa.
2220 3651 2365 3700 quan-
2450 3683 2453 3686 .

1361 3704 1524 3765 doque,
1537 3703 1816 3764 aliquando,
1838 3704 1915 3750 vel
1937 3703 2323 3765 nonnumquam.
