2978 4920
629 339 754 401 120

1333 335 2002 399 JUVENALIS

713 509 1147 594 Privignoque
1176 506 1437 571 datum?
1481 507 1724 571 faciunt
1752 507 2046 593 graviora
2073 520 2306 573 coactae

712 612 992 699 Imperio
1022 633 1230 686 sexus,
1260 610 1720 695 minimumque
1752 609 2015 674 libidine
2036 623 2316 695 peccant.

2583 613 2701 675 135

795 714 1060 799 Optima
1087 712 1197 776 sed
1225 736 1422 798 quare
1454 711 1784 792 Cesennia,
1816 725 1975 777 teste
2002 714 2271 777 marito?

701 814 821 878 Bis
851 813 1200 899 quingenta
1228 812 1432 877 dedit:
1480 814 1643 877 tanti
1675 826 1857 878 vocat
1886 814 1992 877 ille
2020 814 2342 901 pudicam,

709 918 845 980 Nec
875 917 1135 980 Veneris
1163 914 1477 1002 pharetris
1507 938 1715 979 macer
1743 928 1859 991 est,
1891 929 2004 980 aut
2034 915 2325 1002 lampade
2353 917 2582 982 fervet:

711 1018 872 1083 Inde
901 1019 1068 1083 faces
1096 1017 1346 1092 ardent;
1397 1018 1659 1082 veniunt
1690 1042 1729 1081 a
1757 1018 1907 1082 dote
1939 1018 2204 1103 sagittae.

708 1122 1003 1185 Libertas
1032 1121 1293 1184 emitur:
1342 1141 1554 1182 coram
1577 1119 1723 1183 licet
1751 1120 1975 1183 innuat
2007 1131 2203 1205 atque

2575 1124 2693 1185 140

708 1222 1063 1300 Rescribat,
1092 1220 1288 1284 vidua
1317 1233 1433 1296 est,
1464 1219 1747 1305 locuples
1776 1242 1925 1304 quae
1952 1220 2170 1286 nubsit
2201 1244 2409 1285 avam.

791 1325 925 1387 Cur
955 1321 1263 1387 desiderio
1294 1320 1548 1385 Bibulae
1580 1320 1893 1385 Sertorius
1921 1320 2139 1385 ardet?

706 1427 772 1489 Si
803 1448 1025 1489 verum
1054 1423 1359 1499 excutias,
1389 1422 1602 1499 facieS,
1633 1445 1759 1485 non
1790 1444 1954 1486 uxor
1982 1435 2250 1487 amatur.

706 1527 869 1589 Tres
897 1548 1078 1611 rugae
1109 1524 1397 1599 subeant,
1431 1537 1494 1587 et
1527 1546 1590 1586 se
1621 1522 1786 1586 cutis
1808 1522 1987 1586 arida
2012 1523 2203 1600 laxet,

595 1738 692 1784 .66.
717 1745 767 1784 et
784 1739 920 1797 virg.
944 1737 1050 1782 AEn.
1074 1736 1161 1782 IV.
1186 1734 1298 1780 515.
1332 1732 1467 1792 516.)
1528 1736 1621 1780 His

613 1804 839 1848 omnibus
861 1802 1136 1861 superstitio
1153 1801 1378 1845 utebatur
1405 1801 1453 1843 in
1480 1813 1622 1844 vene-

614 1868 734 1913 ficiis
755 1875 802 1912 et
823 1866 1030 1926 philtris,
1046 1866 1176 1924 quod
1197 1876 1259 1909 ex
1276 1863 1392 1909 locis
1412 1864 1619 1909 laudatis

613 1933 916 1990 intelligitur.
981 1930 1222 1974 Praeterea
1258 1940 1387 1986 sagoe
1420 1927 1617 1972 adbibe-

611 1996 729 2040 bant
740 2008 938 2047 carmen,
953 1994 1164 2052 magicas
1175 1993 1419 2044 formulas,
1434 1987 1619 2052 ἰηιόὰς,

612 2066 662 2104 et
699 2072 940 2114 venenum,
971 2056 1035 2103 τὰ
1064 2055 1192 2103 κακὰ
1225 2054 1463 2121 φάρμακα.
1509 2055 1617 2102 134.

610 2123 844 2181 Priuigno
861 2121 1020 2168 datum
1041 2135 1069 2166 a
1089 2135 1218 2168 saeva
1241 2134 1460 2175 noverca,
1479 2122 1618 2166 bonis

610 2184 716 2248 ejus
748 2187 982 2233 inhiante.
1015 2187 1092 2232 cf.
1122 2186 1210 2232 inf.
1244 2199 1292 2231 v.
1327 2184 1440 2230 628.
1476 2185 1613 2243 Virg.

611 2252 696 2298 Ge.
722 2251 789 2296 11.
810 2250 919 2297 128.
943 2251 1039 2296 ΙΙΙ.
1062 2249 1173 2298 282.
1205 2250 1377 2295 Horat.
1401 2250 1494 2295 od.
1519 2249 1613 2295 111.

590 2315 690 2363 24.
715 2316 792 2362 17.
818 2314 893 2361 18.
917 2315 982 2359 V.
1001 2314 1049 2362 5.
1073 2315 1118 2361 9.
1175 2315 1378 2360 Faciunt
1394 2314 1616 2373 graviora

607 2380 857 2427 adulteriis
889 2381 1069 2439 flagitia
1089 2380 1314 2426 mulieres
1342 2384 1507 2423 coactae
1526 2378 1616 2423 im-

605 2447 756 2505 perio,
774 2446 1045 2503 dominatu,
1066 2447 1270 2503 impetu,
1282 2444 1350 2501 vi,
1365 2456 1506 2488 sexus
1521 2442 1614 2497 sui,

608 2511 693 2570 qui
706 2510 965 2557 acrioribus
983 2510 1255 2555 incenditur
1272 2508 1615 2568 cupiditatibus

605 2575 986 2633 adfectibusque,
1034 2574 1122 2630 ira,
1162 2574 1290 2631 odio,
1333 2572 1615 2619 dominandi

1686 1736 1785 1780 ritu
1825 1735 1969 1781 decies
2010 1740 2197 1782 centena
2235 1736 2467 1783 dabuntur
2507 1740 2689 1797 antiquo

1686 1799 1773 1844 inf.
1799 1800 1865 1844 X.
1888 1800 2002 1848 335.
2019 1801 2087 1845 ita
2104 1801 2417 1860 interpretore
2455 1803 2554 1848 ritu
2570 1804 2686 1848 auti·

1683 1877 1780 1925 quo
1792 1865 1878 1909 dos
1891 1865 2151 1917 dabitur‚et
2165 1866 2361 1924 quidem
2373 1868 2684 1926 amplissima3

1682 1934 1739 1973 ut
1752 1929 1898 1973 verba
1918 1930 2019 1974 ritu
2041 1931 2230 1987 antiquo
2251 1931 2310 1975 ad
2335 1941 2544 1976 mortem
2568 1933 2686 1977 dotis

1682 1993 1877 2048 dandae,
1919 2007 2014 2038 non
2041 1994 2102 2039 ad
2141 1994 2390 2039 solennem
2416 1993 2524 2056 ejus
2558 2009 2686 2042 sum·

1681 2068 1816 2100 mam
1844 2065 2075 2120 spectent.
2122 2058 2197 2104 Cf.
2233 2070 2338 2117 sup.
2372 2060 2434 2104 ad
2467 2060 2537 2106 11.
2586 2061 2683 2106 117.

1684 2120 1823 2173 tanti,
1845 2127 1983 2166 tanto
2002 2124 2170 2179 pretio,
2188 2123 2250 2167 ob
2274 2130 2461 2169 tantam
2478 2125 2658 2172 dotem.

1748 2183 1858 2232 138.
1902 2187 1947 2232 9.
1994 2185 2106 2231 Non
2153 2187 2397 2233 incalescit
2433 2196 2483 2232 et
2522 2189 2687 2249 flagrat

1680 2261 1844 2294 amore
1873 2251 2054 2303 uxoriS‚
2078 2248 2174 2295 ‘sed
2205 2264 2353 2309 opum
2393 2247 2533 2313 ejus3
2593 2268 2683 2298 non

1683 2326 1881 2359 uxorem
1913 2321 2065 2373 amat,
2100 2315 2184 2359 sed
2212 2315 2390 2361 dotem.
2445 2317 2685 2364 Pharetroe

1680 2380 1973 2436 respondens
1994 2379 2199 2437 sagittis,
2222 2388 2272 2425 et.
2294 2380 2683 2440 tampassacibus.

1680 2442 1893 2502 Sagitta:
1914 2445 1982 2497 (et
1998 2443 2192 2503 quidem
2215 2445 2460 2500 ardenteS,
2476 2443 2564 2499 iniec
2581 2464 2681 2511 τνρ-

1680 2504 1849 2571 eigans)
1872 2515 2026 2568 poetoe
2049 2523 2103 2556 ac
2123 2511 2387 2568 sculptores
2420 2525 2518 2557 non
2543 2516 2682 2558 modo

1678 2574 1941 2618 Amoribus
1961 2582 2011 2619 et
2035 2574 2283 2632 Cupidini,
2303 2583 2352 2619 et
2373 2575 2628 2635 lampadem
2644 2590 2680 2621 s.

605 2640 888 2699 cupiditate,
918 2641 1157 2698 superbia,
1191 2637 1373 2684 invidia
1413 2642 1506 2682 cet.
1535 2650 1614 2681 eo·
1660 2634 1826 2697 facem
1850 2651 1943 2681 non
1967 2639 2112 2683 modo
2133 2638 2303 2682 iisdem
2322 2645 2372 2683 et
2398 2638 2685 2699 Hymenoeo,

606 2718 715 2749 rum
739 2705 942 2762 imperio
975 2704 1114 2749 facilc
1144 2702 1441 2761 obsequitur,
1468 2710 1517 2746 et
1545 2701 1613 2746 sic
1678 2702 1762 2746 sed
1784 2709 1834 2746 et
1865 2701 2027 2746 Veneri
2051 2702 2285 2750 tribuunt.
2325 2716 2480 2748 macer
2497 2709 2565 2749 eet
2586 2706 2678 2750 acri

604 2769 664 2813 ad
688 2781 833 2813 omne
855 2770 1040 2827 rapitur
1055 2769 1230 2823 scelus,
1242 2768 1356 2825 quia
1379 2765 1525 2810 nimis
1537 2765 1611 2808 in-

605 2832 773 2878 firmus
795 2838 890 2890 est,
909 2845 1057 2890 quam
1079 2838 1134 2876 ut
1150 2832 1246 2875 illis
1268 2832 1485 2876 resistere
1506 2842 1612 2887 pos-

606 2897 669 2940 sit
685 2912 700 2951 3
735 2898 1069 2954 minimumque
1084 2894 1270 2940 libidine
1277 2897 1483 2954 peccant,
1502 2905 1610 2950 pec-

603 2967 710 3005 cata
732 2960 960 3013 libidinis,
983 2959 1056 3003 vel
1073 2973 1183 3017 quae
1197 2958 1297 3003 sola
1321 2958 1516 3002 libidine
1538 2957 1610 3001 in-

605 3026 758 3082 pulsae
776 3024 1108 3079 committunt,
1126 3029 1240 3069 sunt
1262 3022 1480 3067 minima.

672 3086 939 3134 136—141.
986 3087 1237 3143 Mulieres,
1269 3088 1331 3132 ob
1374 3086 1606 3145 grandem

602 3153 786 3205 dotem,
826 3152 991 3197 omnia
1022 3158 1173 3209 agunt
1211 3165 1271 3197 ex
1309 3150 1524 3207 arbitrio,
1560 3157 1608 3195 et

601 3218 733 3261 avari
755 3218 824 3262 ita
855 3216 1112 3275 imperium
1148 3218 1377 3261 vendunt.
1410 3214 1487 3259 cf.
1519 3215 1606 3259 inf.

604 3295 652 3329 v.
662 3279 772 3329 45⁷.
781 3294 910 3340 seqq.
953 3279 1060 3326 136.
1076 3280 1236 3326 Verba
1254 3277 1325 3336 vel
1343 3286 1517 3338 poetae,
1536 3279 1609 3323 vel

600 3345 842 3402 Postumi,
865 3351 920 3390 ut
941 3351 989 3390 et
1010 3344 1097 3389 inf.
1122 3358 1168 3389 v.
1194 3342 1299 3390 142.
1329 3343 1434 3389 161.
1467 3351 1518 3387 et
1539 3343 1603 3388 al.

598 3408 788 3470 Optima
806 3409 981 3455 mulier
1001 3415 1051 3454 et
1072 3410 1361 3467 pulcerrima
1382 3414 1604 3454 censetur

598 3487 641 3521 s.
655 3472 871 3535 jactatur
892 3478 999 3519 teste
1014 3474 1201 3527 marito,
1215 3470 1401 3534 judicio
1423 3472 1603 3520 mariti.

600 3538 818 3586 Cesennia
837 3540 921 3602 (al.
941 3536 1176 3584 Coeremeia
1197 3546 1245 3584 et
1269 3537 1492 3592 Caesonia)
1516 3550 1598 3581 no·

595 3615 709 3647 men
727 3605 891 3649 divitis
912 3603 1144 3649 mulieris.
1214 3601 1322 3649 137.
1353 3601 1493 3654 dedit,
1515 3602 1598 3646 ad-

593 3664 707 3712 tulit
726 3668 902 3713 marito
924 3681 1066 3713 avaro
1084 3667 1315 3726 grandem
1337 3668 1520 3720 dotem,
1533 3665 1600 3710 bie

592 3730 862 3788 quingenta,
885 3732 1017 3776 mille
1048 3731 1285 3786 sestertia,
1309 3731 1401 3783 vel,
1424 3737 1479 3775 ut
1502 3731 1599 3775 Ro·

590 3794 725 3839 mani
758 3795 947 3851 dicunt,
980 3795 1134 3840 decies
1172 3791 1473 3843 sestertium:
1509 3794 1596 3841 inf.

588 3856 662 3902 X.
681 3855 791 3903 835.
825 3858 966 3904 decies
983 3861 1172 3903 centena
1185 3871 1250 3903 sc.
1265 3858 1502 3914 sestertia,
1519 3860 1596 3903 vel

513 3911 526 3932 ⁸
588 3922 916 3967 sestertiorum
932 3921 1097 3967 millia.
1155 3922 1280 3972 Quae
1302 3922 1363 3967 ab
1386 3923 1595 3981 Augusti

585 3986 700 4030 inde
744 3987 1041 4045 temporibus
1070 3986 1166 4031 fuit
1197 3999 1595 4032 summa-census

586 4051 831 4105 senatorii,
850 4056 898 4095 et
920 4052 971 4096 h.
994 4050 1026 4097 1.
1057 4062 1146 4108 pro
1171 4050 1358 4110 ingenti
1380 4047 1458 4094 vel
1487 4063 1590 4095 ma·

1677 2778 1857 2819 amore,
1897 2766 1980 2824 qui
2008 2773 2235 2821 macerat,
2275 2766 2391 2820 urit,
2420 2770 2681 2827 consumit,

1675 2830 1886 2876 coniicit.
1948 2830 2086 2888 Inde,
2133 2832 2194 2876 ob
2223 2832 2404 2885 dotem,
2437 2839 2488 2877 et
2515 2835 2579 2879 ab
2611 2847 2679 2880 ea.

1681 2893 1790 2940 140.
1828 2893 2043 2940 Libertas
2063 2896 2245 2953 inpune
2275 2908 2336 2940 ex
2358 2897 2559 2942 arbitrio
2578 2911 2679 2943 om-

1678 2959 1756 3004 nia
1773 2960 1946 3017 agendi
1968 2967 2017 3004 et
2038 2958 2294 3017 imperium
2317 2961 2491 3004 emitur
2508 2964 2573 3014 ab
2595 2975 2677 3007 ux-

1676 3036 1759 3068 ore
1778 3024 1948 3083 grandi
1963 3024 2088 3068 dote.
2125 3024 2199 3069 cf.
2224 3036 2336 3082 sup.
2354 3023 2413 3069 ad
2437 3038 2487 3071 ν.
2502 3025 2586 3073 30.
2608 3039 2674 3071 co-

1673 3100 1798 3143 ram,
1830 3094 2067 3145 praesente
2087 3088 2276 3134 marito.
2310 3087 2418 3133 licet
2454 3092 2591 3136 uxori
2624 3096 2675 3134 ut

1673 3152 1838 3196 innuat
1851 3152 2052 3197 moechis
2065 3165 2102 3197 s.
2120 3152 2434 3208 amatoribus,
2457 3159 2593 3214 atquc
2609 3169 2678 3199 re·

1672 3216 1839 3261 scribat
1875 3217 2026 3261 literis
2057 3230 2240 3262 eorum.
2284 3214 2363 3262 Cf.
2399 3230 2509 3277 sup.
2541 3220 2601 3264 ad
2633 3219 2670 3264 1.

1675 3278 1755 3326 55.
1779 3293 1877 3340 seq.
1917 3280 2126 3339 locuples,
2149 3281 2271 3326 bene
2291 3282 2459 3326 dotata
2483 3284 2670 3337 mulier,

1673 3358 1774 3402 quoe
1794 3345 1945 3391 nubsit
1957 3357 2113 3400 avaro,
2136 3344 2274 3389 vidua
2285 3348 2371 3402 est,
2383 3347 2669 3404 quibuscum

1668 3409 1861 3455 libuerit
1883 3410 2180 3467 concumbit,
2196 3415 2245 3453 et
2260 3421 2395 3468 teque
2412 3410 2564 3457 libera
2580 3419 2668 3469 est,

1666 3487 1724 3519 ae
1741 3474 1781 3518 si
1800 3480 1924 3518 esset
1940 3472 2084 3518 vidua
2107 3480 2154 3518 et
2172 3474 2246 3518 sui
2259 3469 2406 3533 juris,
2423 3487 2514 3521 nec
2526 3478 2669 3522 mari·

1667 3544 1769 3583 tum
1803 3538 2030 3589 haberetz
2085 3538 2203 3583 vivit
2245 3542 2487 3598 tamquam
2519 3541 2667 3586 vicina

1664 3604 1836 3647 marito
1849 3603 1934 3647 inf.
1956 3616 1999 3647 v.
2021 3601 2134 3648 509.

1731 3665 1998 3712 142—160.
2042 3667 2167 3712 Aliae
2213 3677 2387 3712 uxores
2418 3669 2484 3713 ob
2515 3670 2662 3715 solam

1662 3738 1891 3778 amantur
1925 3731 2320 3790 pulcritudinem,
2366 3730 2479 3790 qu‘ae
2512 3736 2665 3779 forma

1663 3802 1891 3852 pereunte
1929 3794 2274 3854 repudiantur,
2301 3796 2398 3852 vel,
2431 3798 2662 3855 quamdiu

1660 3859 1745 3904 illa
1766 3861 1914 3918 viget,
1939 3860 2194 3918 imperiose
2223 3867 2392 3918 agunt,
2426 3867 2478 3906 et
2513 3862 2659 3921 quod-

1658 3936 1871 3983 cumque
1899 3923 2108 3977 libuerit,
2143 3937 2172 3968 a
2205 3924 2382 3969 marito
2411 3937 2663 3984 exposcere

1659 3988 1736 4032 vel
1756 3995 2039 4046 extorquere
2054 3988 2223 4033 solent.

1724 4049 1831 4098 142.
1873 4053 1951 4098 Cf.
1987 4053 2048 4096 ad
2080 4065 2128 4097 v.
2165 4051 2274 4099 136.
2340 4051 2551 4100 143--8.
2585 4051 2656 4099 Cf.

582 4114 719 4159 xima
739 4116 935 4173 ponitur
952 4116 1061 4160 dote
1077 4128 1091 4158 ε
1127 4128 1223 4159 non
1238 4127 1324 4173 pro
1341 4112 1525 4159 solenni
1541 4122 1590 4160 et
1653 4115 1849 4162 Terent.
1872 4117 2053 4162 Heaut.
2073 4115 2138 4162 11.
2155 4115 2204 4163 3.
2223 4116 2271 4164 9.
2292 4129 2394 4177 seq.
2415 4125 2467 4164 et
2483 4131 2585 4177 sup.
2598 4117 2655 4163 ad

524 4197 527 4201 ’
585 4180 722 4238 quasi
743 4180 960 4239 legitima
979 4179 1108 4224 inter
1124 4179 1437 4230 honestiores,
1460 4181 1590 4238 quod

582 4258 645 4289 ex
686 4244 753 4291 X.
785 4242 898 4291 335.
931 4250 980 4289 et
1019 4239 1125 4289 aliis
1156 4244 1274 4289 locis
1316 4243 1588 4303 conligitur.

1654 4180 1724 4227 11.
1738 4179 1844 4225 138.
1863 4181 2114 4233 Excutere,
2128 4182 2347 4236 scrutari,
2361 4185 2650 4241 expenderet

1655 4257 1814 4305 propr.
1836 4251 2060 4291 excutere
2081 4251 2245 4304 togam
2268 4242 2490 4306 alicujus,
2514 4257 2564 4293 et
2587 4246 2652 4290 vi·

582 4308 836 4361 Quomodo
856 4309 987 4355 enim
1010 4315 1140 4354 certa
1160 4309 1287 4354 dotis
1309 4320 1497 4354 summa
1520 4308 1586 4354 le·
1652 4311 1780 4363 dere,
1804 4310 1847 4355 si
1875 4309 1994 4369 quid
2028 4308 2080 4353 in
2098 4317 2170 4354 'ea
2198 4311 2480 4360 condiderit.
2549 4308 2648 4355 144.

579 4374 721 4431 gibus
742 4374 971 4421 constitui
993 4380 1152 4434 potest
1167 4373 1192 4422 ἲ
1227 4373 1391 4420 Verba
1422 4380 1585 4420 autem

1659 4373 1792 4433 Tres,
1826 4387 2011 4434 paucae.
2046 4386 2182 4433 παρτε
2210 4374 2412 4431 subeant,
2434 4376 2646 4430 veniant,
