2978 4920
654 316 743 389 ⁸4

1360 320 2026 387 JUVENALIS

743 493 1017 558 Excidet
1049 492 1425 578 Arviragus.
1466 493 1800 579 peregrim
1826 506 1922 558 est
1962 493 2171 560 belua.
2214 495 2418 559 cernis

741 596 1008 659 Erectas
1035 594 1102 657 in
1132 606 1310 679 terga
1339 592 1573 657 sudes?
1620 594 1766 658 Hoc
1795 593 2001 659 defuit
2031 615 2232 658 unum

744 694 1059 772 Fabricio,
1082 692 1351 780 patriam
1381 706 1456 759 ut
1483 693 1733 759 rhombi
1761 705 2136 760 memoraret
2164 710 2230 761 et
2258 718 2470 760 annos.

745 794 1064 874 Quidnam
1094 794 1299 882 igitur
1323 816 1539 858 censes
1556 799 1587 857 ?
1628 795 1982 861 conciditur
2000 800 2030 859 ἓ
2074 796 2269 861 Absit
2296 797 2382 862 ab
2407 797 2521 862 illo
2607 799 2729 862 130

745 897 1040 962 Dedecus
1065 898 1210 975 hoc,
1235 899 1586 961 Montanus
1613 898 1721 963 ait.
1768 909 1932 963 testa
1959 899 2089 964 alta
2114 912 2401 985 furetur,

747 1001 908 1078 Quae
936 998 1115 1064 tenui
1144 1021 1329 1063 muro
1357 998 1705 1085 spatiosum
1734 999 2011 1086 conligat
2039 1001 2276 1065 orbem.

749 1099 1042 1165 Debetur
1070 1106 1340 1185 magnus
1365 1099 1602 1186 patinae
1633 1099 2009 1186 subitusque
2040 1101 2473 1191 Prometheus.

749 1200 1067 1288 Argillam
1094 1215 1290 1287 atque
1320 1212 1524 1264 rotam
1553 1200 1743 1265 citius
1769 1215 2140 1288 properate:
2187 1202 2297 1267 sed
2325 1226 2404 1267 ex
2432 1203 2554 1268 hoc

748 1307 1065 1392 Tempore
1085 1306 1243 1390 jam,
1277 1306 1515 1381 Caesar,
1544 1304 1726 1391 figuli
1757 1316 1873 1370 tua
1899 1318 2105 1371 castra
2130 1319 2496 1392 sequantur.

745 1407 913 1473 Vicit
941 1406 1137 1494 digna
1163 1407 1300 1470 viro
1333 1407 1661 1471 sententia.

2608 1309 2728 1375 135

1750 1407 2031 1473 Noverat
2060 1407 2167 1472 ille

745 1509 1100 1575 Luxuriam
1131 1508 1376 1596 imperii
1408 1524 1702 1586 veterem,
1731 1522 2072 1597 noctesque
2095 1509 2364 1575 Neronis

659 1694 952 1748 (barbaram)
982 1692 1160 1738 frustra
1193 1705 1469 1750 expugnare
1501 1691 1660 1738 conati

657 1766 793 1812 sunt,
826 1769 914 1801 nec
942 1756 1033 1802 nisi
1067 1756 1426 1801 meridionalem
1462 1755 1661 1818 (Roma-

658 1819 795 1883 nam)
829 1822 878 1866 in
912 1822 1120 1866 formam
1167 1819 1424 1877 provincie
1466 1821 1660 1878 redege-

654 1893 789 1935 runt.
854 1885 978 1935 Hoec
1013 1897 1204 1943 quoque
1234 1884 1339 1941 ipsa
1370 1885 1548 1929 sensim
1582 1886 1664 1930 de-

658 1964 795 1997 mum
821 1948 1115 2007 amplificata
1147 1954 1240 1998 est.
1263 1944 1466 2007 ejusque
1499 1950 1663 2006 populi

657 2015 831 2073 sepius
843 2012 1151 2060 rebellarunt.
1184 2011 1394 2057 Veiento
1406 2013 1566 2069 itaque
1578 2026 1661 2058 au-

657 2084 876 2139 guratnr,
897 2076 1230 2122 Domitianum
1251 2075 1299 2121 id
1315 2076 1660 2134 perfecturum,

655 2143 787 2202 quod
805 2140 1183 2187 fortissimi-olim
1199 2141 1361 2194 duces,
1375 2147 1423 2184 et
1436 2142 1561 2185 inter
1577 2142 1663 2187 bos

659 2208 763 2266 ipse
779 2202 886 2267 ejus
900 2210 1052 2262 pater,
1067 2205 1259 2264 exsequi
1280 2217 1373 2249 non
1391 2205 1630 2262 potuerint
1644 2222 1658 2252 ε

656 2284 769 2332 quae
791 2282 898 2329 spes
912 2268 1057 2313 etiam
1081 2281 1174 2314 non
1194 2281 1316 2314 vana
1335 2269 1457 2314 forte
1475 2271 1664 2327 fuisset,

657 2334 751 2382 nisi
773 2332 996 2393 Agricola
1019 2332 1194 2378 virtute
1227 2346 1314 2378 sua
1346 2345 1665 2392 prosperoque

656 2412 818 2448 rerum
844 2398 1067 2442 subcessu
1087 2393 1135 2441 in
1150 2395 1314 2442 odium
1334 2396 1664 2456 invidIamque

658 2463 852 2526 tyranni
870 2462 1093 2508 venisset.
1108 2475 1153 2506 v.
1167 2460 1285 2507 Tac.
1301 2462 1465 2520 Agric.
1478 2476 1520 2508 c.
1537 2462 1664 2509 13—

659 2528 741 2578 40.
771 2527 826 2573 dc
857 2530 1029 2572 temone
1048 2527 1285 2571 Britanno
1304 2525 1497 2584 excidet,
1516 2540 1659 2572 curru

656 2592 929 2641 excutietur
972 2590 1156 2642 bellico,
1195 2591 1246 2636 h.
1278 2603 1319 2635 e.
1354 2591 1573 2637 vincetur
1605 2604 1660 2637 ac

655 2658 888 2717 capietur.
901 2697 906 2700 .
921 2654 1052 2700 Nota
1068 2661 1179 2699 sunt
1193 2653 1341 2699 esseda
1353 2655 1593 2700 Britanna
1605 2668 1663 2701 ac

656 2722 873 2780 Belgica,
896 2719 1116 2764 vehicula
1139 2718 1264 2763 levia
1293 2724 1340 2761 et
1364 2719 1528 2777 agilia,
1550 2733 1661 2777 quae

592 2781 595 2784 ¹
654 2787 798 2834 facile
808 2783 935 2832 flecti
950 2789 1200 2841 potet-anta
1225 2782 1352 2828 unde
1368 2791 1416 2826 et
1433 2783 1657 2837 Romani,

654 2849 950 2896 delicatiores
973 2845 1299 2903 potissimum,
1317 2859 1404 2891 nec
1424 2854 1586 2891 tamen
1605 2847 1654 2892 in

655 2915 800 2969 bello,
822 2917 877 2957 ut
898 2909 1141 2966 Britanni,
1157 2908 1215 2952 iis
1231 2910 1507 2955 utebantur.
1558 2909 1656 2955 Ar-

654 2980 870 3037 uiragus,
893 2986 977 3019 rex
1014 2969 1422 3031 Britanniaqui,
1443 2973 1485 3018 si
1515 2974 1655 3034 Poly-

654 3042 772 3087 doro
791 3037 990 3096 Virgilio
1008 3036 1124 3082 fides
1146 3036 1381 3091 habenda,
1398 3052 1426 3082 a
1450 3036 1483 3084 J
1485 3040 1662 3097 osepho

655 3103 952 3153 Arimathaeo
972 3102 1032 3146 ad
1048 3099 1366 3150 Christianam
1381 3103 1659 3161 religionem

655 3166 1040 3227 amplectendam
1085 3165 1322 3212 adductus
1364 3173 1457 3225 est,
1505 3166 1579 3211 vel
1616 3167 1661 3212 ei

655 3239 783 3280 certe
826 3227 1026 3292 ejusque
1067 3228 1322 3275 comitibus
1343 3258 1349 3264 -
1369 3233 1530 3275 sedem
1574 3231 1659 3274 ali-

655 3309 801 3359 quam
835 3297 886 3341 in
919 3305 1068 3354 regno
1100 3305 1187 3345 suo
1216 3289 1548 3351 (Glasconem)
1579 3295 1659 3340 ad-

653 3361 821 3411 tribuit
834 3368 881 3406 et
896 3356 1131 3417 evangelii
1151 3357 1438 3415 praedicandi
1455 3364 1661 3416 potesta·

567 3476 577 3485 ,
654 3437 753 3475 tem
772 3423 1019 3472 concessit.
1071 3420 1270 3473 Lucius,
1285 3434 1520 3482 pronepos
1537 3417 1658 3483 ejus,

653 3490 949 3549 temporibus
965 3484 1215 3533 Eleutheri
1234 3484 1375 3533 Pont.
1388 3486 1530 3532 Rom.
1543 3488 1655 3546 bap·

653 3553 829 3602 tizatus
844 3553 1036 3600 dicitur.
1049 3549 1295 3611 peregrina
1311 3550 1454 3603 belua,
1469 3551 1519 3595 in
1535 3552 1658 3597 mari

653 3617 898 3666 Adriatico
923 3623 1080 3674 capta.
1112 3614 1184 3660 Cf.
1211 3629 1256 3660 v.
1277 3614 1358 3662 89.
1380 3615 1533 3672 sudes,
1549 3616 1655 3674 pin·

653 3697 748 3735 noe,
768 3682 937 3740 spinoe,
958 3687 1013 3723 ut
1033 3680 1187 3725 criste
1205 3692 1311 3739 sup.
1329 3692 1376 3723 v.
1402 3680 1476 3726 70.
1502 3680 1586 3726 ubi
1607 3694 1654 3727 v.

651 3753 754 3794 not.
812 3745 906 3791 His
926 3743 1076 3801 spinis
1095 3744 1349 3802 praeaeutis
1376 3752 1426 3790 et
1448 3745 1651 3800 telorum

649 3811 803 3858 instar
823 3809 1127 3853 horrentibus
1143 3808 1221 3854 vel
1243 3808 1411 3854 erectis
1427 3810 1542 3864 tela,
1559 3816 1652 3855 ter-

650 3874 726 3935 gis
747 3872 963 3920 hostium
983 3871 1244 3931 infigenda,
1266 3872 1522 3932 significari
1546 3886 1651 3919 mo-

651 3943 735 3987 net
757 3937 992 3983 adulator.
1058 3935 1167 3984 128.
1192 3935 1302 3982 129.
1335 3934 1570 4000 Eleum&
1592 3939 1653 3985 de

647 4002 916 4057 adulatore,
968 3991 1069 4044 tam
1130 4000 1249 4047 scite
1305 4000 1652 4058 interpretante

649 4065 860 4123 singula,
902 4068 952 4108 et
1005 4066 1078 4107 tot
1120 4063 1348 4121 praeclara
1390 4064 1653 4113 ominante.

648 4128 870 4182 Fabricio
885 4125 1163 4172 Veientani.
1197 4126 1270 4172 Cf.
1290 4128 1347 4173 ad
1372 4140 1418 4172 v.
1445 4126 1553 4174 113.
1644 4175 1647 4178 Α

715 4191 824 4243 180.
842 4189 1072 4246 Quidnam
1085 4191 1240 4248 igitur
1252 4204 1399 4238 emes
1410 4189 1438 4237 2
1458 4192 1656 4240 concidi-

644 4266 722 4307 tur
736 4257 766 4305 2
785 4256 943 4302 verbs
961 4254 1227 4303 Domitiani
1243 4256 1520 4315 querentis,
1533 4270 1650 4303 num

626 4326 853 4384 integer,
877 4333 937 4368 an
973 4321 1020 4366 in
1057 4325 1215 4378 partes
1238 4320 1455 4365 concisus
1475 4334 1649 4379 eoqua.

1726 1697 1805 1737 tur
1821 1692 2001 1751 piscis?
2070 1691 2181 1738 131.
2203 1691 2341 1737 Testa
2360 1691 2476 1751 aua,
2490 1706 2575 1740 vas
2589 1696 2732 1741 fictile

1723 1764 1774 1800 et
1813 1756 2128 1814 profundum,
2157 1757 2323 1815 patina
2364 1770 2538 1815 capax,
2575 1761 2731 1818 qualis

1724 1820 1817 1866 fuit
1834 1821 1917 1865 illa
1932 1820 2134 1871 Vitellii.
2155 1823 2215 1866 de
2230 1834 2326 1877 qua
2343 1836 2388 1866 v.
2409 1823 2542 1868 Suet.
2561 1823 2731 1870 Vitell.

1724 1898 1767 1929 c.
1795 1884 1867 1930 13.
1885 1891 1933 1929 et
1955 1884 2077 1929 Ptin.
2098 1883 2322 1931 XXXV.
2340 1886 2417 1933 12.
2442 1887 2517 1933 ef.
2533 1887 2624 1933 inf.
2639 1888 2732 1936 xl.

1730 1947 1806 1993 19.
1824 1960 1975 2002 muro,
1987 1950 2224 2007 margine,
2236 1952 2557 1998 extremitate.
2579 1954 2733 2000 tenui.-

1727 2024 1840 2056 nam
1875 2013 1981 2057 laus
2011 2018 2084 2057 est
2119 2014 2397 2071 figulorum,
2432 2023 2489 2061 ut
2533 2022 2729 2063 tenuem

1726 2083 1906 2121 cretam
1925 2077 1976 2120 in
1998 2078 2306 2123 conficiendis
2327 2080 2507 2137 patinis
2529 2083 2731 2140 ducant,

1727 2139 1848 2184 Plin.
1870 2140 1905 2186 l.
1921 2140 1954 2186 l.
1969 2140 2188 2197 conligat,
2202 2141 2403 2190 circuitu
2419 2147 2733 2204 comprehen-

1727 2205 1829 2256 dat,
1847 2206 2047 2262 ambiat,
2064 2206 2299 2263 includat,
2311 2209 2481 2266 orhem,
2496 2211 2730 2267 patinam.

1728 2269 1803 2312 vel
1838 2267 2111 2314 interiorem
2136 2265 2241 2331 ejus
2261 2278 2465 2330 partem.
2490 2275 2588 2326 (cf.
2610 2277 2672 2320 ad
2693 2275 2734 2323 1.

1731 2330 1862 2388 137.)
1929 2332 2036 2380 133.
2070 2333 2292 2392 Debetur,
2313 2337 2597 2395 requiritur,
2615 2353 2732 2397 opus

1727 2404 1813 2440 est.
1856 2395 2175 2450 Prometheus,
2210 2400 2390 2458 peritus
2423 2402 2621 2460 figulus,
2643 2403 2727 2468 (es.

1726 2460 1785 2505 ad
1808 2458 1898 2506 VI.
1926 2462 2056 2519 110.)
2087 2464 2244 2520 qualis
2274 2466 2368 2510 fuit
2395 2465 2730 2526 Prometheus,

1725 2526 1801 2569 cui
1828 2539 1920 2570 non
1946 2527 2091 2571 modo
2115 2529 2258 2573 variae
2279 2529 2493 2584 fraudes,
2516 2545 2639 2590 quas
2659 2534 2731 2579 vel

1722 2589 1834 2635 Jovi
1854 2597 2042 2636 nectere
2063 2604 2209 2636 ausus
2226 2593 2309 2649 sit,
2326 2596 2628 2653 tribuuntur,
2649 2599 2729 2642 sed

1725 2654 1872 2699 etiam
1907 2655 2053 2714 ignis,
2085 2655 2240 2703 immo
2272 2658 2496 2704 omnium
2528 2660 2629 2707 fere
2659 2675 2734 2707 ar·

1724 2718 1867 2773 tium,
1893 2718 2015 2777 inpr.
2051 2719 2269 2767 fictilium
2304 2723 2731 2783 simulachrorum,

1723 2781 1954 2836 inventio,
1999 2790 2048 2828 et
2090 2787 2267 2830 creatio
2318 2786 2463 2845 primi
2519 2789 2731 2837 hominis

1718 2844 2104 2958 {1512’33132'1-32',
2119 2851 2728 2976 signinam&

1719 2976 1846 3034 quod
1879 2973 2137 3041 προμηθείας
2160 2991 2197 3022 ε.
2224 2979 2431 3024 solertiae
2463 2981 2724 3036 animi-du·

1726 3038 1838 3098 plex
1850 3041 1923 3084 vis
1936 3045 2017 3095 sit,
2031 3044 2178 3088 altera
2190 3045 2248 3088 ad
2262 3052 2387 3087 artes
2400 3045 2731 3101 inveniendas,

1725 3104 1874 3148 altera
1897 3107 1958 3150 ad
1982 3107 2322 3163 excogitandas
2353 3108 2569 3168 frauder,
2592 3112 2732 3159 docet

1726 3167 1804 3213 111.
1821 3167 2000 3215 Schutz
2018 3171 2067 3215 in
2087 3170 2304 3219 Excursu
2330 3170 2377 3217 1.
2397 3177 2446 3216 et
2467 3172 2516 3218 3.
2540 3176 2603 3219 ad
2626 3175 2731 3220 AEs·

1724 3231 1853 3290 chyli
1878 3232 2119 3280 Prometh.
2140 3236 2285 3281 vinct.
2322 3237 2399 3282 Cf.
2420 3236 2510 3282 inf.
2534 3237 2627 3284 VI.
2654 3239 2729 3294 la,

1726 3294 1866 3342 xlv.
1883 3296 1962 3344 35.
1989 3297 2106 3344 XV.
2131 3298 2212 3346 85.
2253 3300 2426 3359 Heyne
2450 3302 2645 3348 Comm.
2669 3305 2729 3350 de

1724 3356 1908 3422 Theog.
1933 3362 2150 3417 Hesiodi,
2170 3369 2220 3408 et
2237 3365 2504 3410 Hermanni
2521 3366 2730 3427 Mythol.

1723 3420 1784 3476 T.
1798 3423 1842 3471 Ι.
1859 3439 1904 3485 p.
1922 3425 2003 3473 48.
2019 3439 2149 3485 seqq.
2169 3428 2361 3484 subitus,
2377 3430 2461 3487 qui
2477 3432 2639 3477 subito
2656 3434 2730 3479 vel

1723 3489 1903 3544 veniat,
1928 3492 2002 3536 vel
2036 3492 2251 3550 patinam
2288 3493 2436 3552 fingat
2468 3507 2529 3540 ex
2556 3497 2731 3557 argilla

1720 3560 1770 3596 et
1792 3554 1910 3600 luto.

1788 3617 1894 3665 134.
1930 3618 1995 3664 Et
2028 3620 2134 3667 hoec
2164 3619 2390 3667 Montani
2414 3624 2561 3669 verba
2593 3634 2725 3681 sunt,

1718 3693 1814 3726 non
1870 3683 2152 3728 Domitiani.
2233 3688 2382 3731 rotam
2449 3688 2721 3748 figularem,

1718 3745 1859 3792 (Plin.
1880 3746 2000 3793 vn.
2024 3747 2124 3804 56.)
2143 3754 2403 3808 properate,
2427 3764 2627 3810 propere
2647 3767 2719 3799 ar·

1715 3811 2054 3871 cessite‚flguli
2066 3815 2145 3857 tua
2162 3816 2315 3857 castra
2327 3822 2592 3871 sequantur,
2605 3831 2720 3865 cum

1716 3873 1914 3933 reliquis
1936 3876 2100 3928 fabris,
2119 3883 2174 3920 ut
2190 3888 2380 3935 semper
2394 3881 2522 3937 apud
2546 3887 2595 3925 te
2612 3883 2725 3929 etin

1716 3945 1910 3995 promtu
1943 3939 2060 3992 sint,
2092 3952 2247 3998 neque
2278 3952 2400 3998 opus
2431 3942 2612 3991 habeas
2638 3959 2725 4002 eos

1715 4013 1964 4048 arcessere.
2031 4002 2268 4049 Sam-mi
2302 4004 2375 4048 vis
2406 4018 2494 4063 per
2523 4020 2576 4052 se
2607 4011 2725 4055 satis

1715 4067 1970 4112 manifesta
2002 4073 2095 4124 est,
2114 4073 2164 4113 et
2186 4080 2247 4114 ex
2273 4081 2321 4113 v.
2345 4068 2456 4115 13⁷.
2477 4083 2581 4131 seq.
2612 4086 2722 4134 per·

1714 4129 1893 4187 spieua.

1784 4192 1890 4240 186.
1934 4193 2058 4241 Vicit
2099 4197 2341 4254 mec-tia,
2375 4198 2587 4246 solennis
2624 4201 2721 4248 for·

1714 4258 1864 4311 mula,
1875 4257 2020 4318 diem
2032 4260 2134 4305 vtro
2145 4261 2250 4317 tali,
2266 4261 2497 4309 Montano
2509 4277 2528 4317 ς
2550 4267 2722 4312 acerbe

1714 4323 1914 4368 dictum.
1991 4322 2097 4370 13⁷.
2132 4326 2336 4386 imperii,
2371 4326 2518 4383 auloe,
2554 4326 2721 4389 Impe-
