2978 4920
625 274 713 347 96

1335 272 2015 345 JUVENALIS

701 444 1074 532 AsparagiS‚
1099 465 1238 530 ⁴qua
1263 440 1566 529 despiciat
1598 443 1889 507 convivia
1915 442 2141 520 cauda,

699 551 914 628 Quum
948 548 1120 612 venit
1149 546 1378 613 excelsi
1408 546 1699 611 manibus
1729 545 1979 611 sublata
2007 543 2293 613 ministri.

705 650 831 715 Sed
861 648 979 714 tibi
1008 647 1275 765 dimidio
1304 646 1681 719 constrictus
1708 668 2060 711 cammarus
2087 669 2209 713 ovo

702 756 998 832 Ponitur,
1029 753 1263 841 exigua
1289 752 1503 817 feralis
1531 773 1712 821 coena
1740 749 1992 837 patella.

704 860 853 943 Ipse
886 855 1241 921 Venafrano
1269 853 1504 940 piscem
1535 851 1896 945 perfundit:
1942 863 2011 925 at
2040 851 2164 930 hic,
2196 850 2309 937 qui
2398 902 2401 905 .
2434 816 2437 819 Ι

617 1012 622 1015 .
704 957 990 1022 Pallidus
1022 957 1310 1021 adfertur
1331 955 1560 1025 misero
1589 953 1709 1021 tibi
1729 954 1947 1032 caulis,
1977 954 2173 1021 olebit

702 1061 1069 1123 Laternam.

1160 1056 1336 1124 Illud
1365 1055 1537 1121 enim
1567 1054 1793 1120 vestris
1815 1054 2008 1120 datur
2034 1053 2314 1159 alveolis,
2346 1055 2524 1141 quod

702 1163 924 1225 Canna
952 1157 1370 1245 Micipsarum
1399 1178 1590 1243 prora
1619 1154 1914 1220 subvexit
1943 1168 2165 1220 acuta·
2150 1203 2169 1229 ,

702 1265 974 1349 Propter
1003 1260 1180 1347 quod
1211 1261 1437 1325 Romae
1466 1281 1614 1325 cum
1644 1258 1964 1329 Booehare
1992 1281 2176 1323 nemo
2204 1259 2478 1336 lavatur,

609 1474 653 1519 s.
670 1463 750 1511 51.
772 1469 823 1510 et
839 1462 919 1510 42.
940 1461 1094 1524 5.(56.)
1116 1464 1201 1510 sed
1215 1460 1371 1525 major
1391 1457 1498 1523 ejus
1514 1474 1620 1521 spe-

613 1531 739 1577 cies:
777 1542 887 1574 nam
915 1529 1173 1586 pisciculus
1195 1528 1275 1573 ille
1293 1529 1354 1572 ab
1375 1527 1622 1573 111111111-

615 1608 708 1640 nus
739 1605 843 1647 esse
876 1592 1083 1637 videtur.
1148 1592 1367 1650 Apicius,
1391 1590 1430 1634 si
1463 1591 1624 1635 Suidae

615 1659 732 1704 fides
754 1656 1028 1712 habenda,’
1015 1671 1062 1700 111
1089 1655 1292 1716 Libyam
1312 1663 1358 1700 et
1378 1655 1482 1699 Gal·
1473 1655 1620 1698 itiam

616 1721 881 1780 navigavit,
927 1733 1080 1779 quum
1121 1721 1189 1764 ibi
1231 1721 1373 1778 longe
1415 1715 1623 1779 majores

614 1786 832 1845 squillas,
860 1797 1008 1843 quam
1041 1784 1173 1837 alibi,
1202 1784 1307 1842 capi
1341 1782 1622 1837 audivisset,

612 1863 789 1908 easque
809 1850 1069 1894 comedens
1102 1849 1259 1893 inulta
1291 1847 1620 1893 sestertiorum

613 1913 768 1959 millia
791 1913 1075 1958 consumsit.

677 1976 756 2023 82.
771 1976 1014 2035 Asparagi
1034 1977 1190 2022 altiles
1212 1976 1260 2021 in
1280 1975 1485 2021 summis
1502 1975 1618 2019 olim

614 2041 767 2086 habiti
789 2040 986 2085 deliciis.
1009 2055 1057 2086 v.
1081 2039 1203 2087 Plin.
1229 2040 1379 2086 XIX.
1397 2039 1446 2085 8.
1466 2040 1620 2084 convi-

615 2105 716 2160 via,
740 2105 985 2155 convivas,
1008 2105 1223 2151 clientes.
1248 2119 1290 2148 v.
1323 2105 1381 2149 ad
1412 2104 1479 2148 11.
1508 2102 1616 2148 120.

614 2168 778 2221 emeda,
802 2181 913 2227 quae
947 2168 997 2213 in
1023 2170 1214 2228 squilla,
1251 2175 1305 2213 ut
1336 2169 1384 2213 in
1413 2167 1621 2224 locusta,

616 2231 925 2290 optimi-olim
959 2233 1223 2279 habebatur
1252 2234 1463 2292 saporisg
1499 2231 1622 2279 Brit.

615 2296 848 2355 despiciat,
865 2297 1087 2341 deorsum
1106 2296 1338 2356 adspiciat
1353 2297 1488 2355 quasi
1508 2309 1622 2340 con·

617 2361 830 2416 temtim,
861 2358 938 2421 (ut
957 2373 1067 2418 sup.
1091 2358 1133 2406 1.
1160 2360 1288 2419 159.)
1321 2361 1419 2406 alte
1451 2373 1506 2405 sc
1541 2373 1619 2404 su·

616 2426 761 2483 perbe
781 2432 966 2483 gestata
983 2426 1190 2470 „eanum
1204 2425 1365 2471 excelsi
1382 2424 1590 2470 nunciato-2·
1601 2438 1619 2469 .·

615 2497 728 2534 nam
763 2489 935 2534 divites
969 2489 1187 2541 Romani,
1220 2490 1383 2536 omnia
1415 2486 1619 2552 majora,

616 2553 895 2598 sublimiora
918 2554 1288 2613 augustior-aque
1311 2554 1460 2599 videri
1483 2556 1619 2613 cupi·

614 2625 768 2672 entes,
790 2629 1010 2674 proceros
1029 2618 1175 2663 etiam
1209 2619 1502 2663 ferculorum
1526 2619 1620 2662 mi·

617 2681 808 2735 nistros,
826 2690 879 2727 nt
904 2681 1183 2740 lecticarios,
1206 2684 1271 2735 (v.
1295 2684 1356 2727 ad
1375 2681 1465 2727 111.
1486 2681 1619 2740 240.)

614 2747 859 2791 amabant.
923 2745 1010 2791 84.
1038 2745 1331 2801 cammarus,
1363 2747 1619 2811 κάμμαροι,

614 2810 919 2855 cochlearum
944 2810 1141 2885 species,
1164 2810 1213 2855 11.
1231 2811 1263 2855 1.
1286 2824 1372 2869 pro
1396 2812 1525 2869 pisce
1551 2813 1617 2855 vi-

615 2874 676 2918 lis
694 2875 894 2932 saporis,
912 2874 994 2931 qui
1012 2873 1166 2924 nobis,
1181 2880 1235 2918 ut
1253 2880 1443 2931 putant,
1461 2874 1617 2919 Hum-

616 2937 927 2990 merdicitur,
949 2944 996 2981 et
1019 2937 1101 2981 Gr.
1124 2934 1344 2991 ἀστικὸς,
1367 2950 1512 2997 quem
1547 2945 1617 2983 ta-

614 3012 727 3045 men
753 3001 951 3058 Apicius
970 3002 1033 3045 ab
1053 3014 1111 3045 eo
1131 3003 1382 3070 distinguit
1404 3010 1493 3047 art.
1512 3016 1616 3063 coq.

618 3064 686 3109 11.
727 3064 768 3110 1.
817 3071 866 3108 et
909 3060 1048 3124 cujus
1086 3077 1273 3124 sapore,
1319 3079 1413 3109 non
1454 3066 1618 3112 minus

617 3140 766 3188 quam
789 3127 978 3186 squillae
1010 3136 1210 3189 captum
1227 3130 1449 3189 Apicium
1474 3132 1620 3176 tradit

618 3192 803 3238 Suidas.
854 3190 1077 3250 Ponitur,
1101 3194 1374 3252 adponitur,
1394 3196 1475 3239 tibi
1496 3208 1618 3241 cam·

614 3269 772 3303 marm
792 3255 1078 3311 constrictus,
1097 3258 1423 3303 circumdatus
1454 3259 1504 3302 in
1535 3272 1617 3317 pa-

615 3320 735 3375 tina,
749 3334 831 3367 nvo
845 3319 1052 3376 dimidio,
1070 3321 1209 3366 sectis
1231 3322 1349 3368 ovis.
1383 3322 1620 3368 »810111111-

614 3386 745 3435 tialis
765 3383 974 3430 dixit‘V.
990 3380 1076 3432 ’79.
1099 3385 1146 3432 5.
1169 3384 1333 3431 divisis
1352 3388 1532 3445 cybium
1549 3386 1615 3431 la-

611 3448 727 3495 tebit
740 3450 855 3504 ovis,
869 3454 919 3493 et
937 3448 1327 3496 x.·48.11.secta
1342 3450 1617 3496 coronabunt

613 3518 793 3559 meatus
822 3526 910 3558 ova
941 3514 1147 3559 lacertas.
1187 3513 1286 3568 (ef.
1320 3515 1522 3560 casaub.
1554 3516 1616 3561 ad

612 3578 791 3622 Athen.
810 3577 877 3623 11.
898 3577 994 3635 16.)
1052 3576 1311 3639 85.sera1ie
1324 3592 1480 3624 αττηις
1506 3589 1616 3625 nam

612 3637 720 3686 Diis
749 3642 915 3690 inferis
941 3656 1109 3689 maenae
1130 3642 1307 3702 aiiique
1328 3643 1543 3701 pisciculi
1566 3650 1616 3689 et

613 3704 728 3748 vilis
758 3717 963 3768 quaeque
1000 3707 1265 3753 consecrari
1297 3707 1527 3752 solebant.
1568 3722 1616 3754 v.

615 3767 788 3814 Heius.
823 3769 883 3813 ad
912 3768 1055 3817 Ovid.
1090 3769 1221 3816 Fast.
1260 3769 1323 3815 11.
1349 3768 1466 3816 528.
1502 3769 1614 3817 634.

610 3829 726 3877 651.
776 3831 950 3891 exigna
986 3834 1135 3892 epith.
1178 3847 1360 3893 augens
1401 3834 1614 3881 diminu-

611 3895 817 3951 tionem,
839 3902 895 3940 ut
912 3895 1002 3940 xl.
1013 3896 1136 3942 144.

659 3958 759 4005 86.
794 3971 895 4017 seq.
925 3959 1000 4006 Cf.
1040 3962 1213 4021 Horat.
1242 3961 1340 4006 Sat.
1365 3960 1433 4006 11.
1466 3960 1512 4007 2.
1537 3960 1617 4008 59.

610 4036 711 4082 seq.
732 4021 782 4069 3.
807 4019 918 4069 125.
931 4022 1076 4072 4.50.
1110 4024 1218 4084 Ipse
1237 4032 1483 4083 patronus.
1529 4027 1616 4072 Ve-

609 4086 819 4149 anraw
834 4088 958 4142 oleo,
963 4090 1110 4148 quod
1132 4089 1372 4146 optimum
1393 4095 1529 4146 ·θηῑ,
1555 4104 1616 4136 ex

608 4159 727 4211 agro
739 4151 971 4207 Venafri,
981 4163 1104 4216 opp.·
1114 4153 1406 4236 Campaniae.
1424 4163 1476 4199 vt·
1491 4154 1614 4203 Plin.

611 4217 756 4329 xxv.
755 4216 863 4328 2'Ne
874 4277 1165 4343 praetexentes
1190 4284 1397 4327 morvani
1413 4279 1614 4343 faetidis

2609 1262 2694 1328 90

1685 1458 1850 1514 caules,
1865 1460 2071 1507 IVitrata
2088 1459 2252 1506 viridis
2266 1460 2459 1505 tractim
2467 1461 2557 1521 fiet
2577 1474 2695 1519 aqua

1689 1526 1898 1572 Martini.
1923 1525 2064 1571 XIII.
2088 1525 2166 1571 17.
2189 1527 2253 1571 al.
2280 1525 2357 1570 14.
2391 1525 2526 1570 olebit
2555 1525 2698 1570 later-

1684 1602 1812 1644 nam,
1828 1591 2010 1644 oleum,
2025 1592 2169 1649 quale
2185 1589 2391 1637 lucernis
2405 1588 2600 1639 infundi
2619 1602 2694 1634 so-

1689 1655 1771 1699 let.
1811 1654 1886 1699 Cf.
1910 1654 2080 1699 Horat.
2104 1653 2203 1699 Sat.
2229 1654 2267 1699 I.
2290 1654 2335 1698 6.
2363 1651 2473 1701 124.
2516 1652 2697 1719 Σιτςδο

1683 1716 1849 1775 Umor,
1875 1720 1924 1764 h.
1947 1732 1988 1763 e.
2024 1721 2185 1763 oleum
2217 1724 2457 1763 vetustate
2485 1731 2695 1777 conrup-

1686 1792 1791 1828 tum
1832 1797 1888 1828 ac
1931 1783 2203 1838 rancidum,
2246 1783 2362 1827 locis
2391 1782 2541 1827 simii.
2569 1783 2696 1828 dixit

1685 1847 1929 1906 Theopbr.
1954 1846 2098 1893 Char.
2112 1845 2216 1892 ·ΧΙ.
2239 1845 2289 1891 4.·
2315 1854 2367 1891 et
2388 1844 2602 1893 XIX.3.
2632 1849 2696 1892 ad

1685 1925 1795 1971 quae
1827 1913 1892 1959 cf.
1927 1912 2131 1956 Casaub.
2191 1911 2339 1956 Poeta
2382 1911 2578 1956 videtur
2620 1925 2696 1956 re·

1685 1976 1897 2034 spexisse
1919 1976 2040 2020 illud
2060 1976 2110 2019 in
2139 1975 2516 2022 Demosthenem
2536 1971 2695 2036 jacta·
2762 2018 2765 2022 .

1685 2046 1812 2097 lum,
1831 2036 1906 2086 ei»
1923 2037 2088 2101 λύχνον
2105 2036 2209 2097 ἵζει.

1749 2104 1826 2152 88.
1852 2118 1949 2162 seq.
1970 2106 2263 2164 Designatur
2279 2103 2441 2148 oleum
2461 2102 2695 2149 Numidi-

1685 2178 1799 2214 cum
1824 2169 1898 2213 vel
1924 2168 2117 2223 Afrum,
2138 2169 2267 2227 quod
2289 2167 2409 2211 adeo
2431 2166 2621 2227 foeteat,
2641 2173 2695 2214 ut

1688 2245 1831 2278 nemo
1851 2246 1965 2278 cum
1989 2232 2237 2284 Boea-hare,
2257 2232 2304 2277 11.
2325 2244 2367 2275 e.
2391 2231 2525 2276 Afris
2543 2234 2694 2277 eoin-

1687 2297 1863 2348 unctis,
1888 2297 2122 2342 sustineat
2144 2297 2320 2346 lavare,
2336 2308 2495 2354 neque
2515 2297 2594 2340 his
2611 2309 2694 2341 no·

1684 2368 1822 2406 ceant
1837 2368 2097 2419 serpentes,
2111 2361 2194 2418 qui
2207 2356 2248 2420 ej
2256 2361 2693 2418 usgmveoleutiam

1685 2424 1810 2470 ferre
1843 2436 1939 2470 11011
1975 2425 2175 2484 possint.
2242 2423 2421 2470 Alveoli
2441 2436 2558 2469 vasa
2579 2436 2689 2471 con-

1685 2502 1820 2544 cava,
1834 2490 2011 2543 lances,
2026 2496 2111 2534 aut
2125 2489 2292 2542 catini,
2311 2488 2437 2532 Gall.
2453 2490 2693 2535 maiores.

1684 2552 1801 2598 illud
1816 2568 1883 2600 sc.
1897 2553 2076 2606 oleum,
2091 2552 2207 2612 qnod
2218 2565 2366 2597 canna
2378 2551 2693 2611 Micipsarum

1683 2616 1907 2671 saltuem,
1914 2619 1979 2667 11.
2002 2632 2045 2663 e.
2079 2620 2207 2676 quod
2241 2630 2302 2662 ex
2337 2616 2577 2661 Numidia
2608 2617 2689 2661 ad·

1685 2689 1878 2726 vectum
1902 2690 1995 2727 est·
2001 2682 2224 2730 Romam.
2295 2679 2493 2731 (Ῑαηηιι.ι
2488 2681 2691 2739 cymba,

1684 2745 1890 2793 lembus,
1913 2747 2136 2792 Laudent
2152 2745 2286 2790 Plin.
2305 2744 2418 2789 vn.
2444 2743 2621 2795 2.(11111
2642 2758 2690 2791 v.
2710 2759 2723 2767 ⁴

1688 2809 1838 2855 Hard.
1840 2808 1890 2870 )
1875 2823 1923 2855 m
1933 2810 2075 2855 India
2082 2808 2691 2867 aroandinestantoeprocert-

1684 2873 1810 2925 tutis,
1824 2880 1877 2920 ut
1890 2876 2078 2934 singula
2088 2873 2345 2919 internodia
2357 2872 2485 2916 alveo
2496 2873 2688 2931 naviga·

1683 2936 2182 2984 bieimann-interdum
2204 2937 2415 2981 homines
2434 2934 2622 2995 serant,
2643 2941 2694 2979 et

1683 2999 1787 3059 cap.
1800 3001 1888 3049 ·56.
1902 3015 2037 3047 naves
2050 3002 2098 3046 in
2114 3001 2237 3046 Nilo
2248 2999 2689 3059 eoepapyrmssscir-

1677 3080 1742 3125 po
1760 3070 1807 3112 et
1816 3066 2057 3112 amndbee.
2060 3066 2452 3123 -Micipscrum,
2457 3064 2702 3110 Numida-

1683 3143 1822 3175 rum·
1851 3143 1962 3175 nam
1981 3129 2188 3189 Micipsa
2201 3143 2283 3176 rex
2300 3127 2573 3184 Numidiae,
2588 3128 2693 3173 Ma-

1683 3194 1869 3239 sinissae
1893 3195 2035 3251 filius,
2059 3195 2143 3253 qui
2166 3194 2379 3239 moriens
2393 3201 2609 3265 regnum
2622 3204 2696 3238 re-

1683 3257 1824 3317 liquit
1837 3258 2096 3303 Adherbali
2109 3270 2158 3303 et
2168 3253 2441 3315 Hiempsali
2454 3257 2569 3303 filiis
2581 3257 2699 3309 suis,

1682 3329 1731 3367 et
1752 3321 1784 3366 J
1789 3321 2013 3380 ugurthoe
2034 3322 2195 3367 fratris
2215 3321 2329 3366 filio.
2375 3320 2589 3370 Boot-Inar
2604 3335 2694 3366 rex

1682 3386 1946 3432 Numidiae.
1978 3399 2026 3431 v.
2060 3386 2170 3431 Liv.
2206 3383 2394 3430 XXIX.
2423 3384 2507 3431 30.
2551 3384 2693 3431 Alius

1680 3450 1774 3495 mit
1797 3451 1896 3496 dux
1921 3450 2168 3510 Syphacis.
2191 3464 2238 3494 v.
2274 3450 2374 3493 Liv.
2394 3446 2590 3496 XXIX.
2611 3448 2694 3496 31.

1681 3512 1763 3560 32.
1819 3514 2050 3559 Boc-chore
2084 3515 2260 3575 legitur
2281 3513 2331 3558 in
2355 3514 2385 3559 2
2409 3514 2545 3559 libris
2565 3519 2693 3559 antt.

1680 3572 1792 3624 Nou
1825 3577 1975 3634 male,
1996 3583 2056 3623 ut
2087 3578 2384 3637 significetur
2414 3578 2587 3623 oleum
2606 3576 2691 3623 Β·

1679 3642 1901 3702 gyptium
1915 3642 2111 3700 pessimi
2121 3642 2296 3694 odoris.
2306 3641 2606 3688 sesaminum
2619 3641 2693 3687 vel

1680 3705 1914 3763 cicinum,
1937 3707 2066 3765 quod
2097 3707 2147 3751 in
2182 3706 2302 3752 cibis
2334 3704 2517 3751 foedum
2542 3714 2594 3761 et
2615 3707 2689 3751 lu·

1679 3770 1835 3816 cernis
1857 3770 1976 3815 utile
1998 3783 2103 3816 esse
2117 3772 2287 3817 dicunt
2304 3770 2426 3820 Plin.
2443 3769 2558 3815 XV.
2576 3770 2627 3816 Ἰ.
2643 3776 2693 3814 et

1681 3834 1776 3879 alii.
1830 3832 2073 3879 Boc-choris
2088 3848 2172 3879 rex
2190 3843 2240 3880 et
2255 3834 2501 3893 legislator
2512 3833 2696 3893 Egyp-

1682 3898 1884 3955 tiorum,
1907 3898 2186 3944 notissimus
2217 3912 2277 3943 ex
2301 3898 2432 3943 Plut.
2457 3898 2692 3960 Diodoro,

1682 3960 1859 4007 Euseb.
1879 3961 1944 4007 al.
1982 3962 2163 4008 Versus
2180 3962 2260 4009 91.
2277 3968 2390 4008 ante
2405 3976 2452 4011 v.
2471 3962 2561 4009 90.
2575 3961 2692 4020 legi·

1682 4033 1761 4072 tur
1793 4027 1843 4071 in
1885 4027 1990 4071 cod.
2026 4026 2259 4073 Schurzfl.
2297 4027 2429 4084 quod
2470 4026 2692 4072 adridere

1679 4096 1868 4149 potest;
1901 4092 1985 4135 sed
2007 4092 2141 4135 abest
2163 4092 2224 4135 ab
2245 4090 2500 4149 antiquiss.
2519 4090 2627 4138 MS.
2646 4099 2695 4135 et

1679 4155 1792 4199 edit.
1815 4153 2005 4207 Pithoei,
2020 4156 2148 4213 quod
2166 4155 2364 4200 omnino
2383 4156 2691 4213 probandum

1679 4218 1900 4264 videtum
1935 4220 2203 4267 admodum
2231 4225 2361 4264 certe
2395 4219 2621 4277 languet,
2644 4224 2692 4263 et

1678 4284 1834 4341 magis
1865 4281 1991 4342 sapit
2004 4282 2339 4346 grammatici,
2360 4294 2511 4344 quam
2535 4289 2694 4342 poeto
