2978 4920
982 295 1433 363 SATIR‘A
1501 294 1633 364 XI.

2223 293 2345 361 273

359 478 712 561 Adtendas‚
743 482 942 571 magis
969 481 1078 546 ille
1093 483 1351 568 juvant,
1381 489 1540 568 quae'
1557 478 1758 567 pluris
1781 489 2101 544 emuntur.

360 582 541 670 Ergo
569 582 740 648 haud
770 581 1022 648 difficile
1048 593 1167 659 est,
1197 582 1546 668 perituram
1577 603 1882 646 arcessere
1912 599 2217 646 summam

358 682 683 749 Laneibus
711 684 1039 771 obpositis‚
1070 683 1171 748 vel
1199 683 1420 749 metris
1448 681 1722 769 imagine
1750 683 1973 759 fracte,

359 783 451 848 Et
480 784 958 871 quadringentis
987 783 1197 848 numis
1225 782 1482 872 condire
1508 782 1806 868 gulosum

363 883 629 949 Fictile:
678 884 764 949 sic
793 884 1056 950 veniunt
1087 884 1166 949 ad
1199 882 1593 948 miscellanea
1620 883 1777 947 ludi.

2264 878 2347 940 20

362 983 586 1049 Refert
615 1007 788 1070 ergo,
820 985 967 1071 quis
994 983 1132 1048 haec
1160 983 1377 1047 eadem
1407 994 1624 1068 paret:
1671 983 1739 1047 in
1774 983 1997 1048 Rutilo
2023 1006 2172 1049 nem

363 1084 656 1150 Luxuria
681 1098 815 1161 est3
856 1087 929 1149 ‘in
957 1085 1255 1150 Ventidio
1283 1084 1602 1149 laudabile
1630 1107 1861 1149 nomen
1897 1133 1908 1146 ,

362 1186 594 1264 Sumit,
624 1199 688 1252 et
717 1210 758 1251 a
784 1209 974 1252 censu
1001 1188 1234 1252 famam
1264 1185 1480 1251 trahit.
1572 1185 1768 1250 Illum
1797 1209 1917 1272 ego
1937 1186 2087 1274 jure

362 1286 745 1373 Despiciam,
775 1288 891 1373 qui
921 1288 1034 1353 scit
1065 1299 1306 1374 quanto
1336 1285 1664 1351 sublimior
1694 1286 1883 1351 Atlas

364 1385 676 1451 Omnibus
703 1386 767 1452 in
800 1387 1014 1473 Libya
1042 1389 1124 1453 sit
1152 1387 1509 1452 montibus:
1556 1386 1660 1451 hic
1690 1399 1900 1451 tamen
1929 1384 2096 1451 idem

2271 1389 2351 1450 25

365 1488 651 1571 Ignoret‚
683 1500 993 1573 quantum
1023 1490 1261 1554 ferrata
1287 1488 1481 1552 distet
1514 1487 1596 1551 ab
1626 1505 1773 1552 arce

367 1587 688 1652 SacquuS.
777 1590 839 1653 Ε
869 1589 1029 1654 coelo
1057 1588 1381 1654 descendit
1410 1592 1592 1652 Γνῶθι
1621 1588 1871 1666 σεαυτὸν,

278 1748 377 1798 quo
406 1734 562 1783 minus
594 1734 823 1786 desiderio
850 1735 1062 1788 ciborum
1093 1736 1285 1803 capian-

277 1806 374 1854 tur,
395 1813 488 1847 non
508 1799 678 1849 minuit
708 1800 1022 1862 desiderium3
1055 1801 1172 1866 quin
1199 1816 1283 1865 po·

279 1861 391 1919 tius,
409 1865 446 1910 si
465 1865 652 1912 interius
668 1868 897 1921 adtendas,
909 1865 1176 1915 adcuratius
1186 1880 1286 1913 rem

279 1925 562 1987 consideres,
575 1932 714 2003 magis
735 1930 1010 1992 illajuvant,
1030 1929 1286 1991 delectant,

280 1990 498 2042 suaviora
526 1992 585 2040 iis
615 1993 830 2044 videntur
869 1994 1111 2059 magisque
1143 1994 1288 2060 adpe-

280 2062 464 2167 tuwptun
482 2073 576 2119 qua
589 2059 750 2119 pluria,
768 2057 933 2123 majori
953 2058 1115 2123 pretio,
1133 2075 1288 2107 emun-

346 2184 430 2244 117.
461 2183 574 2232 Non
605 2183 842 2242 dubitant,
863 2191 1026 2234 mutuo
1058 2184 1290 2251 adcipere,

281 2249 577 2359 (31361ραῖὶῖ
579 2255 718 2359 12th
720 2248 836 2378 ῗὲξῖ
848 2313 895 2361 v
913 2262 1052 2360 ¹imis
1071 2256 1296 2373 ωοῖῗῷῖἶεῖ

279 2374 484 2440 pigneri,
502 2375 869 2426 adsecuritatem
879 2374 1134 2425 creditoris.
1168 2376 1295 2424 Lan-

281 2442 411 2488 cibus
458 2438 686 2504 pretiosis,
731 2439 960 2504 argenteis
1011 2445 1104 2489 cet.
1143 2443 1298 2489 πιαινὶε

283 2507 484 2570 imagine
519 2504 700 2568 fracta,
739 2520 834 2553 non
877 2519 1008 2559 casu,
1047 2512 1179 2569 puto,
1223 2505 1298 2553 vel

285 2575 541 2625 vetustate,
557 2569 633 2617 vel
653 2577 708 2617 ut
725 2576 905 2634 partem
924 2576 1091 2618 statuae
1107 2568 1297 2626 vendat,

285 2633 374 2682 sed
391 2634 557 2698 fracta
587 2647 646 2683 ex
683 2632 926 2689 industria,
965 2640 1019 2681 ut
1055 2647 1151 2681 non

284 2697 420 2745 nosci
444 2697 588 2762 possit
606 2706 655 2746 et
677 2696 777 2747 sine
797 2697 974 2763 pudore
992 2697 1151 2746 vendi.

359 2763 435 2810 19.
453 2764 785 2827 quadringentis
813 2763 977 2818 metis,
998 2776 1169 2826 magno
1189 2776 1294 2827 pre·

282 2824 372 2874 tio.
437 2825 532 2874 Sed
561 2829 687 2875 nunti
717 2834 825 2875 sunt
856 2825 1069 2881 sestertii,
1099 2840 1193 2873 non
1224 2841 1297 2874 se-

282 2888 468 2938 stertia.
499 2893 691 2946 condire,
714 2889 833 2939 cibis
850 2891 970 2939 hene
1001 2889 1202 2938 conditis
1221 2889 1300 2939 vel

285 2953 507 3003 delicatis
537 2951 587 3000 in
617 2952 730 3003 lere.
777 2954 927 3015 fietile
962 2968 1062 3008 vas,
1099 2961 1154 3002 ut
1190 2963 1300 3002 testa

287 3020 391 3069 alta
410 3032 513 3082 sup.
532 3017 560 3063 1
612 3049 628 3065 .
649 3018 756 3064 131.
769 3016 880 3079 (ubi
899 3032 942 3064 v.
962 3016 1086 3080 not.)
1118 3017 1295 3075 Fiam«,

288 3083 409 3146 quia
435 3080 603 3129 lances,
627 3088 872 3143 argenteas
901 3081 1194 3153 obposueret,
1217 3091 1300 3131 aut

288 3143 503 3195 maxims.
546 3142 708 3208 alique
746 3143 909 3209 patina
945 3158 991 3192 ei
1029 3159 1146 3208 opus
1183 3153 1301 3196 erat.

287 3212 498 3274 gulosum
519 3224 618 3266 vas,
639 3208 779 3272 quale
805 3216 877 3258 est
907 3207 1146 3256 hominum
1249 3224 1299 3257 o-

290 3289 466 3330 sorum,
487 3273 562 3323 vel
592 3287 764 3338 capax.
826 3273 906 3320 20.
926 3272 1017 3327 Sic,
1046 3271 1136 3322 hoc
1185 3289 1300 3330 uxu,

292 3341 480 3386 veniunt
511 3340 572 3386 ael
601 3338 894 3392 miscellanea,
916 3335 1074 3385 cibum
1103 3352 1131 3385 e
1161 3337 1302 3386 variis

294 3401 484 3452 ferculis
520 3401 736 3458 mixtum,
774 3401 1113 3476 (gladiatoriam
1147 3407 1197 3448 et
1229 3403 1301 3448 in-

294 3469 510 3515 mundam
538 3483 587 3514 sa
624 3469 740 3514 ‘nam
767 3465 925 3515 dixere
943 3465 1061 3513 Tae.
1083 3463 1207 3512 Hist-
1230 3465 1304 3513 ΙΙ.

296 3531 382 3579 88.
413 3537 463 3579 et
493 3529 532 3578 si
581 3530 631 3578 ‘i
666 3531 770 3578 loco
806 3530 948 3594 Prop.
980 3529 1074 3578 lv.
1117 3530 1163 3576 8.
1197 3528 1306 3592 25.)

299 3592 422 3652 ludi,
438 3593 573 3651 ludii,
622 3593 887 3655 lediatoris3
923 3594 995 3656 (ν.
1011 3609 1116 3658 sup.
1134 3590 1196 3640 ad
1214 3593 1307 3642 VI.

298 3658 412 3720 82.)
436 3657 484 3706 h.
504 3672 546 3706 e.
565 3610 844 3722 giadiatores
861 3658 997 3714 fiunt,
1022 3658 1112 3722 (cf.
1131 3671 1236 3730 sup.
1258 3674 1306 3706 v.

298 3721 379 3786 8.)
400 3729 455 3771 ιιι
485 3720 729 3786 largiorem
761 3730 886 3772 certe
904 3721 1099 3779 victum,
1119 3736 1196 3769 eui
1219 3720 1305 3769 ed-

298 3794 568 3843 suevemnt,
590 3785 851 3835 retineant:
885 3801 997 3836 nem
1027 3785 1310 3850 gladiatores

299 3850 453 3914 epulis
472 3849 746 3913 largioribus
767 3850 832 3899 ali
860 3851 1088 3907 solebant,
1108 3857 1163 3898 ut
1189 3848 1310 3899 vires

298 3929 462 3965 eorum
512 3930 542 3963 e
735 3930 804 3964 ur.
887 3914 986 3962 Alii
1032 3915 1310 3963 miscellanea

302 3977 411 4029 ludi.
436 3985 607 4052 putant
639 3993 740 4052 esse
770 3979 895 4052 ludos
925 3980 1146 4034 miscellan,
1179 3977 1229 4026 h.
1264 3991 1308 4026 e.

303 4042 1310 4180 §.21⁰²30502533?5uss²3.³33.<15.33334

301 4170 564 4226 histriones,
589 4185 674 4220 seu
691 4170 827 4220 ludii.

368 4235 579 4283 21-23,
597 4234 808 4285 Multum
822 4234 1032 4290 interest,
1043 4232 1233 4283 divesne
1251 4232 1312 4282 sit

296 4312 367 4353 ²11
388 4312 585 4362 pauper,
607 4297 690 4362 qui
724 4299 880 4350 lautas
903 4307 1040 4359 parat
1056 4297 1232 4361 ,epulas
1262 4306 1312 4347 et

1349 1751 1545 1802 magnos
1578 1744 1759 1785 sumtus
1789 1736 1917 1786 facit.
1969 1736 2049 1786 Cf.
2082 1752 2189 1804 sup.
2225 1752 2271 1786 v.
2312 1737 2357 1788 1.

1350 1816 1449 1864 seq.
1468 1802 1699 1850 Ventidius
1716 1800 1815 1849 h.1.
1837 1810 1890 1849 ιιι
1904 1817 2009 1866 sup.
2026 1819 2072 1851 v.
2095 1804 2138 1850 1.
2161 1804 2351 1858 Atticus,

1381 1880 1433 1912 ro
1452 1863 1639 1915 homine
1659 1865 1803 1914 divite
1833 1880 1889 1914 ee
1920 1866 2082 1916 nobili.
2114 1868 2351 1923 laudabile.

1382 1938 1613 1980 onestum.
1961 1985 1966 1988 ,

1412 1995 1496 2043 23.
1523 1992 1734 2043 Luxuria
1767 2010 1796 2040 a
1830 2009 1962 2041 censu
1979 1992 2160 2057 famam
2200 1996 2357 2050 trahit,

1352 2056 1500 2112 ducit,
1538 2057 1706 2106 sumit:
1752 2056 1793 2104 si
1829 2073 2028 2130 magnus
2064 2066 2135 2105 est
2171 2073 2355 2116 census,

1353 2121 1455 2184 (res
1474 2121 1732 2176 familiaris,
1749 2122 1884 2186 opes)
1899 2120 2207 2178 liberalitatis,
2224 2137 2357 2187 mag·

1354 2184 1600 2233 nifioentiae
1650 2190 1700 2233 et
1747 2184 2016 2243 honestatis,
2058 2186 2098 2234 si
2144 2187 2356 2250 exiguus,

1355 2247 1552 2296 luxuriae
1572 2249 1748 2297 famam
1767 2263 2030 2312 nomenque
2050 2250 2244 2299 obtinet.

1420 2312 1632 2361 24-27.
1654 2311 1795 2359 Stulti
1815 2320 1923 2361 sunt
1938 2320 1986 2360 et
2001 2321 2239 2363 contemtu
2256 2314 2360 2378 dig-

1357 2374 1422 2429 ni,
1458 2375 1540 2440 qui
1577 2390 1732 2424 rerum
1770 2383 2062 2424 externarum
2100 2376 2359 2432 scientiam,

1357 2453 1462 2502 quae
1505 2440 1580 2489 vel
1620 2453 1805 2505 prorsus
1846 2438 2023 2489 inutilis
2061 2448 2148 2498 est,
2186 2440 2263 2490 vel
2300 2440 2360 2490 ed

1358 2503 1499 2552 beate
1530 2504 1780 2553 vivendum
1807 2503 1926 2552 nihil
1956 2503 2149 2562 confert,
2178 2512 2365 2554 secten-

1361 2573 1436 2615 tur
1470 2583 1527 2617 ac
1556 2568 1702 2634 probe
1730 2575 1907 2626 tenent,
1930 2576 1980 2616 at
2009 2568 2135 2616 intus
2159 2577 2208 2617 et
2239 2568 2366 2616 domi

1186 2648 1298 2697 cog-
1361 2646 1457 2680 suae
1479 2631 1702 2698 hospites,
1723 2631 1800 2680 vel
1818 2631 1869 2679 in
1900 2630 2147 2680 metiendis
2167 2632 2366 2681 faculta-

1361 2696 1486 2744 tibus
1505 2704 1556 2745 et
1584 2697 1674 2745 sei
1732 2694 1742 2704 ⁶
1787 2695 2118 2760 cognoscendis
2145 2695 2274 2751 caeci,
2296 2695 2367 2761 ig·

1360 2770 1547 2819 norant,
1587 2776 1635 2809 ιιι
1688 2768 1789 2809 tum
1829 2759 1948 2809 inter
1988 2775 2184 2824 magnes
2225 2768 2366 2824 atque

1360 2825 1556 2888 exiguas
1582 2840 1695 2890 opes
1725 2825 1965 2882 interesse,
1986 2833 2035 2873 et
2064 2839 2149 2890 pro
2179 2823 2366 2874 illorum

1361 2889 1500 2938 modo
1534 2905 1589 2939 ac
1621 2903 1839 2938 mensure
1860 2888 2095 2938 faciendos
2120 2903 2220 2937 esse
2239 2894 2374 2937 sum-‘

1361 2959 1454 3002 tus.
1521 2954 1683 3002 Tecum
1714 2955 1889 3001 habita:
1920 2957 2037 3006 noris
2057 2970 2189 3016 quam
2209 2956 2267 3002 sit
2288 2956 2369 3002 tibi

1359 3027 1493 3066 curta
1511 3019 1717 3080 supellex,
1741 3019 1874 3066 Pers.
1892 3018 1984 3066 lv.
2004 3019 2087 3066 52.
2151 3018 2363 3075 Atlantis,

1361 3079 1534 3129 montis
1560 3081 1882 3139 Mauritaniae,
1907 3081 2022 3130 mira
2056 3081 2254 3131 altitudo
2284 3097 2367 3131 no-

1362 3145 1557 3194 tissime.
1589 3163 1636 3195 v.
1667 3146 1835 3210 Heyne
1866 3145 1928 3194 ad
1958 3146 2091 3210 Virg.
2124 3147 2242 3195 AEn.
2274 3147 2370 3197 IV.

1362 3210 1475 3259 246.
1496 3225 1593 3273 seq.
1611 3217 1662 3258 et
1678 3211 1790 3259 480.
1811 3225 1912 3275 seq.

1424 3275 1509 3323 26.
1545 3274 1736 3322 Fen-ata
1766 3291 1873 3322 area
1907 3273 2101 3322 divitum
2133 3282 2220 3329 est,
2251 3288 2372 3338 pau-

1546 3353 1654 3387 vero
1667 3340 1867 3386 sacculus
1885 3354 1925 3386 s.
1950 3338 2120 3386 loculum
2135 3344 2184 3384 et
2197 3352 2376 3385 mme-

1364 3418 1441 3456 na,
1481 3400 1593 3466 (inf.
1624 3419 1673 3450 v.
1709 3401 1815 3464 58.)
1857 3400 1981 3450 unde
2014 3417 2124 3448 arca
2158 3414 2372 3462 magnas,

1365 3467 1567 3513 sacculus
1596 3481 1705 3514 vero
1732 3464 1941 3513 modicas
1974 3463 2190 3527 designat
2219 3478 2373 3511 rerum

1367 3544 1426 3577 co
1457 3528 1529 3576 ias
1558 3537 1607 3578 et
1638 3529 1901 3577 ssciiltates.
1934 3527 2008 3589 (v.
2030 3527 2090 3575 ad
2125 3528 2190 3576 X.
2210 3529 2292 3578 25.
2323 3534 2373 3576 et

1371 3593 1416 3640 X
1452 3592 1515 3641 V.
1535 3593 1646 3642 260.
1666 3591 1808 3655 261.)
1847 3592 1927 3640 27.
1951 3591 1993 3638 Ε
2013 3593 2117 3639 eoelo
2139 3593 2375 3650 deseendit,

1371 3657 1531 3706 Deum
1550 3656 1693 3705 habet
1720 3663 1973 3705 auctorem.
1998 3656 2072 3704 vel
2092 3654 2266 3715 divina,
2290 3672 2376 3706 eu·

1370 3735 1468 3778 ree,
1489 3719 1874 3787 prestantissima
1905 3727 1976 3769 est
1994 3720 2066 3782 (v.
2088 3719 2151 3768 ad
2173 3721 2246 3770 II.
2266 3722 2376 3785 40.)

1371 3785 1606 3834 sententie
1641 3784 1727 3834 illa
1766 3785 1908 3847 γιὸθι
1947 3783 2144 3842 σικυὸν,
2181 3801 2285 3850 quae
2327 3788 2379 3836 in

1371 3849 1601 3899 vestibulo
1622 3849 1786 3915 templi
1806 3848 2024 3914 Delphici
2057 3850 2210 3900 aureis
2230 3851 2379 3899 literis

1371 3912 1511 3963 inseri
1545 3921 1595 3962 ts
1612 3922 1729 3972 erat,
1751 3920 1800 3962 et
1821 3929 1852 3962 a
1868 3913 2147 3978 quibusdam
2168 3913 2372 3968 Theleti,

1373 3978 1447 4027 vel
1525 3977 1688 4035 hiloni,
1721 3979 1967 4036 Cleobulo,
1990 3977 2169 4033 Bianti,
2196 3978 2376 4040 Pytha-

1373 4056 1514 4104 gorae,
1554 4041 1732 4093 Socrati
1773 4043 1967 4108 aliisque
2003 4041 2284 4095 hominibus,
2318 4040 2388 4088 ab*

1372 4105 1477 4156 aliis
1518 4106 1607 4172 ipsi
1648 4107 1861 4172 Apollini
1902 4105 1978 4156 vel
2034 4105 2135 4168 ejus
2173 4103 2376 4175 oraeulo,

1371 4176 1613 4235 tamquam
1664 4171 1859 4228 auctori,
1907 4170 2118 4233 (propter
2173 4165 2379 4213 divinam

1374 4234 1840 4347 {sireis}
1855 4231 2085 4353 Ἑῗὶῗὶ·
2102 4228 2206 4341 (ἓξ
2229 4229 2380 4344 ῙέἝε
