2978 4920
783 937 2523 1046 IIJOEUIJOEOEOEMHS

998 1131 1001 1134 ¹
1325 1192 1969 1292 AQUlNATIS
2331 1183 2334 1186 ’

1024 1417 2233 1524 SATIRARUM

1260 1691 1555 1754 LIBER
1598 1688 2039 1767 QUINTUS.

1170 2179 1781 2261 SATIRA
1866 2178 2116 2258 XIII.

1340 2416 1948 2476 ARGUMENTUM.

612 2562 865 2621 Calvinum,
879 2578 979 2609 cum
993 2562 1163 2625 gemitu
1182 2570 1224 2608 et
1243 2562 1368 2609 luctu
1389 2571 1637 2623 querentem
1649 2562 1703 2607 de
1719 2560 1908 2622 perfidia
1928 2562 2077 2615 amici,
2090 2561 2166 2621 qui
2182 2560 2423 2620 depositum
2440 2556 2610 2620 (decem
2622 2570 2680 2602 se·

669 2642 848 2706 ster-tia)
867 2645 1173 2706 abnegaverat,
1193 2641 1493 2689 consolaturus
1512 2648 1655 2701 poeta,
1676 2642 1771 2702 ipso
1791 2643 1940 2688 statim
1965 2642 2199 2701 principio,
2221 2657 2266 2686 v.
2295 2639 2473 2685 1-12.
2505 2637 2686 2683 breviter

670 2730 860 2769 recenset
873 2721 1153 2783 inculcatque
1162 2721 1333 2775 solatia,
1349 2736 1444 2782 quae
1459 2721 1616 2766 deinde
1629 2718 1698 2783 (v.
1716 2719 1979 2783 13—249.)
1991 2721 2169 2767 uberius
2175 2719 2450 2780 planiusque
2461 2716 2684 2778 persequi·

671 2809 764 2855 tur,
778 2803 949 2859 docens,
965 2799 1040 2862 a.)
1056 2817 1144 2846 non
1164 2808 1337 2846 tenuem
1353 2799 1539 2845 Calvino
1558 2814 1747 2854 censum,
1760 2800 1949 2861 adeoque
1967 2800 2195 2854 damnum,
2210 2799 2325 2859 quod
2341 2811 2497 2856 passus
2515 2797 2587 2849 sit,
2600 2809 2684 2839 me-

670 2880 814 2927 diocre
828 2895 911 2927 esse
930 2888 973 2926 et
988 2877 1362 2943 aequoserendum
1378 2879 1555 2935 animo;
1577 2876 1647 2940 (v.
1667 2877 1714 2925 7.
1732 2878 1778 2925 8.
1801 2877 2033 2940 13-16.)
2050 2875 2126 2941 β.)
2147 2876 2235 2923 tale
2239 2875 2482 2940 flagitium
2502 2889 2589 2920 non
2609 2888 2680 2918 ra-

668 2978 772 3008 rum
787 2977 871 3009 esse
880 2962 985 3009 inde
994 2960 1246 3008 abSaturni
1263 2976 1370 3016 aevo,
1384 2975 1522 3021 neque
1533 2960 1627 3006 viro
1630 2961 1735 3019 jam
1749 2961 2027 3022 sexagenario
2044 2959 2252 3022 longoque
2263 2973 2418 3003 rerum
2434 2971 2523 3002 usu
2539 2956 2684 3001 inbuto

670 3042 884 3089 miraculo
901 3044 1050 3090 debere
1061 3058 1163 3099 esse,
1184 3044 1251 3090 his
1259 3042 1509 3104 prasertim
1527 3042 1802 3105 temporibus,
1815 3042 1971 3102 quibus
1985 3042 2123 3088 multo
2139 3040 2351 3104 graviora
2368 3039 2565 3100 quotidie
2574 3052 2681 3083 com-

668 3124 925 3179 mittantur,
941 3132 985 3170 et
1003 3126 1206 3188 egregius
1220 3133 1444 3171 sanctusve
1459 3124 1580 3171 homo
1594 3131 1783 3170 monstro
1800 3131 2083 3185 portentoque
2103 3122 2257 3168 similis
2270 3123 2359 3178 sit3
2390 3120 2459 3185 (v.
2480 3117 2680 3167 16—74.

669 3208 712 3246 et
736 3200 1028 3264 120—173.)
1049 3203 1164 3249 hanc
1183 3219 1282 3250 vero
1299 3204 1604 3264 inprobitatem
1621 3219 1932 3266 summamque,
1945 3219 2034 3266 qua
2054 3217 2176 3250 nunc
2188 3204 2433 3263 pejeretur,
2450 3201 2682 3247 audaciam

669 3283 850 3330 minime
867 3285 1027 3329 miram
1044 3285 1185 3331 videri
1202 3293 1390 3345 propter
1417 3300 1640 3345 perversas
1658 3287 1713 3333 de
1736 3285 1839 3334 Diis
1856 3288 2091 3347 opiniones,
2109 3287 2393 3347 ineptamque
2414 3285 2684 3347 theologiam,

667 3377 768 3425 quoe
786 3370 1051 3410 contemtum
1060 3364 1224 3427 gignat
1238 3365 1380 3411 divini
1400 3364 1611 3421 numinis,
1628 3364 1890 3428 efficiatque,
1902 3375 1955 3412 ut
1975 3366 2059 3412 alii
2076 3367 2250 3413 omnino
2267 3374 2434 3428 negent
2449 3364 2566 3410 Deos
2583 3379 2680 3417 esse,

665 3444 742 3505 qui
753 3459 822 3491 res
833 3444 1048 3490 humanas
1057 3451 1231 3499 curent,
1240 3442 1322 3489 alii
1328 3458 1485 3504 poenas
1495 3444 1551 3491 iis
1566 3445 1725 3491 solvere
1735 3445 1911 3500 malint,
1924 3462 2055 3508 quam
2063 3446 2363 3506 perjuriorum
2368 3444 2679 3506 flagitiomm·

667 3539 750 3584 que
752 3521 926 3587 fluctu
937 3538 1102 3581 carere,
1115 3523 1196 3571 alii
1215 3524 1400 3586 denique
1413 3538 1530 3584 spem
1544 3524 1811 3586 inpunitatis
1825 3525 1929 3572 inde
1940 3525 2207 3586 concipiant,
2224 3523 2340 3585 quod
2354 3523 2478 3570 lenta
2491 3521 2682 3568 Deorum

667 3604 740 3647 ira
751 3603 918 3664 ipsique
932 3603 1161 3652 exorabiles
1175 3605 1280 3660 sint,
1291 3612 1336 3651 et
1355 3605 1469 3665 quod
1487 3604 1565 3650 ille
1576 3619 1751 3651 crucem
1761 3605 1965 3664 pretinm
1983 3604 2155 3651 sceleris
2169 3603 2343 3658 tulerit,
2356 3603 2431 3650 hic
2445 3603 2651 3649 diadema
2664 3616 2679 3655 ‚·

667 3676 737 3738 (v.
754 3680 907 3728 75-1
917 3682 1021 3745 19.)
1041 3681 1120 3747 γ.)
1136 3684 1300 3730 damna
1314 3691 1357 3729 et
1370 3685 1565 3743 injurias
1578 3683 1804 3745 suppliciis
1814 3685 2112 3746 inproborum,
2126 3683 2195 3731 vel
2208 3685 2280 3730 ira
2294 3699 2349 3729 ac
2361 3683 2580 3736 vindicta,
2593 3697 2680 3727 non

667 3760 895 3815 sarciri,et
914 3762 1124 3810 ultionem
1143 3765 1308 3811 minuti
1322 3772 1365 3810 et
1383 3763 1554 3827 infimi
1572 3763 1730 3818 animi,
1750 3765 1927 3827 ideoque
1946 3762 2439 3826 maximefeminarum,
2452 3779 2545 3809 non
2566 3763 2678 3808 vim-

664 3852 786 3894 rum,
798 3839 1054 3901 minimeque
1064 3842 1428 3905 philosophorum,
1441 3843 1707 3904 voluptatem
1721 3858 1806 3890 esse
1817 3859 1835 3901 ;
1862 3843 1929 3907 (v.
1945 3841 2239 3907 174-192.)
2261 3841 2329 3906 δ.)
2345 3843 2551 3903 inprobos
2565 3839 2681 3887 mala

665 3917 942 3974 conscientia,
956 3934 1058 3979 quoe
1069 3935 1196 3980 poena
1209 3923 1267 3968 sit
1277 3923 1470 3968 omnium
1482 3923 1760 3985 gramssima,
1773 3923 1986 3978 cruciari,
2000 3931 2043 3969 et
2056 3930 2179 3969 nocte
2193 3922 2348 3984 dieque
2361 3937 2497 3968 suum
2508 3927 2678 3983 gestare

663 3999 714 4044 in
729 4005 900 4058 pectore
911 4005 1057 4044 testem
1069 4015 1085 4056 ‚·
1119 3999 1223 4047 hinc
1238 4003 1293 4047 iis
1305 4002 1451 4048 cibum
1464 4003 1586 4048 inter
1595 4004 1745 4050 dentes
1755 4018 1960 4058 crescere,
1972 4004 2078 4049 vina
2092 4002 2320 4063 displicere
2335 4010 2504 4056 vetera,
2516 4015 2676 4047 somnos

663 4078 804 4125 breves
819 4095 873 4125 ac
892 4079 1086 4126 turbidos
1099 4094 1198 4136 esse,
1209 4082 1392 4127 minima
1410 4083 1610 4128 tonitrua
1613 4081 1901 4147 fulguraque
1917 4098 2120 4144 pavorem
2134 4084 2349 4138 incutere,
2362 4091 2408 4128 et
2426 4096 2677 4143 quemcum-

661 4172 746 4218 que
764 4158 958 4205 morbum
977 4159 1032 4205 ab
1049 4157 1206 4222 infesto
1223 4156 1421 4206 Numine
1439 4161 1665 4208 inmissum
1681 4162 1823 4209 videri
1833 4179 1852 4220 ς
1875 4161 1944 4223 (υ.
1967 4160 2269 4224 192—235.)
2299 4160 2363 4224 s.)
2385 4160 2522 4206 malos
2541 4159 2673 4205 homi-

660 4251 750 4291 nes,
763 4235 938 4285 libidini
948 4238 1240 4302 indulgentes,
1251 4239 1406 4284 sensim
1423 4241 1657 4287 adsciscere
1667 4243 2025 4290 consuetudinem
2034 4241 2265 4302 peccandi,
2278 4248 2320 4288 et
2336 4241 2400 4287 sic
2419 4239 2672 4299 plerumque

658 4315 797 4362 serius
814 4327 894 4366 aut
915 4319 1047 4366 citius
1062 4333 1217 4380 panus
1236 4318 1360 4366 dare.
1381 4316 1452 4383 (v.
1473 4318 1775 4383 236-249.)
