2978 4920
623 324 752 392 148¹

714 492 1145 558 Marmoribus
1177 488 1298 551 rivi·
1327 495 1695 573 properant,
1724 495 1838 547 aut
1868 482 2000 548 lata
2029 480 2372 552 Falernum

1328 290 2007 380 JUVENALIs

2594 484 2726 547 ‘430

713 593 927 660 Pelvis
954 587 1118 656 olet:
1167 608 1309 653 nam
1341 587 1450 665 sic,
1479 599 1807 671 tamquam
1831 584 1961 650 alta
1987 584 2055 650 in
2082 583 2256 655 dolia
2283 583 2515 681 longus

715 693 1038 762 Deciderit
1070 713 1346 778 serpens,
1369 690 1537 755 bibit
1566 699 1633 752 et
1661 686 1879 752 vomit.
1923 710 2078 772 ergo
2104 686 2374 759 maritus

715 798 1020 873 Nauseat‚
1051 807 1247 880 atque
1275 791 1476 857 oculis
1505 789 1697 855 bilem
1730 787 2109 874 substrinfflt,
2126 787 2395 874 opertis.

810 897 935 961 Illa
962 888 1172 963 tamen
1201 894 1476 980 gravior,
1509 914 1679 977 quse,
1709 912 1911 977 quum
1931 888 2341 961 discumbere
2369 887 2595 974 coepit,

719 996 976 1062 Laudat
1001 994 1363 1082 Virgilium,
1386 991 1690 1080 periturae
1718 988 1988 1076 ignoscit
2017 988 2268 1066 Elissae,

2590 990 2717 1061 435

720 1097 1078 1163 Committit
1107 1109 1284 1162 vates
1312 1108 1375 1161 et
1401 1094 1776 1179 'comparat3
1824 1090 1972 1156 inde
2002 1091 2361 1168 Maronem,

718 1203 941 1288 Atque
969 1199 1092 1264 alia
1119 1210 1301 1286 parte
1328 1198 1396 1262 in
1425 1195 1672 1261 trutina
1696 1192 2032 1279 suspendit
2065 1193 2439 1261 Homerum.

723 1300 980 1365 Cedunt
1008 1297 1426 1386 grammatici,
1455 1297 1802 1361 vincuntur
1830 1292 2134 1372 rhetores.
2164 1293 2367 1367 omnis

720 1401 948 1466 Turba
976 1395 1176 1467 tacet:
1221 1422 1338 1464 nec
1365 1396 1745 1485 causidicus,
1776 1417 1889 1463 nec
1919 1416 2130 1481 praeoo
2157 1385 2485 1483 loqiiatur,

628 1523 634 1530 ’
719 1502 947 1567 Altera
972 1525 1088 1566 nec
1115 1501 1383 1566 mulier:
1429 1499 1772 1564 verborum
1802 1507 1981 1563 tanta
2006 1494 2178 1573 eadit
2200 1496 2335 1571 vis;

2587 1498 2710 1569 440

722 1607 854 1669 Tot
883 1602 1120 1691 pariter
1148 1603 1383 1689 pelveS,
1414 1613 1510 1666 tot
1543 1597 1968 1664 tintinnabula
1996 1597 2170 1662 dicas

637 1790 717 1839 14.
737 1790 822 1838 26.
844 1803 944 1851 seq.
966 1795 1016 1835 et
1037 1789 1138 1836 Cic.
1170 1787 1295 1834 Phil.
1319 1784 1391 1833 11.
1414 1785 1497 1834 41.
1528 1785 1644 1844 lata,

635 1856 817 1916 ampla,
835 1855 999 1915 pelvis,
1021 1852 1284 1898 vomitione
1301 1853 1500 1911 repleta.
1544 1850 1644 1895 Fa·

638 1922 821 1968 ternum
844 1917 1052 1965 nobiiius
1072 1915 1172 1962 vini
1195 1929 1366 1976 genus.
1427 1915 1644 1960 Verbum

638 1990 802 2030 autem
831 1983 950 2029 olere
986 1986 1035 2028 et
1063 1987 1234 2040 quarto
1258 1986 1309 2026 et
1340 1987 1478 2026 sexto
1508 1978 1643 2026 casui

631 2045 873 2110 jungitur.
1033 2058 1037 2063 ·

705 2110 815 2157 481.
851 2111 898 2158 2.
943 2110 1195 2168 Serpentes
1226 2107 1495 2154 avidissimi
1532 2112 1647 2153 sunt

642 2176 762 2233 vini,
802 2175 930 2220 unde
959 2179 1010 2220 et
1040 2186 1098 2219 eo
1131 2172 1180 2217 in
1214 2172 1406 2231 sepibus
1437 2172 1647 2232 inposito

639 2242 756 2286 olim
770 2239 1081 2297 capiebantur
1092 2236 1225 2282 ebrii.
1241 2235 1308 2299 (v.
1322 2237 1522 2283 Aristot.
1536 2236 1651 2283 hist.

639 2304 792 2362 anim.
826 2299 975 2349 VIII.
997 2302 1043 2348 8.
1067 2308 1117 2347 et
1147 2301 1269 2349 Piin.
1306 2301 1373 2346 X.
1398 2301 1477 2349 72.
1498 2314 1541 2348 s.
1567 2299 1645 2346 93.

640 2367 813 2415 XXII.
838 2365 938 2423 23.)
1000 2364 1109 2412 433.
1134 2365 1502 2411 Maritusoculis
1515 2378 1644 2425 oper-

641 2435 722 2493 tis,
742 2431 915 2480 clausis
949 2432 1012 2479 ob
1044 2436 1229 2477 tantam
1265 2430 1639 2489 turpitudinem,

637 2497 914 2555 substridgit
944 2496 1096 2551 bilem,
1116 2496 1239 2541 iram
1273 2500 1321 2539 et
1353 2494 1647 2556 indignatio-

637 2575 751 2609 nem
768 2568 954 2607 coercet
967 2573 1024 2606 ac
1037 2559 1255 2619 reprimit
1272 2572 1284 2601 τ
1308 2573 1404 2604 non
1420 2559 1644 2611 effundit,

637 2633 861 2673 metuens
884 2625 1008 2670 iram
1030 2624 1297 2683 imperiose
1318 2624 1502 2669 uxoris.

629 2699 630 2702 ’
701 2686 980 2737 434-456.
1035 2688 1236 2734 Gravior
1278 2696 1461 2744 tamen,
1506 2688 1555 2734 h.
1600 2701 1644 2734 e.

637 2754 884 2801 molestior
898 2760 947 2798 et
964 2753 1127 2799 minus
1140 2752 1401 2798 tolerabilis
1419 2759 1493 2797 est
1502 2766 1642 2806 uxor,

637 2833 747 2879 quae
770 2817 917 2863 nimis
951 2818 1088 2863 docta
1114 2828 1217 2861 esse
1238 2822 1324 2861 aut
1347 2816 1496 2861 videri
1520 2819 1643 2870 vult,

636 2879 873 2943 cujusque
893 2880 1046 2926 oratio
1068 2886 1142 2925 est
1174 2880 1411 2925 volubilis.
1445 2877 1645 2941 discum·

639 2947 743 2994 ‘ere
774 2947 835 2991 ad
869 2957 1120 2990 mensam:
1154 2955 1270 2988 nam
1304 2944 1449 2989 modo
1486 2957 1647 2990 sermo

636 3012 796 3057 ‘fuerat
818 3010 879 3054 de
900 3021 1067 3063 uxore,
1089 3020 1196 3067 que
1225 3014 1341 3053 ante
1371 3020 1558 3053 coenam
1593 3009 1644 3054 in

638 3074 865 3120 balneum
896 3072 1064 3118 iverat.
1119 3071 1334 3130 Antiquo
1355 3079 1522 3117 autem
1546 3079 1594 3118 et
1616 3085 1644 3117 a

637 3137 821 3183 Graecis
855 3142 1045 3194 recepto
1072 3148 1208 3186 more
1230 3136 1375 3181 etiam
1408 3137 1458 3182 in
1480 3137 1647 3184 convi-

636 3202 729 3247 viis
746 3201 805 3245 de
820 3201 978 3253 rebus,
992 3200 1054 3245 ad
1069 3200 1417 3258 philosophiam
1435 3200 1648 3259 aliasque

636 3272 765 3311 artes
779 3264 1011 3325 ingenuas
1022 3263 1647 3323 pertinentibus,disputari,

636 3336 687 3376 et
707 3328 1014 3389 potissimum
1048 3328 1098 3372 in
1120 3326 1359 3373 missuum
1382 3329 1648 3375 intervallis

635 3398 723 3441 aut
743 3392 942 3439 remotis
963 3392 1144 3437 mensis
1160 3391 1267 3437 loca
1287 3393 1512 3451 quaedam
1535 3406 1648 3453 poe.

636 3465 796 3505 tarum
836 3456 1024 3503 recitari
1063 3456 1309 3510 solebantz
1359 3458 1487 3503 unde
1530 3469 1649 3504 mox

635 3522 852 3568 convivis
874 3520 1061 3567 occasio
1074 3520 1323 3566 fabulandi
1356 3523 1487 3567 data.
1556 3520 1646 3567 Fa-

634 3586 726 3632 cile
745 3592 907 3631 tamen
926 3585 1229 3645 intelligitur,
1238 3587 1407 3645 quanti
1424 3586 1649 3632 habenda

635 3650 734 3694 sint
756 3650 860 3695 haec
870 3646 1120 3710 judiciam
1146 3657 1319 3709 parum
1341 3651 1513 3696 sobriis
1535 3664 1645 3710 pro-

636 3713 782 3770 fecta,
800 3714 932 3757 etab
953 3714 1013 3757 iis
1033 3714 1117 3774 qui
1139 3715 1408 3761 oblectandi
1432 3716 1508 3761 sui
1527 3729 1642 3761 cau-

636 3789 706 3829 sa,
738 3789 834 3822 non
856 3777 981 3823 serio
998 3778 1161 3823 literas
1194 3784 1417 3825 tractant.
1453 3781 1527 3826 cf.
1550 3780 1638 3825 inf.

617 3840 697 3898 ‘ad
732 3853 779 3886 v.
800 3838 914 3886 448.
936 3852 1033 3899 seq.
1066 3839 1165 3886 XI.
1189 3841 1299 3890 17⁷.
1321 3856 1422 3902 seq.
1447 3845 1640 3892 Petron.

635 3901 717 3951 ³5.
734 3910 783 3949 et
804 3903 888 3950 59.
910 3904 1041 3958 Perti,
1056 3903 1099 3951 1.
1122 3906 1199 3952 29.
1224 3906 1385 3967 ibique
1403 3908 1609 3955 Casaub.

698 3965 810 4014 435.
837 3968 1062 4027 periturae
1090 3970 1287 4029 ignoscit
1316 3970 1509 4030 Eume,
1541 3986 1638 4019 non

633 4037 736 4084 tam
749 4031 1004 4077 miseretur
1015 4031 1218 4078 Didonis
1234 4040 1283 4078 et
1298 4042 1496 4081 excusat
1511 4049 1637 4091 eam,

632 4096 764 4157 quod
784 4109 846 4142 ex
877 4095 1161 4155 inpatientia
1182 4099 1359 4143 amoris
1381 4101 1535 4158 perire
1556 4114 1639 4147 vo-

1707 1783 1893 1845 eritque
1913 1797 2102 1840 causta,
2119 1797 2269 1844 quare
2285 1785 2393 1844 ipsa
2403 1784 2494 1832 sibi
2512 1793 2714 1843 mortem

1708 1849 2009 1895 consciverit.
2053 1849 2131 1895 De
2152 1854 2357 1908 utraque
2374 1864 2428 1897 re
2446 1851 2581 1903 vide,
2614 1865 2718 1911 que

1709 1913 2025 1973 disputaverit
2050 1914 2223 1973 Heyne
2247 1913 2295 1959 in
2319 1915 2472 1972 princ.
2500 1914 2612 1960 AEn.
2629 1915 2716 1960 IV.

1704 1984 1756 2022 et
1779 1976 1897 2022 Exc.
1923 1979 1964 2023 1.
2000 1977 2236 2024 Praeclare
2253 1979 2483 2025 autem-h.
2497 1980 2532 2026 l.
2552 1980 2641 2025 ubi
2659 1980 2719 2025 de

1706 2043 1849 2088 laude
1871 2041 2062 2101 Virgilii
2080 2042 2259 2102 agitur,
2279 2055 2504 2088 amorum
2518 2043 2720 2089 Didonis

1709 2107 1905 2153 mentio·
1929 2107 2004 2163 fit,
2038 2105 2269 2166 quoniam
2305 2111 2356 2152 et
2385 2108 2568 2153 mulier
2591 2104 2723 2167 judi-

1710 2170 1842 2216 cium
1864 2171 1976 2224 fert,
1995 2176 2044 2215 et
2059 2175 2203 2230 poeta
2216 2169 2298 2216 ille
2314 2171 2364 2216 in
2382 2171 2475 2216 hac
2495 2171 2722 2218 carminis

1714 2236 1790 2280 sui
1813 2243 1948 2294 parte
1969 2246 2214 2281 summam
2238 2242 2391 2281 artem
2415 2236 2550 2282 vario
2572 2236 2721 2281 modo

1713 2298 1989 2345 declaravit.
2037 2297 2225 2358 Elium,
2238 2299 2434 2346 Didoni.
2463 2298 2721 2347 committit

1708 2366 1753 2408 et
1769 2366 2024 2422 comparat,
2049 2363 2192 2408 verbs
2209 2377 2380 2424 quon.
2399 2365 2460 2410 de
2481 2365 2659 2424 quibus
2675 2377 2719 2411 v.

1710 2439 1822 2488 sup.
1843 2428 1902 2486 ad
1923 2441 1971 2477 v.
1990 2426 2105 2475 378.
2116 2432 2165 2473 et
2181 2430 2243 2475 sd
2258 2426 2300 2475 Ι.
2322 2427 2434 2484 163.
2467 2430 2518 2475 in
2537 2430 2718 2475 trutina

1710 2492 1961 2552 suspendit,
1979 2492 2134 2552 ponit,
2151 2493 2200 2540 h.
2224 2508 2268 2541 e.
2285 2494 2575 2541 criticorum
2586 2506 2718 2543 mm

1708 2568 1878 2602 eorum
1906 2557 2109 2602 virtutes
2128 2558 2375 2603 examinat
2397 2572 2576 2618 eosque
2597 2571 2717 2604 com-

1702 2625 1865 2679 parat.
1908 2620 2112 2667 Trutina
2128 2634 2286 2681 propr.
2301 2623 2540 2678 foramen,
2554 2622 2607 2668 in
2625 2635 2720 2681 quo

1709 2685 1894 2744 lingula
1916 2685 2066 2732 lancis
2087 2693 2329 2742 movetur,
2344 2686 2519 2732 deinde
2530 2687 2718 2745 ipsabi-

1710 2750 1824 2795 lanx
1842 2751 1979 2796 libra.
2027 2750 2103 2795 Cf.
2126 2751 2189 2795 ad
2211 2752 2336 2797 Pers,
2372 2750 2414 2797 1.
2440 2750 2495 2797 7.
2530 2751 2619 2797 lv.
2645 2750 2718 2797 10.

1709 2819 1760 2858 et
1788 2813 1968 2860 Tibun.
2007 2815 2094 2862 IV.
2129 2813 2174 2862 l.
2205 2813 2285 2861 40.
2319 2827 2420 2875 seq.
2467 2814 2718 2861 Mara-ms

1712 2877 1818 2923 inde
1840 2880 1890 2923 h.
1907 2893 1948 2926 e.
1966 2893 2024 2925 ex
2040 2891 2137 2925 una
2159 2885 2314 2938 parte,
2332 2892 2391 2925 ex
2406 2879 2503 2925 alia
2514 2893 2552 2924 s.
2570 2880 2717 2925 alters

1701 2945 1841 3002 panc
1861 2942 2410 3003 Hommm-mspendi25
2442 2949 2492 2988 et
2514 2956 2714 3004 suspen-

1709 3006 1892 3053 duntur
1904 3021 1941 3062 s.
1961 3007 2205 3067 suspensae
2219 3014 2353 3065 sunt,
2365 3009 2416 3053 h.
2432 3022 2474 3054 e.
2492 3008 2591 3053 alte
2602 3021 2717 3067 pen-

1710 3070 1825 3116 dent
1843 3085 2002 3132 propr.
2023 3072 2240 3127 trutinat,
2262 3072 2468 3132 indeque
2489 3077 2541 3117 et
2561 3085 2639 3118 res
2658 3073 2719 3118 iis

1709 3135 1948 3195 inpositae.
1984 3134 2099 3183 m.
2120 3150 2221 3196 seq.
2236 3136 2362 3182 Tam
2382 3138 2515 3182 clara
2530 3143 2607 3183 est
2626 3148 2720 3182 vox

1713 3193 1820 3258 ejus
1847 3207 1897 3246 et
1929 3207 2067 3248 tanta
2098 3200 2326 3247 orationis
2353 3201 2511 3259 copia,
2534 3207 2613 3259 ut,
2634 3199 2719 3261 qui

1704 3263 1790 3308 -his
1813 3264 2070 3311 virtutibus
2086 3265 2135 3310 in
2157 3264 2326 3324 primis
2346 3265 2606 3320 excellant,
2622 3266 2719 3311 im-

1712 3340 1795 3390 mo
1812 3341 1990 3389 magna
2009 3330 2266 3375 hominum
2289 3328 2440 3384 turha,
2462 3330 2508 3374 ei
2529 3331 2721 3388 sedant,

1712 3392 1910 3451 ipsaque
1951 3393 2178 3453 loquente
2222 3398 2428 3439 taceant.
2638 3407 2715 3450 ur,

1712 3456 1844 3516 ioqui
1862 3463 2080 3504 conatur.
2123 3455 2238 3503 4³40.
2249 3454 2416 3522 Altera
2426 3458 2718 3506 necmnlier:

1712 3531 1826 3566 nam
1860 3522 2032 3567 multoe
2052 3522 2280 3568 mulieres
2310 3527 2363 3567 et
2392 3522 2585 3568 vocales
2605 3529 2718 3568 sunt

1710 3587 1787 3631 vel
1820 3598 2026 3639 sonorae,
2051 3591 2110 3632 'et
2126 3585 2127 3590 ’
2141 3586 2366 3646 loquaces
2397 3586 2476 3632 vel
2506 3586 2719 3635 diserto.

1694 3649 1946 3695 ‘verborum
1967 3651 2054 3705 vis,
2078 3657 2135 3696 ut
2157 3652 2244 3697 Gr.
2269 3645 2466 3710 δόνημα,
2487 3652 2716 3697 madonis

1705 3714 1862 3772 copia,
1887 3721 1935 3759 et
1956 3714 2104 3761 simul
2128 3716 2257 3761 vocis
2287 3714 2535 3761 contentio
2563 3715 2717 3775 aqui-

1703 3791 1792 3836 gur
1809 3780 1885 3824 vel
1908 3779 2118 3827 claritas.
2133 3779 2293 3838 vendit,
2310 3779 2491 3825 excidit
2521 3792 2633 3835 ore,-
2647 3781 2717 3826 es·

1702 3841 1935 3889 funditur.
1971 3869 1976 3874 -
2276 3847 2284 3851 '
2560 3879 2563 3882 .

1767 3904 1882 3953 441.
1895 3920 2026 3968 seqq.
2043 3908 2252 3969 Egregia
2267 3907 2495 3960 volubilis
2509 3922 2571 3955 ae
2580 3920 2717 3955 sono-

1702 3985 1771 4017 rae
1787 3972 1967 4032 ling-um
1979 3969 2266 4031 descriptio!
2291 3971 2424 4026 Quot
2437 3974 2580 4019 verbu
2597 3973 2722 4037 (pis-

1701 4048 1909 4096 rumque
1929 4036 2115 4094 inania)
2126 4036 2492 4097 funditsrgutoe
2513 4038 2720 4097 gan-uti·

1702 4101 1817 4146 tatis
1839 4102 2035 4158 mulier,
2058 4107 2134 4147 tot
2148 4102 2309 4161 pelves
2324 4113 2393 4147 ιο·
2404 4100 2716 4147 finium

617 4157 776 4206 'luerit
810 4165 919 4219 post
950 4159 1209 4206 discessum
1252 4162 1447 4218 AEneae3
1488 4178 1636 4223 quam
1691 4166 1884 4225 pu‘lmrn·
1901 4164 2026 4211 ὀίεαι
2046 4179 2103 4211 ac
2123 4171 2287 4225 putes.
2338 4166 2472 4213 Hinc
2486 4167 2717 4226 φωναὶ».

630 4224 834 4271 excusat
855 4224 1115 4285 iaudatque
1135 4224 1514 4288 Virgilium,qui
1537 4237 1636 4275 tam
1703 4227 1757 4275 d
1792 4224 2035 4277 Διδοιαΐω
2063 4232 2305 4292 χαλκεῖον,
2334 4235 2384 4277 et
2413 4230 2716 4289 oexnparstio

624 4289 748 4338 :scite
787 4294 839 4334 et
881 4302 1068 4336 amores
1112 4290 1315 4337 Didonis
1347 4292 1397 4337 in
1440 4307 1635 4340 carmen

629 4365 778 4399 suum
792 4353 1083 4411 intuIerit‚et
1092 4350 1491 4416 justasstruxerit
1511 4359 1633 4405 finx-

1701 4295 1900 4355 linguae,
1921 4296 2130 4353 adpulsu
2163 4308 2255 4346 suo
2278 4296 2345 4341 sd
2377 4294 2599 4354 palatum
2626 4306 2715 4338 m·

1699 4371 1804 4404 cem
1839 4371 2109 4419 sonumque
2139 4359 2415 4418 efficientis,
2434 4369 2565 4414 'eum
2588 4357 2718 4414 mai·-
