2978 4920
595 324 725 388 680
784 385 797 392 ,

1284 294 1976 382 ἻυνΕΝΑιιε

691 507 826 569 Nec
857 503 1091 568 distare
1116 513 1347 590 putant
1370 503 1657 567 humana.
1682 524 1868 565 carne
1897 499 2170 576 suillam,

691 607 835 684 Qua
861 619 1041 692 pater
1071 602 1415 676 abstinuit3
1462 624 1614 666 mox
1642 600 2057 687 et'praeputia·
2079 610 2364 686 ponunt:
2460 630 2464 636 v

692 709 1012 774 Romanas
1036 718 1251 772 autem
1283 703 1451 769 soliti
1479 715 1876 767 contemnere
1904 701 2100 787 leges,

2535 700 2697 761 1100
2745 739 2759 751 ·

689 808 737 870 J
740 806 1037 871 udaicum
1067 806 1356 872 ediscunt
1385 816 1452 869 et
1481 814 1734 869 servant
1762 815 1835 867 ac
1864 811 2161 867 metuunt
2182 803 2315 888 jusi,

694 906 996 973 Tradidit
1024 921 1251 974 arcano
1281 905 1734 992 quodcumque
1757 902 2086 968 volumine.
2108 904 2341 970 Moses.

694 1009 841 1072 Non
864 1019 1210 1078 monstrare
1240 1006 1396 1082 vias,
1424 1005 1647 1076 eadem
1675 1004 1796 1073 nisi
1825 1025 2000 1068 sacra
2029 1003 2298 1068 colentit

694 1109 1057 1187 Quaesitum·
1076 1108 1161 1177 ad
1176 1108 1424 1176 fontem
1458 1106 1632 1171 solos.
1648 1105 1964 1174 deducere
1994 1125 2244 1191 verpos„

699 1210 822 1275 Sed
851 1221 1031 1297 pater
1060 1209 1127 1273 in
1155 1230 1366 1284 causa,
1388 1208 1494 1272 cui
1524 1207 1793 1293 septima
1815 1205 2245 1292 quaequefuit
2275 1205 2390 1271 lux

2567 1208 2696 1268 105
2758 1160 2774 1179 ⁸

698 1312 962 1396 Ignava,
993 1319 1057 1374 et
1086 1320 1331 1394 pmtem
1363 1306 1514 1374 vitae
1542 1329 1665 1372 non
1697 1307 1928 1393 adtigit
1959 1305 2176 1372 ullam.
2294 1369 2298 1374 .

782 1412 1018 1496 Sponte
1048 1421 1258 1472 tamen
1280 1408 1550 1494 juvenes
1577 1407 1927 1476 imitantur,
1937 1419 2198 1477 maan
2230 1406 2429 1474 solam

697 1510 895 1575 Inviti
927 1532 1185 1596 quoque
1219 1507 1550 1572 avaritiam
1580 1531 1867 1572 exercere
1887 1509 2217 1594 jubentur.
2285 1583 2290 1586 ,

696 1610 890 1674 Fallit
920 1608 1084 1672 enim
1116 1609 1343 1676 vitium
1374 1608 1579 1694 specie
1612 1608 1862 1674 virtutis
1890 1620 1952 1672 et
1984 1608 2233 1686 umbra,

697 1715 911 1790 Quum
943 1711 1024 1774 sit
1054 1710 1233 1775 triste
1262 1710 1513 1789 habitu,
1536 1709 1852 1796 vultuque
1882 1720 1946 1773 et
1976 1721 2148 1774 veste
2174 1732 2479 1775 severum.
2574 1711 2701 1773 110

699 1814 835 1878 Nec
864 1811 1079 1887 dubie,
1111 1823 1435 1897 tamquam
1467 1810 1667 1896 frugi,
1695 1810 1998 1875 laudatur
2026 1833 2279 1889 warne,
2581 1797 2586 1801 ⁴

702 1918 1061 2000 Tamquam
1091 1927 1319 1999 parcus
1347 1913 1560 1992 homo,
1591 1924 1653 1978 et
1685 1935 1897 1977 rerum
1928 1911 2131 1977 tutela
2162 1937 2421 1978 suarum

613 2123 771 2185 'uacare
799 2127 1043 2191 auriculas,
1081 2141 1129 2184 et
1163 2133 1280 2182 Tac.
1313 2134 1438 2183 Hist.
1475 2135 1539 2183 V.
1580 2138 1627 2185 5.
1690 2133 1971 2191 sitientibus,
2002 2137 2090 2182 nisi
2118 2137 2264 2183 eadem
2297 2153 2423 2184 sacra
2454 2140 2710 2196 colonabus,

622 2199 730 2265 (ubi
741 2217 791 2247 v.
805 2198 964 2264 Lips.)
979 2193 1014 2246 J
1014 2201 1129 2258 adai
1143 2208 1283 2247 mente
1299 2201 1389 2247 sola
1403 2216 1631 2264 tonumque

618 2282 784 2316 numen
800 2265 1342 2329 intelligunt—summum
1360 2266 1477 2312 illud
1497 2274 1540 2312 et
1568 2279 1629 2311 ae·

616 2326 814 2392 ternum,
834 2346 972 2392 nequ-e
1002 2330 1226 2383 mutabile,
1246 2344 1388 2390 neque
1418 2331 1630 2376 interitu·

618 2412 722 2454 rum
738 2414 750 2441 :
782 2397 927 2457 igitur
941 2395 1071 2441 nulla
1085 2394 1324 2440 simulacra
1335 2395 1517 2439 urbibus
1526 2395 1632 2448 suis,

619 2463 782 2509 nedum
794 2459 1089 2520 templissunt.
1109 2457 1187 2506 Cf.
1205 2473 1309 2522 sup.
1329 2457 1390 2506 ad
1411 2457 1506 2506 VI.
1520 2458 1633 2507 545.

626 2526 740 2581 Coezi
790 2540 971 2578 numen,
1015 2522 1208 2576 coelum,
1250 2531 1492 2585 tamquam
1545 2537 1632 2571 nu-

619 2605 744 2638 men.
811 2587 1020 2646 Quidam
1040 2586 1224 2636 emend.
1244 2587 1348 2634 caeli
1369 2588 1535 2634 lumen.

686 2655 767 2702 98.
799 2655 880 2702 99.
920 2653 1066 2700 Poeta
1101 2652 1222 2700 salse
1258 2651 1386 2706 dicit,
1422 2651 1452 2699 J
1458 2651 1633 2707 udaeos,

622 2730 756 2766 carne
775 2720 909 2765 suilla
930 2719 1205 2772 abstinemes,
1225 2729 1333 2763 eam
1359 2729 1453 2762 non
1485 2715 1637 2778 magis

624 2782 892 2831 violandam
920 2780 1169 2836 censuisse,
1189 2795 1332 2842 quam
1362 2779 1635 2836 humanam,

623 2863 710 2895 nec
739 2844 930 2893 minoris
960 2844 1214 2892 aestimasse
1246 2859 1368 2900 sues,
1389 2859 1533 2906 quam
1553 2843 1636 2892 ho·

620 2911 788 2959 mines.
854 2909 1061 2957 Caussas
1092 2906 1232 2971 hujus
1268 2907 1383 2954 ritus
1419 2907 1637 2955 adferunt

624 2976 742 3024 Tac.
765 2972 893 3022 Hist.
913 2974 978 3021 V.
999 2974 1046 3020 4.
1067 2980 1113 3021 et
1146 2970 1360 3020 meliores
1383 2971 1639 3020 Michaelis

625 3040 727 3087 Jur.
750 3040 878 3086 MoS.
899 3038 940 3100 §.
961 3039 1074 3086 203.
1101 3036 1177 3086 Cf.
1199 3052 1303 3101 sup.
1325 3036 1386 3084 ad
1408 3037 1502 3085 VI.
1529 3038 1637 3085 159.

626 3156 631 3159 ,
688 3104 769 3150 99.
788 3105 1014 3162 proeputia
1040 3110 1238 3162 ponunt.-
1272 3116 1382 3149 nam
1404 3103 1637 3148 ciremnci-

626 3168 728 3213 dere
756 3168 973 3229 genitalia
1014 3169 1259 3221 instituere,
1291 3174 1343 3213 ut
1387 3168 1637 3213 diversitate

624 3239 880 3285 noscantur,
902 3229 1017 3276 Tac.
1037 3228 1165 3276 Hist.
1183 3229 1246 3276 V.
1269 3231 1318 3276 5.

626 3352 631 3355 .
697 3295 804 3342 100.
826 3309 923 3356 seq.
947 3292 1024 3340 Cf.
1044 3293 1161 3340 Tac.
1183 3291 1309 3339 Hist.
1331 3292 1396 3340 V.
1417 3293 1464 3338 4.
1498 3308 1568 3357 pr.
1591 3304 1640 3341 et

628 3362 673 3408 5.
698 3358 751 3406 it.
774 3358 898 3406 Plin.
920 3356 1069 3404 XIII.
1093 3357 1140 3402 4.

696 3424 805 3473 101.
843 3430 1064 3477 metuam,
1107 3418 1322 3482 religiose
1374 3420 1638 3476 observant,

629 3489 710 3552 (ut
742 3485 858 3537 'sorte
880 3503 980 3552 sup.
1011 3503 1055 3535 v.
1088 3483 1192 3548 96.)
1214 3484 1335 3549 inpr.
1369 3484 1430 3532 ob
1462 3494 1641 3535 metum

625 3569 890 3618 poenarum.

702 3620 808 3666 102.
830 3617 966 3665 Forte
983 3615 1075 3678 leg.
1100 3615 1258 3662 Tradit
1289 3623 1332 3660 et
1363 3631 1527 3663 arcano
1553 3622 1641 3662 cet.

630 3688 685 3733 et
698 3698 745 3728 v.
772 3681 877 3728 103.
898 3681 1072 3736 colenti,
1088 3689 1131 3727 et
1152 3680 1403 3733 Quoesitum
1418 3687 1508 3726 cet.
1530 3679 1646 3727 Post

635 3740 774 3791 Moses
802 3736 908 3790 non'
925 3743 1090 3798 minor,
1111 3743 1193 3791 sed
1224 3742 1373 3806 major
1407 3742 1645 3791 distinctio

632 3807 867 3875 ponenda,
897 3815 949 3853 ut
976 3807 1191 3854 infinitivi
1217 3818 1459 3855 monstrare
1489 3816 1540 3856 et
1570 3811 1645 3856 de·

631 3877 793 3921 ducere
813 3886 907 3919 non
940 3885 970 3917 a
999 3871 1152 3918 verbis
1172 3871 1312 3919 Moses
1333 3874 1538 3928 tradidit,
1562 3889 1643 3921 ne-

632 3955 741 4004 que,
765 3935 971 3993 versibus
1006 3936 1112 3982 103.
1133 3941 1182 3982 et
1209 3938 1313 3983 104.
1334 3945 1438 4000 post
1460 3954 1508 3984 v.
1535 3939 1642 3985 100.

633 4000 904 4054 conlocatis,
927 4016 956 4046 a
977 3999 1116 4046 verbo
1137 3999 1252 4045 soliti
1283 4001 1536 4063 pendeant,
1563 4001 1646 4049 sed

633 4065 856 4118 narrativi
876 4062 969 4112 sint
987 4062 1083 4111 sive
1115 4061 1334 4111 historici.
1401 4066 1508 4111 103.
1538 4066 1646 4113 104.

637 4132 795 4183 Judaei
831 4128 925 4179 non
954 4126 1042 4175 nisi
1077 4126 1258 4175 Judaeis
1290 4126 1390 4174 ulla
1420 4136 1647 4191 praestant

635 4198 816 4254 officia;
850 4213 937 4242 non
958 4200 1196 4240 monstrare
1216 4191 1382 4245 solent,
1404 4192 1481 4240 vel
1513 4209 1644 4241 mon-

637 4270 786 4310 strant
804 4263 895 4307 vias
924 4256 1200 4310 errantibus,
1221 4256 1296 4304 vel
1315 4255 1468 4319 fontes
1500 4274 1644 4320 aqua-

641 4342 742 4375 rum
764 4319 988 4389 (quarum
1009 4321 1205 4388 penuria
1235 4320 1415 4370 laborat
1447 4322 1645 4387 Judaea)

1693 2200 1907 2256 eamdem
1953 2199 2276 2265 profitentibus
2321 2200 2623 2266 religionem,
2663 2216 2712 2254 et

1694 2266 1851 2324 verpis,
1884 2263 1932 2311 h.
1952 2279 1996 2311 e.
2028 2263 2238 2322 Judaeis3
2272 2266 2354 2329 qui
2385 2271 2514 2329 verpa*
2547 2270 2708 2319 dicun«

1693 2335 1786 2384 tur,
1807 2336 1862 2376 ut
1882 2330 2080 2385 recutiti,
2102 2344 2133 2376 a
2150 2345 2301 2390 verpa,
2322 2333 2561 2381 veoendis.
2619 2336 2709 2382 Ta-

1698 2391 1819 2439 citus
1849 2392 1979 2441 Hist.
2011 2393 2077 2441 V.
2110 2395 2158 2442 5.
2222 2394 2513 2454 Judaeomm,
2546 2398 2717 2463 inquit,

1698 2458 1995 2506 misericordia
2014 2460 2065 2505 in
2082 2467 2277 2519 promtu,
2296 2463 2372 2508 secl
2398 2465 2612 2511 adversus
2632 2482 2719 2512 om·

1698 2538 1773 2569 nes
1802 2523 1910 2577 alios
1939 2524 2090 2570 hostile
2119 2525 2269 2570 odium
2282 2541 2298 2570 .·
2333 2531 2533 2586 separati
2563 2531 2718 2589 epulis,

1697 2588 1876 2634 discreti
1915 2589 2131 2635 cubilibus
2164 2595 2255 2636 cet.
2288 2588 2369 2638 Cf.
2401 2592 2624 2642 Westen.
2658 2593 2718 2642 ad

1699 2650 1877 2697 Matth.
1897 2652 1963 2700 V.
1985 2653 2065 2701 43.
2167 2694 2170 2695 γ

1769 2717 1876 2764 105.
1908 2717 2011 2764 106.
2048 2717 2209 2764 Causa
2240 2714 2382 2780 hujus
2415 2727 2466 2767 et
2496 2721 2717 2786 supersti-

1702 2778 1841 2827 tionis
1875 2787 1924 2826 et
1956 2779 2315 2828 inhumanitatis
2345 2790 2420 2830 est
2454 2794 2607 2849 pater,
2637 2787 2717 2850 qui

1702 2843 1867 2906 quovis
1901 2844 2098 2893 sabbato
2139 2844 2287 2892 otium
2328 2848 2447 2910 agit,
2491 2865 2579 2898 nec
2623 2851 2721 2899 ulla

1700 2907 1808 2956 vitae
1828 2909 2016 2972 negotia
2031 2916 2178 2961 curat.
2245 2911 2443 2974 Ineptas
2465 2913 2609 2977 hujus
2623 2930 2718 2963 mo·

1701 2972 1763 3020 ris
1794 2988 1960 3021 causas
1990 2973 2134 3021 tradit
2152 2974 2305 3022 Tacit.
2328 2976 2458 3025 Hist.
2482 2980 2546 3028 V.
2569 2981 2618 3026 4.
2642 2995 2718 3028 ve-

1700 3052 1779 3086 ras
1801 3045 1958 3085 autem
1990 3037 2243 3086 Michaelis
2263 3039 2294 3087 J
2298 3054 2367 3087 ur.
2388 3042 2521 3091 Mos.
2545 3044 2587 3104 §.
2613 3045 2720 3093 159.

1709 3103 1979 3150 194—196.
1989 3109 2037 3150 et
2047 3104 2160 3151 249.
2183 3102 2261 3150 Cf.
2273 3111 2322 3151 et
2336 3105 2433 3154 Dio
2452 3107 2723 3158 XXXVII.

1704 3167 1782 3214 17.
1867 3166 2042 3230 Ignaua
2082 3169 2262 3227 septima
2304 3169 2399 3226 lm,
2442 3178 2499 3218 ut
2533 3172 2721 3236 frigida

1701 3232 1892 3286 sabbata,
1935 3237 1982 3277 et
2019 3235 2202 3291 septima
2242 3247 2429 3294 queque
2468 3237 2560 3283 dies
2596 3239 2722 3298 turpi

1702 3297 1914 3342 damnata
1935 3303 2108 3342 veterno
2139 3310 2215 3358 ap.
2237 3295 2394 3346 Rutil.
2418 3299 2462 3347 I.
2486 3301 2598 3348 389.
2622 3315 2721 3365 seq.

1703 3366 1752 3406 et
1784 3358 1998 3407 calecam
2020 3361 2135 3422 ψυχ
2159 3359 2192 3407 ὰ
2224 3358 2273 3406 in
2312 3362 2548 3426 Meleagri
2579 3380 2724 3413 carm.

1705 3424 1784 3470 83.
1804 3424 1854 3471 ἰιι
1888 3425 2095 3472 Brunck.
2164 3423 2260 3473 nal.
2280 3424 2337 3472 T.
2363 3427 2404 3474 I.
2427 3444 2476 3491 p.
2498 3431 2578 3475 24.
2615 3445 2719 3476 nam

1705 3484 1759 3534 «τὸ
1775 3536 1778 3541 ⁴
1794 3487 1991 3554 ψυχρὸν,
2024 3497 2079 3535 ιιι
2111 3489 2219 3536 Lat.
2236 3488 2436 3552 frigere,
2457 3492 2521 3540 de
2553 3492 2650 3542 otio
2677 3500 2723 3542 et

1705 3550 1894 3614 ignavia
1913 3551 2100 3600 dicitur.

1776 3617 1884 3664 107.
1906 3627 2050 3664 cetera
2071 3615 2184 3665 vitia
2203 3625 2471 3681 parentum.

1757 3681 1884 3727 108.
1928 3681 2098 3738 Inviti3
2150 3682 2213 3730 cf.
2256 3682 2428 3730 Horat.
2470 3683 2546 3733 Α.
2582 3686 2640 3732 P.
2681 3703 2729 3734 v.

1714 3745 1821 3792 164.
1846 3751 1895 3793 et
1914 3746 2020 3793 170.

1778 3811 1888 3857 109.
1912 3811 2021 3857 110.
2053 3810 2160 3857 Hoc
2191 3811 2368 3866 vitium,
2393 3811 2615 3868 avaritia,
2637 3829 2726 3862 non

1707 3873 2548 4004 ιῖἷῗέἕῖῗξὲιᾚέζῑῗῗὶῗιὲῗὲὶ·
2571 3876 2730 3990 iffi.

1710 4010 1862 4066 potest
1882 4000 2092 4051 homines
2120 4012 2170 4051 et
2205 4003 2445 4069 praecipue
2470 4004 2728 4068 juvenilem

1710 4074 1933 4123 mentem,
1984 4083 2128 4131 quum
2180 4075 2374 4117 externa
2427 4069 2531 4133 ejus
2584 4070 2729 4119 forma

1711 4131 1972 4180 tristissima
1987 4131 2063 4188 sit,
2081 4139 2130 4180 et
2145 4132 2377 4181 deterreat
2395 4133 2565 4196 magis,
2585 4150 2723 4198 qnam

1712 4195 1916 4244 adliciat„
1985 4197 2095 4244 110.
2130 4197 2348 4246 Venusta
2384 4198 2514 4246 avari
2556 4198 2724 4262 imago.

1716 4260 1824 4317 1111.
1857 4276 1954 4322 seq.
1989 4263 2110 4318 Quae
2143 4277 2287 4323 quum
2322 4262 2388 4310 ita
2420 4262 2530 4317 sint,
2566 4277 2726 4326 paren-

1712 4332 1799 4381 tes,
1834 4334 1886 4373 ut
1923 4324 2041 4374 filios
2077 4324 2263 4383 fallant,
2304 4326 2512 4377 avaritiae
2550 4326 2724 4393 speeie-
