2978 4920
617 323 746 386 342
1326 283 2030 385 JUVENAL‘IS'

702 505 813 569 Nil
843 504 1014 569 color
1041 504 1145 569 hic
1175 500 1338 581 c'oeli,
1370 501 1691 570 nss‘fascia»
1714 502 1896 587 nigra
1921 500 2241 574 minatur-3
2295 531 2302 538 ·
2400 542 2406 550 -

700 606 1025 672 AEstivum
1057 617 1255 671 tonat.
1347 603 1583 676 Infelix
1611 603 1732 668 hac
1760 602 2024 668 forsitan
2035 601 2196 688 'ipsa

698 711 903 775 Nocte
930 709 1113 773 cadet
1140 705 1359 771 fractis
1389 704 2067 789 trabibuS‚'fluctuque
2089 713 2422 790 premetur
2485 747 2490 753 ,

697 813 1010 887 Obrutus,
1042 822 1106 875 et
1135 831 1357 876 zonam
1386 807 1549 873 loeva
1576 829 1920 893 morsuque
1952 806 2212 871 tenebit.
2293 795 2296 800 '

699 914 826 979 Sed
854 914 1039 1000 cujus
1066 912 1231 981 votis
1258 910 1448 978 modo
1477 923 1605 976 n'on
1634 910 1991 978 subfecerat
2021 931 2273 986 autum,

694 1015 885 1093 Quod
916 1016 1163 1100 Tagus·‚
1192 1025 1256 1078 et
1287 1012 1482 1077 rutila
1510 1011 1710 1078 volvit
1743 1010 2044 1076 Pactolus
2071 1033 2283 1086 arena,

694 1117 963 1202 Frigida
991 1116 1322 1182 subficient
1350 1115 1631 1182 velantes
1659 1113 1923 1201 inguina
1950 1112 2167 1200 panni,

690 1216 1118 1302 Exiguusque
1145 1216 1347 1293 cibus,
1378 1238 1583 1284 mersa
1610 1214 2126 1300 ratenaufragus
2154 1236 2354 1278 assem

694 1319 873 1382 Dum
904 1331 1111 1405 rogat,
1143 1330 1206 1382 et
1235 1317 1408 1404 pieta
1437 1340 1503 1381 se
1533 1326 1909 1403 tempestate
1937 1327 2177 1384 tuetur.

694 1420 923 1484 Tantis
952 1431 1138 1507 parta
1165 1419 1368 1497 malis,
1397 1441 1556 1484 cura
1581 1418 1819 1504 majore
1846 1428 2155 1502 metuque

696 1525 1060 1594 Servantur.
1106 1524 1333 1588 misera
1359 1536 1453 1588 est
1483 1521 1696 1608 magni
1727 1521 2018 1586 custodia
2045 1543 2287 1586 census.

778 1625 1122 1713 Dispositis
1149 1626 1464 1713 praedives
1493 1626 1697 1690 hamis
1724 1624 1990 1711 vigilare
2018 1624 2341 1689 cohortem

691 1730 1031 1793 Servorum
1061 1740 1253 1793 noctu
1288 1727 1554 1793 Licinus
1575 1726 1788 1812 jubet,
1819 1726 2147 1798 adtonitus
2175 1748 2293 1811 pro

688 1828 970 1907 Electro‚
1003 1829 1322 1915 signisque
1352 1829 1503 1906 suis3
1538 1828 1952 1914 Phrygiaque
1981 1826 2296 1904 columna,
2359 1867 2366 1870 ν

686 1931 914 2015 Atque
944 1928 1131 1994 ebore
1161 1942 1225 1994 et
1256 1929 1386 1994 lata
1412 1928 1750 1997 testudine.
1845 1926 2040 1992 Dolia
2066 1926 2227 1991 nudi

1746 2092 1859 2141 303.
1892 2092 2006 2139 304.
2039 2090 2118 2139 cf.
2140 2090 2306 2139 Horat.
2335 2092 2439 2140 Sat.
2471 2092 2518 2139 I.
2555 2092 2601 2139 1.
2630 2092 2702 2139 76.

2030 2169 2077 2202 v·
2102 2155 2212 2267 μὴ·
2261 2201 2264 2202 ὲ
2333 2227 2417 2267 n..
2450 2219 2559 2267 ..-

1682 2284 1764 2333 dia
1808 2235 2180 2348 comngoeciiidgs
2195 2234 2697 2357 ffiffgendamqbleceg:

1682 2365 1844 2413 quam,
1865 2350 1941 2397 vel
1972 2364 2088 2398 vasa
2120 2364 2256 2411 aquae
2291 2357 2509 2413 acetique
2544 2349 2698 2414 plena,

2584 603 2702 669 295

2581 1626 2697 1687 305

605 2091 717 2139 MS.
740 2089 870 2142 Gud.
891 2092 939 2140 3.
969 2099 1017 2140 et
1046 2091 1159 2141 edit.
1186 2107 1260 2157 pr.
1274 2091 1402 2142 ‘sorte
1432 2093 1617 2142 rectius.

666 2156 781 2204 294.
806 2155 959 2219 fascia
990 2158 1141 2220 nigra,
1179 2157 1326 2205 nubes
1354 2165 1473 2215 atra,
1509 2174 1618 2223 quae

604 2219 744 2281 longo
765 2236 846 2285 per
866 2220 1041 2269 coelum
1062 2230 1214 2271 tractu
1234 2222 1391 2270 fertur.
1557 2271 1558 2274 ,

621 2328 627 2333 .
668 2286 780 2333 295.
812 2286 1034 2334 AEstivum
1071 2296 1211 2343 tonat,
1237 2294 1292 2337 ut
1318 2293 1482 2335 aestate
1517 2286 1617 2336 fieri

605 2349 725 2398 solet
746 2350 806 2400 ob
823 2350 1042 2400 calorem.

616 2464 619 2467 ,
665 2415 779 2464 296.
810 2417 954 2471 cadet,
975 2414 1161 2481 peribit.
1196 2416 1310 2466 297.
1331 2415 1407 2463 En
1427 2430 1512 2479 gra
1545 2414 1617 2463 hi·

601 2494 709 2529 cam
764 2479 893 2528 avari
943 2478 1326 2546 descriptionem!
1382 2481 1521 2541 Tabu
1542 2496 1628 2528 am·

602 2543 784 2600 dextra,
822 2561 973 2592 zmwm
1010 2561 1120 2593 vero
1161 2544 1238 2607 (in
1273 2559 1370 2607 qua
1410 2543 1621 2593 Romani

600 2609 675 2670 {rel
696 2609 1045 2673 peregrinantes
1061 2609 1139 2658 vel
1160 2608 1449 2673 negotiantes
1469 2625 1611 2675 pecu-

599 2672 728 2720 niam
750 2673 1016 2738 habebant)
1038 2689 1132 2722 non
1154 2675 1262 2722 loeva
1294 2681 1478 2722 tantum
1511 2689 1613 2722 ma-

598 2753 681 2793 nu,
705 2739 789 2786 sed
823 2755 969 2787 morsu
1001 2754 1205 2802 quoque,
1229 2738 1277 2787 h.
1297 2753 1341 2786 e.
1374 2737 1622 2793 dentibus,·

598 2810 742 2857 tenet,
763 2803 899 2865 quasi
931 2819 1036 2851 eam
1070 2802 1354 2868 perditurus,
1376 2802 1415 2849 si
1437 2819 1493 2852 co
1548 2802 1616 2851 ori

599 2866 870 2920 adhaereret,
894 2882 1046 2929 neque
1075 2875 1313 2933 reputans,
1334 2881 1384 2913 se
1405 2866 1472 2915 ita
1514 2868 1611 2916 aci-

599 2930 692 2979 lius
729 2931 991 2994 submergi:
1013 2932 1207 2993 'mavult
1247 2938 1406 2979 autem
1443 2931 1609 2996 perire,

596 3011 739 3104 guam
760 2995 971 3060 pecuniae
992 2993 1180 3058 jactura
1199 3003 1247 3043 et
1265 3001 1479 3043 natatum
1503 2996 1609 3045 red·

629 3073 706 3107 ere
747 3060 1079 3127 expeditiorem
1120 3068 1169 3109 et
1204 3059 1270 3108 sic
1312 3059 1458 3108 vitam
1488 3061 1609 3109 redi-

598 3137 740 3170 mere.

663 3187 777 3235 299.
814 3184 962 3260 Tag'us
989 3197 1038 3237 et
1062 3189 1286 3244 Pactolus,
1311 3188 1496 3237 auriferi
1527 3168 1616 3237 flu·³

600 3248 665 3298 vii
684 3250 930 3315 Hispamae
951 3260 999 3300 et
1020 3253 1201 3316 Lydiae.
1220 3255 1379 3309 rutila,
1405 3268 1564 3300 aurea.

663 3317 774 3364 301.
809 3316 922 3365 302.
956 3316 1053 3374 Qui
1099 3316 1341 3380 naufragio
1378 3317 1488 3364 olim
1538 3317 1614 3365 vel

598 3379 693 3429 alio
725 3379 897 3444 insigni
937 3378 1143 3444 periculo
1181 3389 1441 3438 evaserant,
1475 3380 1610 3429 fune·

595 3452 708 3502 stos,
730 3460 848 3509 quos
874 3446 1094 3502 tulerant,
1114 3460 1267 3502 casus»,
1287 3462 1347 3495 ne
1374 3445 1512 3495 toties
1531 3460 1611 3493 eos

595 3508 762 3574 stipem
791 3511 1080 3575 conligentes
1108 3526 1296 3560 narrare
1318 3518 1606 3574 cogerentur,

593 3582 644 3637 et
679 3576 900 3637 quoniam
938 3584 1144 3626 mentem
1176 3574 1328 3639 magis
1366 3573 1608 3632 adficiunt,

593 3652 699 3699 quae
728 3640 893 3696 oculis,
916 3657 1060 3704 quam
1093 3655 1198 3705 quae
1234 3640 1437 3699 auribus,
1454 3638 1605 3704 perci-

592 3699 764 3765 pimus,
802 3704 992 3766 pingere
1029 3704 1105 3753 vel
1142 3704 1233 3780 ipsi
1277 3705 1489 3754 solebant
1531 3704 1605 3753 vel

590 3763 852 3876 pingendos
893 3769 1122 3817 curabant
1164 3786 1215 3817 in
1257 3769 1446 3827 tabulis,
1485 3784 1606 3832 quas

627 3829 794 3879 umeris
829 3831 1029 3895 primum
1072 3832 1300 3890 ferebant,
1342 3842 1390 3882 et
1431 3833 1614 3889 deinde·

591 3909 689 3950 una
735 3909 844 3942 cum
888 3895 1192 3953 vestimentis,
1229 3914 1336 3960 quae
1384 3912 1602 3947 servave-

588 3966 713 4019 rant,
737 3965 978 4022 tamquam
1011 3961 1308 4022 ἀναθήματα,
1344 3961 1394 4008 in
1427 3970 1520 4010 tem
1555 3962 1603 4012 lo

589 4023 685 4073 Dei
705 4027 910 4092 enez-3305,
924 4024 1002 4072 Ne
1035 4024 1154 4079 tuni,
1169 4026 1242 4073 vel
1265 4025 1406 4082 Isidis
1420 4033 1468 4073 et
1556 4041 1602 4073 s-

589 4089 699 4138 cula
733 4088 783 4147 ii,
815 4106 838 4137 s
889 4146 893 4151 .
953 4105 985 4138 u
1017 4089 1175 4137 ebant.
1233 4090 1309 4138 Cf.
1341 4106 1444 4154 sup.
1478 4091 1603 4139 XII.

588 4155 670 4202 27.
721 4156 769 4202 8.
788 4162 836 4202 et
917 4153 1122 4213 itscherl.
1145 4153 1205 4201 ad
1230 4155 1346 4201 Hor.
1368 4153 1465 4215 Od.
1486 4154 1530 4201 Ι.
1552 4157 1599 4203 5.

593 4219 669 4284 13.
690 4232 789 4282 seq.
817 4221 942 4283 picta
971 4227 1233 4280 tempestate,
1263 4217 1447 4282 pictura
1480 4224 1597 4266 tem-

585 4282 779 4344 pestatis
813 4290 862 4331 et
894 4283 1141 4349 naufragii,
1173 4300 1216 4334 se
1248 4291 1418 4341 tuetur,
1456 4283 1599 4332 vitam

586 4352 829 4395 sustentat.
1171 4407 1179 4414 ·
1332 4375 1336 4379 -

1684 2413 1856 2479 quibus
1892 2414 2144 2470 utebantur
2173 2413 2371 2476 Vigiles,
2394 2430 2600 2478 quorum
2631 2430 2716 2460 co·-

1684 2481 1825 2527 hortes
1845 2484 2023 2544 septem
2050 2478 2279 2527 incendiis
2305 2479 2580 2528 coercendis
2598 2477 2695 2525 Au-

1683 2551 1849 2608 gustus
1871 2542 2153 2592 instituerat.
2189 2544 2320 2592 Vasa
2336 2550 2499 2592 autem
2511 2544 2599 2592 illa
2613 2558 2702 2590 non

1679 2623 1710 2655 a
1751 2610 1797 2657 V
1801 2607 1991 2672 igilibus
2030 2606 2196 2672 quavis
2240 2614 2378 2657 nocte
2424 2608 2700 2656 circumlata

1677 2672 1913 2728 videntur,
1936 2672 2020 2721 sed
2044 2671 2269 2737 disposita
2288 2672 2338 2720 in
2367 2673 2576 2737 publicis
2609 2671 2697 2737 pri·

1678 2736 1891 2810 vatisque
1925 2736 2124 2793 aedibus‚
2159 2736 2279 2801 inpr.
2316 2736 2693 2803 locupletiorum,

1679 2801 1761 2864 qui
1814 2817 1865 2848 in
1914 2816 2077 2850 earum
2132 2802 2380 2865 propatulo
2437 2800 2697 2851 secundum

1676 2866 1879 2914 Neronis
1913 2866 2121 2914 edictum
2157 2865 2231 2928 (v.
2263 2866 2382 2914 Tac.
2416 2866 2551 2914 Anu.
2586 2866 2698 2914 XV.

1675 2929 1781 2991 43.)
1805 2934 2001 2979 custodes
2022 2931 2325 2995 (nocturnam
2348 2944 2593 2979 servorum
2615 2945 2696 2978 eu-

1674 2993 1898 3058 stodiam)
1927 3005 1970 3043 et
1994 2997 2187 3043 subsidia
2210 2996 2504 3055 reprimendis
2525 2997 2700 3060 ignibus

1675 3061 1902 3107 habebant.
1918 3076 1965 3107 v.
1983 3059 2114 3124 Lips.
2134 3058 2196 3106 ad
2210 3058 2327 3107 Tac.
2346 3059 2475 3107 Hist.
2495 3060 2600 3108 III.
2618 3060 2697 3107 64.

1677 3131 1726 3172 et
1768 3124 2017 3172 Heubach.
2058 3125 2243 3179 Comm.
2283 3123 2343 3170 de
2384 3124 2554 3188 politia
2599 3125 2700 3172 Ro-

1676 3203 1805 3236 man.
1849 3189 1981 3237 Gott.
2026 3189 2167 3236 1791.
2212 3189 2254 3249 §.
2294 3187 2508 3236 46—51.
2558 3189 2699 3236 Humi
2754 3241 2761 3247 ι

1677 3251 1876 3318 piscium
1908 3253 1969 3300 ab
1999 3252 2049 3301 h.
2076 3253 2110 3301 l.
2142 3250 2298 3309 alieni,
2322 3253 2385 3300 ob
2414 3268 2610 3302 sensum
2644 3267 2699 3300 ac

1677 3325 2089 3436 mztffimzicinus’
2111 3370 2229 3429 forte
2259 3380 2481 3437 Licinius,
2512 3379 2576 3429 de
2606 3366 2703 3454 quo

1674 3461 1721 3493 v.
1739 3445 1801 3493 ad
1824 3447 1867 3494 Ι.
1888 3447 1995 3494 109.
2014 3448 2240 3494 adtonitus
2260 3443 2396 3498 δειναῖς
2413 3461 2516 3510 pro,
2530 3460 2701 3494 anxius

1675 3517 1724 3557 et
1756 3510 2001 3559 sollicitus.
2066 3511 2178 3559 307.
2210 3511 2405 3565 Electro,
2432 3509 2623 3574 poculis
2653 3517 2699 3556 et

1675 3575 1799 3623 vasis
1812 3592 1877 3636 ex,
1889 3575 2075 3624 electro.
2114 3575 2194 3623 Cf.
2208 3573 2396 3639 sup.'ad
2417 3575 2486 3623 V.
2506 3577 2592 3623 38.
2608 3578 2698 3638 sig-

1668 3641 1753 3694 nis,
1776 3639 1959 3694 statuis,
1982 3637 2057 3686 vel
2095 3638 2250 3704 potius
2269 3637 2554 3687 simulacris.
2618 3640 2698 3686 Co·

1670 3703 1825 3776 lamna
1860 3705 2084 3815 Phryffiia,
2105 3718 2164 3751 ex
2197 3718 2427 3751 marmore
2463 3703 2695 3767 Phrygio,

1667 3782 1796 3879 223¹.
1814 3768 2697 3896 {iissssapffi'y'gissaffiffiffmi'rfflssss

1668 3896 1854 3945 nobilis.
1886 3895 1950 3945 cf.
1972 3896 2151 3944 Tibull.
2185 3895 2288 3944 ΙΙΙ.
2309 3898 2356 3944 3.
2383 3898 2460 3945 13.
2492 3903 2543 3944 et
2567 3897 2698 3944 Plin.

1666 3961 1877 4010 XXXV.
1911 3962 1954 4009 1.
1984 3963 2106 4008 ebore
2137 3969 2192 4008 et¹
2213 3961 2449 4018 testudine,
2484 3961 2695 4024 supelle-

1667 4022 1780 4073 ctile
1799 4024 1855 4074 iis
1876 4032 2059 4080 ornata,
2076 4025 2227 4087 velex
2248 4024 2307 4073 iis
2328 4025 2474 4075 facta.
2498 4025 2581 4074 Cf.
2601 4026 2695 4074 XI.

1666 4090 1746 4138 94.
1764 4105 1865 4154 seq.
1885 4099 1934 4138 et
1958 4091 2068 4138 123.
2653 4110 2654 4115 ¹

1726 4155 1839 4202 308.
1873 4169 2004 4219 seqq.
2039 4152 2202 4201 Divite
2236 4153 2319 4202 illo
2342 4153 2513 4203 Licino
2536 4170 2580 4204 s·
2610 4153 2694 4202 Li-

1663 4216 1800 4272 cinio,
1824 4220 1905 4282 qui
1928 4216 2095 4284 quavis
2125 4226 2262 4267 nocte
2294 4218 2572 4267 incendium
2607 4218 2693 4266 do-

1662 4299 1767 4343 mus
1805 4284 2061 4345 metuebat,
2098 4282 2246 4331 multo
2261 4332 2269 4343 ⁷.
2284 4281 2464 4333 felicior
2487 4281 2690 4346 Dioge.

1664 4362 1747 4396 nes
1774 4346 1855 4397 ille
1881 4347 2106 4413 cynicus,
2130 4347 2213 4411 qui
2245 4347 2412 4414 paucis
2437 4352 2698 4397 contentus
