2978 4920
565 314 695 379 w
1274 307 1959 374 JUVENALIS

655 496 976 584 Porrigat,
1005 506 1072 561 et
1099 492 1290 582 longo
1310 495 1594 584 jactetur
1621 492 1795 583 spira
1820 491 2054 580 galero.

655 600 842 685 Ergo,
862 596 1271 684 ignominiam
1300 595 1653 683 graviorem
1684 595 1952 683 pertulit
1972 593 2146 659 omni

656 701 958 785 Vulnere,
988 722 1134 763 cum
1167 699 1459 764 Graccho
1479 699 1702 784 jussus
1728 720 2018 783 pugnare
2051 709 2323 762 secutor.
2546 698 2673 761 210

746 803 984 867 Libera
1012 801 1064 865 si
1095 800 1328 866 dentur
1355 801 1599 887 populo
1630 799 1955 886 suffragia,
1972 801 2136 886 ‚quis
2167 812 2301 870 tam

660 903 986 982 Perditus‚
1015 914 1091 968 ut
1121 902 1373 967 dubitet
1409 905 1709 967 Senecam
1738 901 2043 989 proeferre
2073 902 2137 964 N
2139 902 2356 976 eroni;

664 1006 872 1092 Cujus
901 1003 1213 1090 supplicio
1240 1025 1370 1067 non
1398 1002 1630 1069 debuit
1662 1025 1793 1067 una
1820 1001 2035 1090 parari

665 1105 882 1184 Simia,
911 1127 1027 1170 nec
1056 1126 1311 1191 serpens
1339 1126 1529 1182 unua,
1560 1126 1678 1168 nec
1700 1103 1927 1169 culeus
1957 1107 2176 1188 unus?
2546 1141 2573 1166 ,ι

661 1211 789 1273 Par
817 1206 1387 1294 Agamemnonidae
1416 1206 1692 1282 crimem
1741 1205 1859 1272 sed
1883 1228 2076 1271 causa
2101 1205 2257 1271 facit
2286 1229 2427 1271 rem
2548 1208 2672 1272 215

664 1307 1068 1376 Dissimilem.
1115 1307 1359 1395 quippe
1389 1307 1500 1373 ille
1529 1307 1689 1373 Deis
1714 1307 2086 1391 amoribus
2114 1306 2288 1372 ultor

585 1495 889 1570 fastigiatum,
913 1493 1206 1564 (augentio)
1230 1493 1313 1558 qui
1332 1495 1421 1544 sub
1441 1502 1603 1543 mento
1666 1491 1809 1558 virgis
1841 1508 1925 1543 san
1993 1491 2110 1542 ineis
2141 1492 2269 1550 eaesi,
2292 1509 2402 1543 cum
2421 1496 2573 1553 simia,
2595 1512 2682 1544 ser·

586 1562 786 1611 vincitur
803 1564 939 1623 spira,
963 1561 1012 1609 h.
1031 1576 1075 1610 e.
1096 1559 1268 1621 fasciis,
1290 1574 1397 1624 quae
1411 1562 1602 1621 jaetaa-
1664 1568 1811 1621 ponte,
1851 1557 1930 1623 gal
1949 1573 1978 1607 o
2015 1558 2283 1622 gallinaceo
2323 1566 2372 1608 et
2408 1574 2537 1609 cane
2565 1561 2685 1626 endec

587 1636 684 1681 tur,
716 1626 749 1674 i.
782 1640 826 1675 e.
858 1625 1003 1674 libere
1032 1639 1117 1690 per
1149 1625 1367 1673 humeros
1397 1624 1604 1675 fluitant.
1668 1624 1814 1672 insuti
1834 1625 1885 1671 in
1904 1637 2033 1671 mare
2067 1622 2145 1672 vel
2164 1622 2341 1673 flumen
2359 1624 2684 1690 demergeren-

587 1691 696 1806 ffif.
729 1690 789 1739 de
828 1690 1061 1739 Saliorum
1099 1688 1264 1737 habitu
1301 1689 1409 1738 Liv.
1450 1689 1492 1739 Ι.
1523 1691 1606 1737 20.
1669 1694 1763 1737 tur.
1828 1689 1947 1763 ῌεο
1979 1687 2103 1760 culei
2134 1701 2283 1762 poepa
2305 1687 2409 1753 jam
2443 1688 2686 1764 Tarquinii

587 1753 1056 1882 ..fflffiffl
1073 1753 1517 1882 33÷.⁹:.{33¹¹'3‡.A
1553 1834 1607 1867 0.
1669 1753 2375 1883 Qffissf'ssssdisseffiffiiss
2391 1753 2686 1883 &2⁵23

589 1884 750 1949 itaque
781 1898 877 1932 non
908 1882 1048 1932 modo
1079 1897 1175 1931 non
1210 1882 1450 1930 erubuisse
1489 1882 1604 1931 dici-
1671 1882 1921 1931 suetudine
1944 1889 2144 1937 servata,
2165 1889 2215 1931 et
2246 1897 2278 1930 a
2306 1882 2613 1932 Decemviris
2642 1884 2689 1931 in

589 1957 685 2005 tur,
714 1955 879 2013 sponte
909 1961 1099 2020 operam
1131 1961 1267 1997 suam
1299 1960 1453 1995 arenae
1520 1962 1607 1993 τε·
1672 1946 1778 1995 XII
1814 1947 1990 1995 tabulis
2027 1946 2215 2013 propria
2244 1947 2498 2014 parricidio
2538 1948 2694 2006 facta;

595 2020 735 2069 stare,
774 2011 859 2060 sed
900 2020 1043 2061 etiam
1080 2024 1137 2058 eo
1176 2025 1387 2076 pugnare
1422 2010 1489 2057 ha
1520 2011 1608 2067 itu,
1673 2012 1827 2060 culeus
1848 2020 2006 2060 antem
2028 2026 2191 2060 saccus
2209 2011 2300 2060 fuit
2326 2028 2355 2061 e
2387 2012 2516 2062 corio
2549 2014 2691 2064 tauri·

595 2092 691 2142 quo
713 2077 774 2126 ab
794 2073 1011 2125 omnibus
1032 2074 1244 2138 dignosci
1265 2083 1462 2140 poterat,
1481 2075 1612 2125 nudo
1675 2090 1754 2132 no,
1775 2082 1824 2123 et
1854 2074 2046 2140 quidem
2076 2076 2268 2133 recenti,
2302 2093 2363 2126 ne
2394 2092 2524 2141 aqua
2558 2078 2694 2127 facile

597 2142 733 2191 vultu
755 2148 898 2204 atque
917 2138 1086 2188 Saliari
1107 2140 1269 2188 tunica
1289 2148 1339 2189 et
1357 2139 1512 2206 apice.
1674 2148 1954 2205 penetraret.
2050 2139 2295 2190 Animalia
2350 2141 2695 2207 Imperatorum

602 2227 608 2234 ·
660 2206 898 2254 209.210.
915 2205 1156 2259 &catana
1172 2205 1394 2262 Praetore,
1412 2205 1489 2255 vel
1508 2210 1612 2254 mu·
1678 2203 1865 2253 demum
1903 2212 2045 2254 aetate
2083 2205 2219 2255 culeo
2255 2205 2422 2255 addita
2438 2259 2445 2262 ,
2460 2207 2697 2268 videntur,

597 2269 795 2324 nerano,
817 2269 894 2319 vel
924 2269 1114 2325 lanista.
1138 2269 1337 2335 (quippe
1397 2269 1448 2319 ui
1514 2269 1615 2319 aria
1677 2277 1954 2336 exasperata
1976 2269 2092 2318 forte
2112 2285 2275 2336 poena,
2299 2287 2447 2346 quum
2476 2271 2694 2337 frequen-

581 2334 910 2400 ,gladiatorum
942 2334 1061 2384 inter
1086 2349 1136 2384 se
1166 2350 1394 2400 compone
1428 2342 1478 2383 at
1505 2337 1612 2396 jus·
1676 2332 1772 2382 tius
1813 2334 2177 2385 committeretur
2230 2335 2428 2384 facinus.
2516 2337 2696 2386 Secun-

595 2416 670 2450 sus
698 2416 904 2466 pugnare
938 2417 1040 2450 cum
1074 2397 1292 2458 Graccho,
1325 2401 1612 2466 ignominiam
1679 2398 1793 2447 dum
1834 2401 1901 2449 D.
1935 2399 2170 2449 Hadriani
2211 2400 2618 2458 constitutionem,
2662 2402 2699 2450 si

595 2469 845 2533 gravavi-em
882 2468 1001 2514 omni
1033 2467 1222 2527 pertulit
1252 2466 1452 2524 vulnere,
1487 2465 1540 2513 h.
1570 2480 1615 2517 e.
1678 2479 1807 2513 mare
1835 2464 1974 2514 nimis
2005 2473 2235 2514 remotum
2266 2475 2406 2523 esset,
2429 2467 2493 2516 ad
2524 2467 2702 2516 bestias

598 2544 744 2597 quam
764 2530 805 2580 si
834 2545 943 2581 cum
970 2529 1184 2596 peritiore
1206 2530 1464 2595 gladiatore
1484 2545 1613 2579 com-
1677 2530 2116 2579 condemnabantur
2166 2530 2416 2595 parricidae
2468 2538 2555 2580 aut
2608 2531 2699 2582 vivi

597 2608 808 2662 params,
850 2595 1004 2644 victus
1045 2594 1301 2660 multisque
1341 2594 1616 2647 vulneribus
1678 2595 2086 2644 comburebantur.
2122 2595 2248 2660 Lege
2267 2596 2486 2661 Pompeii
2505 2596 2570 2646 de
2590 2612 2700 2661 par·

597 2662 843 2714 confectus
862 2670 1012 2722 esset;
1044 2676 1158 2710 nam
1179 2676 1325 2710 manu
1345 2659 1433 2709 viri
1453 2668 1504 2708 et
1523 2659 1615 2707 for·
1678 2658 1856 2708 ricidiis
1873 2659 1962 2709 hoc
1983 2658 2160 2709 crimen
2192 2658 2255 2708 ad
2286 2674 2476 2709 omnem
2506 2661 2700 2727 propin·

601 2726 663 2774 tis
683 2734 732 2776 et
755 2724 868 2775 artis
898 2724 1143 2789 pugnandi
1174 2724 1309 2800 gnari
1340 2724 1489 2791 perire
1521 2739 1618 2773 non
1680 2739 1880 2797 quorum
1933 2724 2114 2773 coedem
2166 2725 2449 2774 translatum
2501 2725 2702 2787 videtur,

607 2798 708 2841 tam
729 2799 883 2857 turpe,
917 2788 1060 2837 immo
1091 2787 1335 2853 gloriosius
1364 2796 1453 2844 est,
1476 2804 1622 2852 quarn
1683 2796 1754 2836 xta
1772 2796 1951 2846 tamen,
1971 2798 2028 2838 ut
2046 2788 2133 2837 illa
2161 2803 2307 2856 poena
2339 2805 2436 2839 non
2468 2789 2563 2839 nisi
2594 2806 2708 2840 con÷

603 2854 814 2904 nobilem
834 2852 1039 2910 vincere,
1060 2853 1143 2917 qui
1163 2861 1212 2901 et
1228 2851 1457 2928 inperitus
1481 2860 1555 2901 est
1574 2860 1624 2902 et
1681 2851 1795 2901 sessi
1827 2853 2153 2905 adficerentur.
2216 2855 2369 2902 Sensu
2407 2871 2605 2920 quoque
2636 2855 2706 2905 la-

607 2918 825 2984 ignavus,
848 2917 1186 2982 confestimque
1207 2917 1344 2981 fugit.
1686 2916 1866 2966 tissime
1884 2918 2117 2984 parricida
2140 2917 2389 2969 dicebatur
2418 2919 2710 2994 quicumque

669 2984 787 3031 211.
823 2980 1060 3048 suffragia,
1111 2981 1308 3046 judicia,
1364 2980 1623 3029 sententiae.
1687 2979 1924 3031 hominem
1956 2981 2006 3031 in
2067 2999 2214 3032 nuum
2234 2984 2451 3043 consulto
2471 2991 2525 3033 et
2552 2985 2618 3034 ‹le
2639 3002 2710 3049 in·

606 3046 651 3094 L
712 3047 840 3095 uitur
863 3053 1022 3110 poeta,
1043 3046 1178 3110 cujus
1207 3045 1496 3111 temporibus
1527 3061 1621 3095 non
1684 3045 1865 3096 dustria
1882 2999 2196 3097 interffierat.
2218 3047 2397 3097 cf.ins.
2413 3050 2574 3100 XIII.
2597 3052 2705 3099 155.

607 3123 657 3157 m
721 3127 749 3158 o
770 3109 957 3173 agendi,
982 3110 1066 3159 sed
1087 3118 1136 3159 et
1147 3109 1395 3174 judicandi
1410 3109 1621 3160 ‹licendi-
1682 3110 1734 3160 ’6.
1755 3120 1802 3161 et
1830 3111 2058 3162 Arntzen.
2079 3111 2128 3160 in
2149 3112 2287 3161 Actis
2306 3113 2485 3164 literar.
2507 3114 2713 3164 societa-

605 3190 701 3240 que
752 3173 947 3224 libertas
998 3175 1216 3223 omnibus
1262 3172 1456 3240 praecisa
1502 3183 1619 3224 erat.
1684 3175 1745 3224 tis
1762 3175 2420 3244 Rheno-Tra‘ectinae,Lugd.
2431 3180 2715 3231 Bat..1793.

608 3239 722 3289 212.
766 3239 989 3294 Senecam,
1034 3237 1185 3287 virum
1223 3237 1497 3302 ignobilem,
1538 3238 1623 3288 sed
1687 3241 1736 3290 8.
1756 3241 1817 3291 T.
1839 3242 1883 3290 Ι.
1904 3258 1951 3307 p.
1977 3193 2085 3291 1οὲ
2110 3252 2212 3306 seq.
2486 3286 2489 3287 γ

607 3303 803 3363 bonum,
853 3310 979 3352 certe
1030 3303 1179 3352 multo
1228 3303 1469 3352 meliorem
1522 3305 1622 3354 Ne-
1751 3306 1963 3355 215—7.
1986 3307 2178 3356 Orestes
2208 3305 2420 3371 quidem,
2445 3307 2710 3373 Agamem-

607 3385 736 3420 rone.
1687 3370 1825 3419 nonis
1872 3371 2013 3429 filius,
2055 3379 2255 3421 matrem
2296 3387 2487 3437 quoque
2537 3373 2713 3433 intere·⁸

673 3433 771 3483 213
808 3432 861 3485 4.
884 3431 1014 3481 Nero
1046 3431 1322 3496 graviorem,
1345 3447 1491 3497 quam
1521 3433 1623 3481 vul·
1689 3434 1792 3494 mit,
1827 3450 1914 3485 nec
1944 3443 2121 3493 tamen,
2155 3444 2212 3485 ut
2240 3437 2389 3494 Nero,
2423 3452 2516 3488 sua
2546 3444 2714 3503 sponte

611 3515 772 3564 gai-em
810 3496 1051 3563 parricidii
1088 3512 1300 3563 poenam,
1341 3512 1427 3546 nec
1460 3497 1625 3555 semel,
1691 3506 1740 3548 et
1785 3498 2011 3566 singulari
2053 3501 2228 3552 mentis
2267 3502 2503 3567 'pravitate
2543 3498 2712 3553 stimu-

611 3564 696 3612 sed
748 3561 919 3637 saepius
977 3561 1159 3621 meruit,
1218 3561 1441 3626 quoniam
1492 3563 1630 3628 plura
1690 3564 1837 3621 lante,
1861 3565 1962 3622 sed,
1986 3566 2095 3615 Deis
2114 3568 2385 3622 auctoribus,
2400 3565 2540 3630 jussu
2561 3567 2715 3633 Apol·

613 3627 847 3679 commisit
877 3626 1142 3691 parricidia„
1165 3626 1272 3692 (Cf.
1294 3627 1486 3677 Sueton.
1513 3628 1629 3677 Ner.
1691 3627 1800 3676 linis
1832 3629 2074 3695 Delphici,
2098 3631 2171 3695 (v.
2192 3630 2358 3696 Enrip.
2381 3632 2545 3680 orest.
2565 3636 2616 3682 ἡ.
2636 3633 2716 3695 28,.

618 3690 727 3753 45.)
793 3691 984 3739 Occidit
1022 3691 1148 3741 enim
1193 3691 1267 3740 vel
1304 3690 1457 3741 occidi
1491 3691 1633 3756 jussit
1694 3693 1805 3740 416.
1849 3695 1962 3743 543.
2005 3710 2104 3760 ως.
2147 3693 2366 3760 Sophoci.
2409 3695 2592 3745 Electr.
2636 3698 2718 3747 32.

617 3754 927 3821 Agrippinam
967 3763 1181 3812 matrem,
1220 3756 1481 3806 Domitiam
1514 3757 1630 3806 ami·
1694 3772 1829 3823 seqq.
1862 3758 2080 3824 AEscbyl.
2103 3759 2317 3825 Choeph.
2346 3759 2460 3807 266.
2485 3764 2650 3825 seqq.)
2672 3770 2720 3813 et

618 3823 737 3875 tam,
773 3818 1023 3869 Octaviam
1064 3821 1415 3886 Poppaeamque
1446 3837 1631 3878 uxores,
1696 3830 1750 3870 ut
1770 3825 1931 3871 coedem
1949 3825 2239 3873 ulcisceretur
2252 3825 2412 3886 patris,
2430 3838 2578 3888 quem
2604 3825 2721 3891 Cly-

619 3883 946 3934 Britannicum
967 3883 1172 3942 fratrem,
1189 3884 1462 3940 Antoniam,
1482 3885 1632 3935 Clau·
1695 3894 1964 3937 taemnestra
1981 3896 2031 3938 et
2052 3888 2305 3952 AEgisthus
2323 3889 2471 3936 media
2490 3892 2618 3939 inter
2644 3906 2723 3951 po-

616 3949 684 3998 dii
705 3947 871 4005 filiam,
893 3947 1090 3996 Rufium
1120 3949 1409 4015 Crispinum,
1429 3949 1633 4016 primum
1696 3952 1802 3999 cula
1852 3952 1902 3999 h.
1945 3968 1991 4003 e.
2041 3952 2093 4001 in
2147 3951 2363 4003 convivio
2411 3958 2723 4003 necaverant.

619 4015 854 4081 Poppaeae·
873 4011 1110 4068 maritum.
1142 4013 1334 4078 ejusque
1364 4013 1515 4062 filium
1548 4015 1633 4064 ad·
1696 4014 1846 4080 Apud
1890 4017 2084 4067 Graecos
2124 4024 2282 4067 autem
2322 4015 2448 4066 filius
2491 4018 2720 4084 majorem

620 4079 714 4129 huc
756 4076 1049 4142 inpuberem,
1090 4076 1269 4127 Aulum
1308 4078 1552 4127 Plautium
1586 4088 1635 4129 et
1697 4078 2146 4145 patrifreverentiam
2169 4091 2311 4147 atque
2340 4097 2552 4132 amorem
2575 4080 2723 4133 debe*-

619 4144 755 4199 alios,
795 4148 879 4191 aut
913 4140 1156 4191 adfinitate
1195 4141 1357 4206 aliqua
1394 4141 1501 4199 sibi,
1550 4152 1635 4193 aut
1695 4143 1736 4191 ri
1767 4146 1984 4211 putabat,
2049 4162 2160 4197 uam
2192 4146 2350 4204 matri,
2381 4145 2459 4199 cui
2490 4154 2724 4213 preterea

618 4206 1632 4325 {3⁵3³ssoerigiffssimiss-..ssffdwffli‘
1688 4207 2047 4340 {222321322‘3‘
2082 4212 2723 4342 ‘ffivssssffiffissdmissi‘

620 4337 828 4394 Bae-36·
887 4336 1042 4385 Poena
1060 4332 1398 4401 parricidarum
1418 4345 1539 4395 erat,
1561 4346 1630 4397 ut,
1695 4352 1788 4404 que
1808 4294 2159 4411 destinavetgartl.¹
2208 4342 2433 4407 Ceterum
2454 4341 2721 4406 Agamem·

2238 4414 2239 4423 ι
2371 4410 2385 4441 x
