2978 4920
1060 292 1509 386 sATmA
1581 294 1673 358 x.
2290 298 2416 371 m

412 481 588 545 Nota
614 479 783 545 Urbi
813 491 878 544 et
905 478 1148 566 populo
1174 478 1503 565 contingat
1534 477 1847 568 Principis
1874 502 2102 548 aures.-

412 579 710 646 Dedecus
736 580 842 645 ille
870 581 1099 646 domus
1129 579 1280 645 sciet
1311 579 1617 647 ultimus:
1664 579 1904 647 interea
1931 593 2011 647 tu

412 684 777 769 Obsequere
805 683 1093 771 imperi0‚
1124 682 1176 747 si
1205 683 1371 748 tanti
1398 683 1536 747 vita
1562 682 1815 749 dierum

412 785 791 848 Paucorum.
838 783 1159 871 quidquid
1188 783 1414 848 melius
1442 782 1775 870 leviusque
1804 785 2073 873 putaris,

415 884 769 949 Praebenda
797 897 891 950 est
919 884 1135 971 gladio
1163 884 1387 971 pulcra
1412 883 1551 948 haec
1580 897 1644 950 et
1673 886 1942 952 candida
1968 887 2209 953 cervix.
2291 889 2422 953 345

497 986 612 1049 Nil
640 1009 792 1073 ergo
818 987 1136 1073 optabunt
1164 986 1450 1050 homines
1468 989 1497 1048 ἓ
1546 986 1614 1050 Si
1644 987 1973 1054 consilium
2000 990 2121 1068 vis,

416 1086 754 1152 Permittes
783 1088 936 1174 ipsis
963 1086 1320 1174 expendere
1348 1086 1742 1166 numinibus,
1773 1088 1935 1174 quid

417 1187 770 1253 Conveniat
798 1188 1004 1266 nobiS‚
1034 1187 1355 1274 rebusque
1385 1184 1465 1251 sit
1498 1186 1656 1251 utile
1685 1187 1933 1254 nostris.

418 1289 588 1353 Nam
617 1312 735 1375 pro
755 1289 1063 1377 jucundis
1092 1288 1419 1376 aptissima
1446 1312 1724 1375 quaeque
1753 1289 2002 1356 dabunt
2033 1291 2140 1355 Di.

422 1391 645 1454 Carior
673 1402 768 1455 est
797 1390 921 1454 illis
946 1391 1160 1482 honio,
1190 1413 1386 1476 quam
1416 1389 1556 1455 sibi.
1645 1391 1783 1455 Nos
1813 1390 2165 1458 animorum
2296 1393 2426 1458 350

423 1491 723 1578 Inpulsu,
754 1504 817 1557 et
846 1515 1013 1556 caeca
1040 1514 1397 1578 magnaque
1425 1492 1728 1579 cupidine
1758 1491 1961 1570 ducti,

425 1592 813 1679 Conjugium
844 1594 1120 1680 petimus
1148 1605 1536 1680 partumque
1564 1591 1818 1658 uxoris:
1866 1606 1933 1659 at
1962 1593 2090 1659 illis

422 1693 692 1772 Notum,
723 1694 836 1780 qui
864 1696 1071 1781 pueri,
1101 1695 1438 1782 qualisque
1464 1694 1692 1759 futura
1719 1694 1801 1760 sit
1832 1718 2014 1759 uxor.

424 1795 522 1859 Ut
552 1805 763 1859 tamen
791 1808 855 1861 et
884 1819 1105 1883 poscas
1134 1795 1402 1883 aliquid,
1432 1819 1793 1882 voveasque
1823 1795 2064 1861 sacellis

424 1897 622 1976 Exta,
653 1909 716 1961 et
746 1897 1071 1962 candiduli
1101 1898 1318 1963 divina
1344 1898 1663 1964 tomacula
1690 1897 1904 1986 porci:
2304 1901 2436 1964 355

428 1998 758 2064 Orandum
785 2013 904 2080 est,
934 2011 1007 2064 ut
1040 1999 1121 2065 sit
1149 2023 1326 2065 mens
1355 2022 1506 2065 sana
1531 1999 1600 2065 in
1628 2023 1889 2087 corpore
1919 2023 2088 2065 sano.

343 2144 393 2193 h.
412 2159 457 2193 e.
489 2144 579 2212 ipsi
611 2147 813 2198 Claudio
849 2162 1043 2213 poenam
1082 2148 1354 2197 temeritatis
1480 2149 1757 2197 346—366.
1805 2150 1962 2198 Locus
2020 2148 2162 2215 plane
2228 2147 2437 2205 divinus,

342 2210 624 2276 scelerisque
659 2212 811 2267 dabis,
844 2227 988 2277 quam
1020 2212 1224 2278 primum
1256 2228 1359 2261 rem
1416 2212 1739 2276 omniumque,
1777 2228 1896 2277 quos
1944 2214 2156 2271 memini,
2201 2213 2435 2277 gravitate

345 2289 450 2322 com
561 2277 636 2325 rit.
1418 2291 1477 2324 ac
1520 2276 1791 2339 prestantia
1827 2277 2162 2327 sententiarum
2199 2277 2435 2326 nobilissi-

409 2341 442 2387 3
479 2341 685 2390 1-345,
718 2342 854 2389 Bene
881 2345 1021 2403 poeta
1046 2345 1179 2388 notat
1197 2347 1357 2404 stupo-
1420 2354 1544 2387 mus.
1608 2340 1688 2390 Cf.
1717 2355 1823 2405 sup.
1859 2340 1923 2390 ad
1949 2340 2150 2404 Argum.
2180 2342 2281 2389 Sat.
2323 2342 2442 2390 346.

345 2418 448 2451 rem
477 2404 688 2462 Claudii,
722 2420 780 2454 ac
815 2404 965 2452 facete
1003 2402 1169 2451 Silium
1205 2403 1362 2452 horta-
1428 2403 1515 2451 Nil
1530 2420 1634 2470 ergo
1653 2407 1864 2466 optabunt
1880 2405 2102 2453 homines?
2132 2404 2405 2480 neutiquam
2422 2421 2439 2452 z

348 2477 441 2526 tur,
462 2476 513 2516 ut
534 2469 808 2518 Messalinae
825 2466 1054 2518 desiderio
1069 2469 1183 2518 satis
1203 2467 1363 2518 faciat.
1427 2483 1539 2516 nam
1569 2468 1775 2518 maxima
1803 2469 1910 2517 vito
1936 2470 2046 2518 volu
2078 2478 2153 2519 tas
2177 2477 2442 2518 continetur

348 2530 441 2580 Res
461 2542 567 2581 uota
588 2533 677 2583 fuit
700 2536 804 2582 urbi
823 2544 865 2581 et
894 2534 1070 2594 populo,
1092 2533 1363 2598 priusquam
1425 2532 1547 2582 votis
1561 2542 1611 2582 et
1630 2548 1729 2598 spe.
1792 2534 1908 2582 347.
2008 2567 2021 2582 .
2084 2534 2116 2581 f.
2131 2531 2274 2583 Pind.
2291 2534 2440 2597 Pyth.

346 2599 537 2662 contigit
559 2599 786 2660 Principis
803 2613 948 2646 aures.
1015 2597 1102 2645 1110
1118 2597 1362 2663 Princeps,
1426 2597 1532 2646 111.
1555 2599 1664 2645 106.
1692 2612 1792 2660 seq.
1821 2598 1957 2645 Xeno
2025 2630 2041 2646 .
2067 2598 2220 2646 Mem.
2248 2598 2379 2646 Socr.
2401 2598 2450 2647 1.

347 2664 536 2710 ddecus
550 2662 1365 2728 dornusAug-ustoe‚ultimu⁸,postre·
1429 2663 1477 2710 3.
1501 2665 1549 2711 2.
1581 2661 1891 2711 Plat..Alcib.
1911 2662 1938 2708 1
1970 2696 1983 2711 .
2004 2677 2054 2726 p.
2083 2663 2186 2710 154.
2226 2662 2335 2709 172.
2364 2659 2444 2712 cd.

351 2740 432 2773 mo
462 2727 687 2785 omnium,
715 2730 837 2785 sciet,
868 2728 943 2793 (v.
962 2727 1082 2775 Tac.
1103 2726 1235 2775 Ann.
1270 2727 1366 2776 XI.
1430 2726 1701 2791 Niirnberg.
1730 2725 1944 2789 Theogn.
1969 2727 2101 2776 Sent.
2127 2742 2174 2774 v.
2207 2726 2314 2773 141.
2344 2739 2449 2790 seq.

352 2791 592 2855 28—32.)
615 2802 665 2841 et
687 2795 791 2840 sciet
818 2799 1022 2848 tantum,
1043 2806 1138 2840 non
1166 2790 1366 2842 ulcisce-
1435 2790 1547 2841 172.
1574 2806 1675 2855 seq.
1697 2797 1747 2839 et
1766 2789 1928 2839 Valet.
1951 2792 2090 2839 Μαι.
2110 2789 2236 2839 VII.
2255 2791 2305 2837 2.
2325 2797 2444 2838 extr.

355 2863 461 2903 tur:
495 2870 607 2903 nam
629 2856 892 2906 Messalina
908 2855 1146 2919 effugisset
1169 2870 1368 2929 poenam
1434 2857 1481 2903 l.
1546 2856 1660 2904 349.
1679 2872 1762 2916 pro
1774 2856 2014 2916 jucundis,
2034 2870 2119 2920 pro
2137 2853 2211 2909 iis,
2230 2868 2338 2917 quie
2360 2869 2446 2902 no-

352 2918 558 2975 sceleris,
572 2919 660 2967 nisi
682 2920 934 2970 Narcissus
948 2920 1128 2970 caedem
1139 2936 1242 2986 ejus
1262 2936 1367 2986 pro-
1431 2919 1507 2968 bis
1519 2919 1866 2985 jucundissima
1895 2919 2129 2976 videntur,
2149 2917 2225 2966 vel
2258 2932 2365 2982 quo
2385 2918 2450 2968 ad

353 2996 472 3095 3:³5²
471 2981 629 3095 {1³⁸1ssss
652 2984 747 3096 ἑέὸ
765 2984 1026 3109 3⁷32&
1027 2985 1168 3097 ‘affl'
1189 2988 1284 3097 ἓξ·
1296 2993 1370 3098 ἐ*
1432 2985 1972 3115 ζῗέἒῗζὲἓωωῇω
1992 2992 2043 3032 ⁶¹²
2073 2981 2250 3032 Μ’
2250 2998 2279 3032 ⁸
2305 2998 2337 3032 ⁸
2364 2997 2449 3031 ‘¹⁰'

355 3110 562 3160 meraris
581 3110 644 3160 ad
668 3110 903 3176 Principis
929 3127 1064 3160 aures
1092 3113 1370 3177 pervenerit,
1500 3113 1611 3161 350.
1645 3111 1732 3161 Dii
1779 3111 1905 3161 enim
1951 3110 2087 3161 nobis
2136 3111 2254 3161 dant
2295 3110 2451 3169 utilia,

358 3186 430 3234 tu,
465 3174 569 3232 Sili,
600 3177 823 3239 obsequere
863 3177 1042 3238 imperio
1078 3185 1127 3224 et
1165 3177 1374 3241 cupidini
1438 3175 1583 3229 etiam
1602 3192 1696 3225 non
1731 3176 1909 3241 petita3
1941 3191 2027 3227 nos
2046 3191 2182 3241 sepe.
2202 3173 2347 3224 noxia
2366 3191 2450 3223 vo-

358 3239 667 3302 Messalinae5
690 3243 749 3289 sit
768 3242 886 3288 tanti
903 3243 998 3288 vita
1017 3242 1192 3288 dierum
1208 3259 1373 3302 pauco-
1438 3239 1500 3288 tis
1526 3255 1584 3288 ex
1645 3241 1800 3290 timus.
1864 3242 1978 3290 352.
2001 3242 2116 3291 353.
2137 3240 2212 3291 cf.
2236 3240 2455 3289 Socrates

357 3321 480 3362 rum,
510 3304 560 3353 h.
593 3321 635 3353 e.
675 3304 751 3354 fac
781 3304 918 3360 illud,
953 3311 1008 3353 ut
1042 3313 1167 3355 certe
1199 3306 1377 3369 aliquot
1438 3319 1518 3370 ap.
1540 3306 1583 3353 P
1603 3314 1670 3354 at.
1693 3306 1727 3354 l.
1748 3305 1783 3354 l.
1841 3339 1855 3353 .
1882 3307 1993 3355 152.

363 3369 464 3418 dies
502 3369 646 3419 vitam
687 3369 959 3435 protrahas:
997 3383 1109 3417 nam
1143 3367 1184 3417 si
1214 3385 1377 3434 parere
1503 3370 1616 3418 354.
1644 3371 1760 3419 355.
1835 3383 1965 3419 reces
2001 3374 2210 3417 veterum
2245 3367 2454 3432 plerum-

367 3433 603 3490 abnueris„
617 3434 852 3499 extemplo
861 3433 1134 3482 Messalinae
1144 3433 1279 3497 jussu
1291 3434 1377 3483 tibi
1441 3446 1534 3494 que
1573 3433 1713 3481 simul
1739 3441 1849 3482 vota
1883 3439 2031 3482 erant.
2100 3431 2338 3479 Tomacula
2366 3431 2458 3482 Gr.

366 3635 483 3692 quot
500 3627 616 3684 dies,
632 3628 781 3677 donec
802 3643 876 3676 res
891 3625 1138 3699 contigerit
1151 3625 1309 3676 Princi
1342 3626 1384 3674 is
1446 3639 1528 3681 na,
1557 3625 1635 3698 yel
1665 3622 2181 3698 minutatim-’concisag
2192 3624 2266 3672 vel
2302 3624 2459 3690 simpl.

365 3694 1386 3806 33¹3’..‘{‚¹‡¹.;¹2¹:¹„⁰⁸.3?3b;.“{¹:53‘·m.12
1447 3690 1673 3816 5332?
1690 3688 2003 3825 532&ss
2018 3686 2201 3803 ἓέῗὲἶ
2217 3690 2460 3817 ‘iffffissi

369 3820 541 3884 legitur
562 3824 599 3868 εἰ
620 3824 735 3869 tanti
753 3823 829 3883 vel
849 3823 887 3869 si
909 3824 1025 3869 tanti
1046 3831 1125 3871 est.
1226 3866 1231 3869 .
1449 3818 1623 3880 «νομέα.
1689 3818 1861 3867 Divina
1892 3817 2128 3875 dicuntur,
2148 3831 2463 3882 quacumque

439 3885 553 3933 344.
576 3887 689 3935 345.
711 3886 1054 3950 Quodcumque
1076 3885 1253 3951 ceperis
1269 3901 1382 3934 con-
1447 3884 1512 3930 ad
1541 3883 1655 3933 deos
1678 3897 1929 3947 eorumque
1960 3898 2097 3932 sacra
2127 3890 2360 3948 spectant,
2382 3880 2460 3952 vel

368 3947 544 4005 silium,
567 3949 641 3999 vel
659 3965 964 4024 quaecumque
991 3949 1111 3999 ratio
1133 3950 1218 3999 tibi
1237 3949 1385 3999 levior
1448 3945 1539 3996 diis
1576 3947 1873 4007 obferuntur3
1920 3947 2048 3996 unde
2091 3963 2160 3995 ra
2200 3950 2353 3994 divim
2389 3941 2461 4015 ᾁι-

370 4011 629 4076 meliorque
648 4029 750 4062 visa
781 4014 935 4070 fuerit,
958 4030 1081 4063 mors
1102 4014 1187 4062 tibi
1253 4021 1386 4062 arata
1447 4020 1618 4061 cuntur
1635 4012 1877 4061 sacrificia.
1945 4012 2116 4060 Porcus
2135 4006 2245 4058 olim
2274 4013 2464 4079 nuptia-

368 4085 459 4133 εει,
487 4077 583 4126 sive
619 4094 650 4127 a
679 4079 957 4134 Messalina,
986 4078 1083 4127 sive
1113 4094 1143 4126 a
1167 4078 1207 4127 C
1229 4077 1385 4127 audio.
1448 4092 1554 4125 rum
1596 4077 1887 4142 potissimum
1928 4075 2078 4130 initio,
2119 4080 2168 4121 et
2209 4087 2239 4120 a
2282 4072 2465 4119 Grecis

371 4142 489 4192 345.
512 4142 590 4191 cf.
607 4143 721 4192 Tac.
739 4143 870 4191 Ann.
890 4144 982 4192 XI.
997 4145 1079 4192 35.
1097 4152 1146 4191 et
1165 4142 1264 4192 Dio
1282 4143 1389 4191 LX.
1452 4142 1629 4191 Veneri
1642 4140 1971 4191 inmolabatur.
2001 4156 2047 4187 v.
2063 4138 2202 4185 Varr-
2219 4135 2286 4183 R.
2305 4134 2374 4182 R.
2391 4134 2466 4182 11.

372 4208 454 4255 31.
487 4209 649 4268 pulcra
676 4217 718 4254 et
743 4209 936 4255 candida
961 4209 1121 4262 emir,
1145 4218 1250 4272 quae
1282 4207 1388 4272 pul·
1453 4209 1501 4253 4.
1523 4207 1566 4267 §.
1586 4208 1633 4255 9.
1654 4214 1702 4253 et
1723 4205 1900 4254 Athen.
1921 4204 2025 4251 ΠΙ.

373 4269 559 4319 critudo
590 4270 794 4323 exitialis
821 4270 907 4321 fuit
936 4270 1051 4321 Silio
1071 4278 1122 4320 et
1145 4271 1390 4322 inmature
1518 4271 1631 4319 356.
1664 4269 1741 4317 cf.
1763 4281 1925 4338 preces
1952 4266 2071 4313 Hor.
2091 4261 2189 4313 Od.
2208 4261 2253 4313 I.
2280 4262 2362 4313 31.
2386 4262 2466 4314 17.

379 4335 543 4385 mortis
561 4350 723 4386 causa.
1455 4348 1556 4396 seq.
1575 4341 1625 4383 et
1644 4334 1809 4382 Senec.
1829 4333 1979 4397 Epist.
2004 4331 2080 4378 10.
