2978 4920
1305 324 1979 391 JUVENALIS

690 497 759 565 Si
787 510 968 587 potes
994 495 1106 561 illa
1133 495 1292 583 pati,
1323 519 1468 583 quae
1498 517 1612 562 nec
1637 499 2004 561 Sarmentus
2030 496 2285 583 iniquas

690 599 960 666 Coesaris
987 598 1070 663 ad
1098 619 1363 677 mensas,
1394 621 1508 663 nec
1538 599 1680 663 vilis
1712 598 1924 663 Galba
1950 598 2236 662 tulisset:

690 701 994 782 Quamvis
1014 702 1234 787 jurato
1260 711 1540 765 metuam
1570 701 1688 766 tibi
1715 700 1968 765 credere
1996 701 2161 765 testi.
2637 704 2677 762 5

689 805 925 869 Ventre
953 801 1111 865 nihil
1139 800 1286 865 novi
1313 800 1645 887 frugalius.

1738 801 1881 871 Hoc
1898 813 2120 866 -tamen
2149 801 2358 889 ipsum

693 906 1014 972 Defecisse
1042 916 1223 991 puta,
1253 904 1430 991 quod
1457 903 1628 968 inani
1658 904 1913 969 subficit
1942 904 2119 968 alvo:

693 1008 893 1075 Nulla
919 1007 1175 1091 crepido
1203 1011 1423 1071 vacat?
1469 1028 1782 1093 nusquam
1812 1029 1972 1093 pons
2001 1018 2065 1070 et
2094 1007 2322 1094 tegetis
2344 1029 2490 1093 pars

692 1111 978 1177 Dimidia
1003 1109 1291 1176 brevior?
1339 1111 1617 1174 Tantine
1645 1108 1878 1195 injuria
1897 1114 2144 1174 coenae?

694 1215 864 1277 Tam
883 1213 1109 1300 jejuna
1133 1211 1366 1275 fames?
1410 1233 1613 1297 quum
1635 1210 1742 1296 pol
1773 1209 1853 1273 sit
1881 1210 2206 1275 honestius
2234 1209 2361 1274 illic

2603 1211 2680 1271 10

693 1314 785 1379 Et
815 1325 1081 1379 tremere
1109 1324 1173 1377 et
1202 1311 1417 1376 sordes
1443 1310 1631 1376 farris
1660 1310 1946 1375 mordere
1975 1313 2230 1376 canini?

607 1488 840 1535 cebantur
861 1487 1039 1547 patinoe
1056 1492 1110 1531 et
1125 1498 1327 1541 mensae,
1351 1499 1397 1532 v.
1416 1498 1459 1531 c.
1475 1485 1611 1544 Virg.
1675 1490 1818 1544 rupta
1854 1484 2065 1538 videtur,
2110 1491 2159 1531 et
2194 1485 2338 1530 verbs
2372 1488 2531 1529 ventre
2558 1483 2690 1530 nihil

608 1552 717 1599 aa.
741 1551 857 1598 vn.
884 1550 992 1597 115.
1015 1550 1123 1595 coll.
1148 1549 1244 1595 111.
1263 1549 1375 1596 257.
1427 1548 1610 1595 3.ὁάν·
1659 1545 1913 1609 frugalius
1953 1551 2065 1594 novt·
2098 1549 2308 1608 parasito
2340 1561 2515 1609 parurn
2551 1556 2681 1608 epta.

605 1619 810 1674 misse,
843 1613 864 1660 ὅ
901 1611 944 1661 >i
984 1612 1225 1677 Ζᾶςμικοσ
1275 1611 1361 1660 *ὅν
1398 1610 1611 1678 Καίσαρος

605 1678 829 1796 §.cinaris
840 1680 1070 1754 Augusti)
1085 1675 1297 1755 τωγῖίυν
1318 1674 1557 1753 ‘Quem’
1579 1674 1612 1723 ἃ

658 1742 809 1795 ληίης
826 1742 1250 1802 (άεὶισεαεΥΡυμωα
1268 1750 1471 1794 καλειται.
1486 1743 1617 1789 Plut-

1675 1610 1727 1660 8.
1757 1612 1950 1672 Crepido
1978 1621 2027 1658 et
2057 1626 2170 1672 pom
2201 1614 2327 1673 locs,
2362 1613 2686 1659 ubi-mendici

1675 1680 1852 1736 stipem
1873 1690 1902 1722 a
1925 1679 2323 1737 pretereuntibus
2351 1682 2540 1737 petunt.
2607 1677 2681 1722 De

1676 1745 1813 1801 ponte
1825 1755 1871 1787 v.
1889 1744 1949 1788 ad
1970 1741 2057 1788 lv.
2080 1740 2191 1789 116.
2203 1748 2250 1786 et
2266 1741 2413 1789 XIV.
2428 1738 2539 1788 1321.
2574 1740 2686 1787 cre-

609 1811 698 1855 vit.
715 1810 900 1856 Anton.
919 1821 965 1867 p.
989 1805 1099 1853 943.
1116 1807 1179 1853 D.
1222 1807 1298 1852 ef.
1321 1807 1498 1854 Horat.
1516 1806 1614 1851 Sat.
1671 1805 1784 1866 pido
1805 1806 1940 1852 locus
1979 1808 2270 1852 eminentior
2289 1807 2339 1853 in
2361 1807 2482 1864 ripa.
2504 1806 2555 1850 in
2580 1818 2687 1864 por-

611 1871 651 1918 1.
673 1873 720 1918 5.
743 1872 825 1921 52.
844 1885 976 1931 seqq.
1000 1879 1050 1917 et
1072 1877 1211 1916 vetus
1234 1871 1392 1917 Schol.
1415 1872 1477 1916 ad
1510 1872 1561 1918 h.
1581 1870 1616 1916 1.

609 1933 748 1998 eujus
766 1938 909 1983 verba
923 1943 1063 1981 sunt:
1090 1937 1127 1963 ‘⁴
1141 1935 1412 1980 Sarmentus
1424 1936 1618 1980 natione

608 2002 852 2056 Thuscus,
887 2015 914 2046 e
946 2002 1092 2046 domo
1124 2000 1196 2046 M.
1215 1996 1436 2057 Favonii,
1466 2001 1617 2045 incer·

610 2073 720 2112 tum
740 2064 962 2121 libertus,
982 2076 1045 2107 an
1076 2075 1261 2118 servus,
1283 2063 1503 2120 plurimis
1524 2064 1620 2109 for-

611 2141 696 2176 tun
714 2133 765 2174 et
793 2129 1062 2173 urbanitate
1092 2126 1386 2186 promeritis,
1408 2142 1465 2173 eo
1499 2128 1620 2172 fidu·

611 2193 704 2240 cio
722 2192 873 2245 venit,
891 2198 946 2236 ut
968 2204 1054 2249 pro
1070 2192 1235 2250 equite
1255 2189 1395 2236 Rom.
1410 2193 1593 2252 algeret
1608 2207 1622 2248 ;

613 2256 674 2319 (ἶ.
695 2259 748 2302 ut
766 2254 878 2301 liber
898 2256 1092 2315 equitem
1115 2255 1253 2302 Rom.
1271 2261 1448 2313 ageret)
1471 2257 1618 2301 decu-

612 2322 735 2368 riam
757 2333 948 2379 quoque
967 2321 1275 2378 quaestoriam
1304 2326 1618 2378 compararet.

613 2387 728 2433 ,ἵκω
750 2391 914 2430 eutem
936 2396 1082 2428 senex
1103 2384 1151 2429 in
1168 2382 1395 2428 maximis
1417 2384 1620 2429 necessi-

615 2449 815 2503 tatibus,
851 2450 912 2494 ad
950 2462 1071 2509 quas
1103 2447 1301 2494 libidine
1338 2447 1623 2507 luxurieque

614 2515 877 2569 decident,
931 2522 1124 2559 coactus
1165 2512 1440 2558 auctionnre
1491 2510 1620 2558 eet.”

613 2592 795 2626 mensas
814 2578 1012 2637 iniquas,
1023 2577 1263 2632 convivia,
1283 2576 1333 2621 in
1348 2577 1524 2635 quibus
1545 2577 1621 2622 vel

613 2644 833 2690 convive
864 2642 1049 2701 inique,
1077 2637 1276 2701 injuste,
1298 2641 1493 2700 indigne
1526 2647 1622 2685 tra·

613 2714 827 2764 cuntur,
848 2706 923 2751 vel
944 2708 1123 2765 potius,
1146 2707 1195 2750 in
1229 2705 1404 2765 quibus
1425 2705 1508 2750 alii
1530 2705 1623 2750 cibi

613 2771 802 2831 aliaque
855 2771 969 2816 vina.
1016 2770 1232 2826 domino,
1272 2770 1368 2814 alia
1406 2769 1622 2814 convivis

616 2838 911 2894 probentur.
933 2846 1033 2892 quoe
1056 2847 1115 2878 ne
1134 2833 1194 2877 ud
1224 2846 1406 2877 mensas
1424 2833 1622 2890 quidem

619 2898 777 2944 Gerar
796 2914 820 2944 s
841 2896 1052 2954 Augusti
1085 2896 1197 2941 viles
1219 2908 1395 2941 scurrae
1415 2895 1624 2940 tulissent

617 2963 872 3023 patienter.
910 2961 1091 3019 Magna
1123 2960 1197 3005 vis
1224 2959 1349 3004 inest
1380 2960 1430 3005 in
1465 2960 1623 3005 verbis

622 3026 827 3073 Cesar-ir
841 3032 889 3070 et
912 3024 1032 3070 vilis.
1087 3022 1257 3081 Galba,
1280 3019 1498 3084 ejusdem
1521 3025 1624 3069 Au-

619 3089 749 3149 gusti
771 3089 1008 3148 parasitus
1040 3092 1090 3134 et
1122 3100 1300 3134 scurra.
1333 3102 1377 3132 v.
1419 3087 1627 3137 Quintil.

620 3152 710 3200 vl.
730 3153 776 3199 3.
801 3152 1013 3198 Martini·
1033 3152 1076 3198 1.
1098 3150 1178 3197 42.
1203 3151 1270 3196 X.
1294 3150 1402 3197 101.
1425 3159 1474 3196 et
1496 3153 1626 3200 Plut-

619 3217 871 3276 lentie-p·
903 3214 1018 3263 7⁵⁰.
1042 3215 1347 3262 ‘lenaeum
1381 3216 1626 3263 Reiser.

622 3281 715 3328 11.
731 3294 779 3341 p.
797 3279 877 3326 45.
900 3280 982 3326 ubi
999 3280 1049 3326 in
1073 3279 1318 3325 nonnullis
1334 3281 1473 3327 codd.
1499 3277 1629 3327 Καίλ-

623 3345 705 3399 eu
739 3346 935 3402 dicitur,
966 3345 1016 3390 in
1057 3344 1164 3389 aliis
1199 3338 1403 3402 niceas,
1427 3352 1483 3389 ut
1515 3347 1566 3393 b.
1592 3346 1625 3390 l.

622 3409 781 3459 Gabba
791 3411 842 3457 in
856 3409 1145 3470 quibusdam
1158 3408 1292 3454 libris
1303 3418 1351 3454 et
1366 3409 1624 3457 vet-Schol-

622 3476 709 3536 qui
729 3481 916 3534 monet,
935 3474 1163 3531 Apicium
1187 3472 1407 3519 Gabbam
1430 3475 1521 3519 sub
1542 3474 1626 3520 Ti-

624 3539 755 3586 berio
775 3552 991 3587 scurram
1014 3536 1222 3584 nobilem
1246 3536 1410 3583 fuisse.
1477 3537 1526 3585 5.
1543 3540 1630 3599 ju-

620 3606 725 3648 rato
744 3614 775 3648 n
794 3604 939 3649 verbo
960 3604 1133 3662 depon.
1151 3600 1333 3663 jurari,
1358 3608 1413 3648 ut
1433 3603 1629 3662 passim.

624 3663 673 3710 6.
706 3664 873 3711 Venere
891 3666 1010 3712 nihil
1023 3665 1291 3728 frugalius,
1313 3666 1354 3712 si
1384 3679 1483 3713 non
1503 3668 1630 3713 dele-

621 3728 742 3775 ctari
777 3731 900 3783 vult,
933 3732 1015 3776 sed
1049 3736 1242 3778 tantum
1274 3730 1479 3791 inpleri:
1515 3744 1627 3778 nam

623 3798 800 3838 natura
820 3793 985 3851 paucis
1000 3801 1072 3839 est
1092 3800 1336 3843 contenta.

1681 1871 1828 1915 tubus
1843 1870 2170 1927 interioribus,
2189 1871 2252 1917 ad
2273 1874 2592 1930 quemfnaves
2604 1872 2686 1915 ad·

1681 1934 1886 1992 pellunt.
1918 1935 1968 1980 in
1990 1947 2151 1991 muro,
2170 1935 2250 1982 vel
2279 1937 2405 1992 vico,
2431 1933 2508 1979 vel
2531 1941 2687 1992 ponte.

1687 1997 1829 2058 Teges
1863 2011 2069 2057 gausape
2107 2011 2149 2044 s.
2192 2006 2347 2045 matta
2375 2013 2437 2045 ex
2461 1993 2613 2058 junco
2649 2012 2685 2042 s.

1685 2064 1920 2119 cannabo,
1961 2064 2117 2120 scirpo
2160 2068 2254 2111 eet.
2287 2067 2307 2108 t
2469 2066 2601 2107 utum
2633 2075 2688 2106 sc

1686 2126 1844 2173 cubile
1862 2127 2211 2174 mendicorum.
2245 2128 2321 2174 Cf.
2345 2127 2433 2174 vl:
2450 2124 2686 2173 117.V11.

1687 2189 1801 2237 221.
1822 2190 1910 2236 IX·
1938 2189 2050 2237 140.
2068 2193 2132 2239 al.
2166 2193 2327 2252 tegetis
2351 2205 2466 2251 pars
2497 2189 2686 2235 dissidia

1682 2262 1818 2314 parte
1855 2254 2053 2312 brevior,
2088 2270 2200 2315 quae
2238 2257 2358 2303 adeo
2393 2268 2488 2300 non
2508 2276 2513 2281 ·
2532 2260 2687 2299 totum

1684 2320 1804 2378 tegit
1816 2332 2003 2377 corpus.
2045 2318 2220 2365 9—11.
2247 2318 2443 2366 Tantine
2463 2319 2606 2378 pretii
2619 2323 2687 2363 est

1686 2384 1793 2436 tibi,
1819 2383 1894 2429 vel
1917 2397 1948 2428 a
1969 2390 2016 2428 te
2037 2386 2303 2429 aestimatur
2325 2384 2498 2445 injuria
2532 2397 2686 2436 coenv,

1685 2448 1734 2494 h.
1772 2460 1814 2494 e.
1849 2462 1986 2494 coena
2006 2446 2270 2511 injuriosa,
2304 2442 2605 2504 con‘vivium,
2639 2449 2687 2493 in

1684 2527 1782 2573 quo
1815 2519 1888 2558 tot
1909 2512 2128 2571 talesque
2160 2510 2348 2573 injurie
2374 2514 2460 2557 tibi
2481 2513 2689 2557 serenda

1686 2583 1800 2622 sunt
1815 2578 1838 2623 Ρ
1872 2577 1996 2623 tanti
2027 2577 2145 2624 facis
2166 2574 2351 2625 coenam
2374 2578 2582 2622 divitum
2607 2590 2686 2622 no-

1687 2641 1974 2700 biliumque,
1988 2645 2045 2686 ut
2059 2650 2253 2701 propter
2269 2654 2376 2686 eam
2394 2641 2500 2686 illas
2523 2642 2691 2685 toleres

1687 2701 1929 2765 injurias?
1985 2710 2084 2751 tam
2103 2708 2274 2767 ‚Jejuno
2288 2705 2466 2764 sames,
2505 2708 2582 2756 (ut
2614 2718 2688 2763 ap.

1688 2769 1831 2815 ovid.
1856 2770 1973 2815 Met.
1994 2769 2136 2816 vm.
2156 2770 2287 2826 791.)
2310 2775 2506 2815 tantane
2516 2776 2569 2815 et
2591 2776 2689 2813 tam

1686 2834 1791 2880 dira
1811 2840 1883 2879 est
1905 2835 2059 2882 fames
2092 2842 2194 2891 tua,
2217 2841 2273 2879 ut
2304 2838 2464 2879 tantas
2495 2835 2557 2878 ob
2588 2845 2695 2877 eam

1687 2904 1735 2943 et
1758 2902 1831 2943 tot
1852 2894 2053 2959 injurias
2085 2900 2322 2958 patienter
2354 2896 2517 2943 feras?
2553 2910 2692 2959 quum

1679 2961 1780 3021 pol,
1806 2963 2035 3021 profecto,
2058 2967 2133 3015 (ut
2155 2963 2344 3021 edepol,
2364 2970 2568 3016 ecastor,
2588 2962 2693 3006 her·

1689 3024 1780 3079 cle,
1798 3036 2050 3081 mecastor,
2073 3022 2334 3087 mehercle)
2357 3027 2422 3071 sit
2441 3026 2691 3082 honestius,

1689 3087 1803 3147 ime,
1816 3090 1863 3134 in
1889 3092 2130 3150 crepidine
2147 3090 2220 3136 vel
2245 3095 2464 3148 ponte‚et
2486 3093 2692 3141 tremere,

1690 3152 1866 3213 frigore
1886 3154 2095 3211 horrere,
2116 3158 2191 3207 (ut
2214 3167 2393 3213 pauper
2413 3155 2556 3207 solet,
2572 3154 2696 3198 male

1690 3220 1913 3275 vestinis,
1942 3226 1995 3265 et
2031 3220 2140 3264 ficte
2169 3219 2319 3263 etiam
2348 3224 2581 3272 tremens,
2614 3217 2699 3262 nbi

1690 3283 1863 3340 stipem
1886 3285 2145 3338 mendicat,
2168 3283 2294 3329 unde
2316 3289 2364 3327 et
2387 3286 2584 3327 trentens
2600 3277 2697 3327 Ju-

1690 3345 1974 3393 doeadicitur
1995 3348 2084 3395 inf.
2102 3346 2196 3393 vt.
2217 3342 2350 3407 543.)
2369 3344 2695 3406 etsordessoer·

1691 3411 1761 3455 ris
1789 3412 1997 3458 mordere
2033 3410 2206 3464 canini,
2236 3423 2411 3470 panem
2448 3410 2697 3455 sordidum

1690 3475 1849 3531 edere,
1863 3475 2020 3534 qualis
2033 3474 2232 3521 canibus
2248 3476 2390 3521 datur
2404 3473 2427 3520 ?
2462 3472 2561 3538 (Cf.
2570 3474 2698 3521 Mar·

1696 3538 1795 3583 tial.
1813 3539 1877 3584 X.
1900 3539 1946 3585 5.
1965 3535 2034 3599 5.)
2065 3540 2124 3587 In
2145 3540 2382 3599 plerisque
2401 3537 2535 3583 libris
2551 3541 2604 3587 ’v.
2624 3537 2698 3586 10.

1695 3602 2021 3663 legiturquum
2033 3604 2205 3665 possis,
2222 3605 2273 3649 in
2298 3601 2543 3649 nonnullis
2559 3616 2697 3663 quum

1685 3667 1854 3725 pouit,
1876 3668 1926 3713 in
1951 3681 2048 3714 uno
2079 3669 2326 3727 alteroque
2357 3680 2500 3726 quum
2528 3668 2696 3728 poesis,

1692 3729 1804 3789 quin
1819 3732 1984 3791 possis,
1998 3745 2141 3791 quum
2154 3746 2308 3792 posses
2322 3736 2367 3778 et
2381 3747 2398 3777 .-
2419 3745 2526 3790 quoe
2537 3731 2698 3777 omnia

1696 3794 1774 3838 vel
1807 3796 1970 3855 inepta
2001 3803 2136 3854 sunt,
2165 3797 2243 3841 vel
2276 3809 2305 3843 a
2338 3795 2527 3855 legibus
2558 3794 2698 3867 metri

689 3854 866 3904 7—11.
898 3858 967 3903 At
1000 3858 1143 3919 finge,
1181 3870 1355 3918 panem
1391 3861 1539 3905 etiam
1583 3866 1634 3907 et
1696 3856 1866 3907 aliena.
1890 3860 2020 3907 Hinc
2035 3860 2258 3908 Graevius
2270 3858 2572 3907 emendavit:
2595 3870 2700 3917 qun·

625 3932 782 3990 pauca
792 3922 918 3977 haec,
933 3935 1044 3982 quae
1063 3930 1234 3969 natura
1249 3923 1485 3970 desiderat
1498 3937 1631 3982 quae·

624 3998 723 4046 que
738 3985 868 4031 inani
885 3985 1043 4031 ventri
1065 3986 1292 4046 inplendo
1314 3995 1363 4032 et
1383 3987 1504 4033 fami
1521 4001 1630 4047 pro-

624 4048 879 4109 pulsanda
909 4049 1190 4105 subiiciunt,
1215 4049 1304 4097 tibi
1335 4052 1524 4097 deesset
1555 4064 1628 4098 sa-

625 4113 725 4159 tius
744 4120 909 4160 tamen
932 4119 1005 4161 est
1026 4115 1299 4161 mendicare
1320 4128 1467 4174 quam
1491 4128 1626 4174 pars·

623 4175 776 4225 sitari'.
798 4223 802 4228 ,
842 4178 1001 4225 Verba
1016 4177 1100 4225 iun
1119 4191 1190 4226 vs.
1212 4177 1257 4223 6.
1280 4185 1329 4224 et
1343 4178 1399 4238 Ἴ’7.
1422 4181 1630 4238 parasito

622 4242 821 4304 ottoque,
841 4244 989 4290 tribui
1010 4250 1231 4302 possunt,
1244 4249 1293 4289 et
1306 4238 1494 4303 justam
1518 4243 1631 4291 vitae

625 4306 739 4353 talis
758 4308 1120 4355 excusationem
1144 4308 1403 4355 continere.
1447 4309 1543 4355 Sed
1565 4311 1633 4355 ita

623 4376 780 4429 poete
803 4372 1048 4433 responsio
1073 4386 1121 4418 v.
1153 4371 1203 4419 8.
1238 4385 1339 4433 seq.
1370 4373 1517 4421 nimis
1547 4375 1632 4420 ab·

1690 3922 1877 3982 poecis?
1901 3925 1950 3972 h.
1967 3939 2011 3970 e.
2034 3938 2120 3970 cur
2137 3937 2234 3969 non
2253 3923 2535 3971 mendicas?
2568 3922 2698 3966 hone·

1695 3989 2050 4036 stiur—canini.
2083 3987 2175 4035 Sed
2186 3985 2240 4034 τὶ
2247 4000 2429 4048 poscere
2441 3985 2601 4045 simpl.
2618 3996 2694 4043 po-

1693 4053 1745 4098 ni
1767 4066 1852 4111 pro
1873 4052 2129 4099 mendicare
2139 4053 2221 4098 vix
2237 4050 2542 4097 crediderim.
2556 4051 2567 4057 '
2593 4049 2694 4095 Ple·

1693 4118 1828 4176 rique
1847 4118 2013 4177 intpp.
2033 4118 2084 4163 h.
2105 4118 2138 4162 l.
2174 4123 2357 4172 tacent,
2376 4121 2425 4160 et
2448 4114 2692 4159 difficulta-

1694 4189 1793 4227 tem
1827 4178 1933 4244 ejus
1967 4182 2041 4227 vel
2076 4194 2171 4226 non
2208 4181 2412 4225 sensisse
2456 4178 2694 4230 videntur,

1697 4246 1771 4291 vel
1793 4246 2034 4305 sapienter
2054 4245 2378 4298 dissimilasse.
2404 4245 2411 4250 ’
2445 4242 2550 4303 Ego
2567 4243 2693 4299 rapo-

1697 4310 1769 4356 sui
1806 4323 1947 4369 quum
1977 4309 2057 4369 pol
2081 4309 2168 4355 sit.-
2225 4320 2372 4369 quam
2406 4305 2691 4353 letiissimmn
2720 4355 2725 4358 .

1697 4373 2015 4420 mutationem
2032 4373 2123 4419 viri
2145 4373 2272 4420 docti
2298 4371 2573 4431 probarunt.
