2978 4920
987 333 1430 396 SATIRA
1487 333 1604 398 VI.

2204 332 2324 398 161

277 547 284 558 =
319 501 541 588 *Cujus
562 501 844 580 amicitia
870 503 1405 589 conducendaque
1433 502 1666 568 tabella

332 605 617 690 Magnus
644 606 798 670 civis
825 608 961 671 obit
990 620 1053 671 et
1083 605 1463 671 formidatus
1494 606 1752 671 Othoni.

334 703 497 768 Inde
524 705 680 770 fides
709 708 853 785 arti,
886 706 1095 772 sonuit
1124 706 1177 771 si
1207 706 1472 772 dextera
1499 705 1669 770 ferro

2196 702 2322 772 560

336 805 681 895 Laevaque,
713 809 764 873 si
794 809 984 896 longo
999 821 1361 873 castrorum
1391 809 1457 872 in
1486 831 1732 872 carcere
1757 810 2004 874 mansit.

334 907 539 972 Nemo
566 910 1048 975 mathematicus
1078 910 1336 996 genium
1360 909 1760 973 indemnatus
1780 909 2065 975 habebit:

334 1008 466 1071 Sed
495 1012 610 1095 qui
638 1034 820 1097 paene
846 1010 1037 1099 perit,
1068 1010 1173 1074 cui
1203 1009 1307 1073 vix
1337 1010 1401 1073 in
1435 1009 1718 1095 Cyclada
1744 1009 1912 1073 mitti

335 1112 647 1198 Contigit,
680 1125 745 1178 et
771 1136 970 1200 parva
998 1112 1252 1177 tandem
1278 1111 1555 1175 caruisse
1588 1110 1869 1197 Seripho,

337 1213 632 1279 Consulit
663 1216 932 1281 ictericae
961 1216 1134 1281 lento
1162 1215 1243 1280 de
1271 1215 1494 1279 funere
1523 1213 1763 1290 matris,

331 1315 509 1379 Ante
537 1328 745 1381 tamen
777 1317 857 1382 de
888 1331 974 1396 te,
1009 1315 1332 1402 Tanaquil
1363 1325 1506 1389 tua;
1555 1315 1814 1402 quando
1843 1337 2114 1380 sororem

2176 1214 2327 1281 ‘565

334 1415 580 1482 Efferat
609 1432 674 1483 et
702 1430 992 1506 patruos;
1041 1441 1123 1500 an
1153 1417 1234 1480 sit
1262 1417 1552 1481 victurus
1579 1416 1831 1481 adulter

335 1519 493 1583 Post
521 1518 763 1605 ipsam?
809 1518 968 1605 quid
998 1520 1164 1583 enim
1195 1519 1401 1604 majus
1430 1515 1581 1581 dare
1611 1518 1872 1582 numina
1899 1524 2198 1605 possunt?

420 1620 587 1683 Haec
616 1632 826 1684 tamen
846 1621 1120 1706 ignorat,
1144 1618 1305 1704 quid
1334 1617 1508 1682 sidus
1531 1617 1709 1682 triste
1737 1618 2012 1683 minetur

235 1795 427 1862 civiles,
451 1818 601 1866 quarn
622 1807 836 1859 bellicos.
858 1819 979 1867 quos
1013 1804 1253 1851 vaticiniis

245 1868 343 1913 suis
362 1870 652 1918 excitarunt.
702 1871 833 1917 Nam
851 1873 891 1916 si
914 1880 1115 1916 eventus
1130 1881 1268 1928 prae-⁴

248 1931 383 1978 dictis
403 1934 530 1979 forte
551 1937 817 1994 respondit,
836 1949 931 1981 non
952 1935 1095 1980 modo
1116 1947 1251 1978 revo-

248 2003 415 2043 cantur
447 2004 500 2043 et
529 2000 800 2046 libertatem
832 2004 1148 2059 recuperant.
1168 1998 1252 2043 sed

249 2072 477 2124 magnam
511 2076 703 2123 quoque
735 2064 917 2109 famam
950 2076 1252 2121 consequun-

247 2127 354 2169 tur.
395 2125 613 2172 Historia
635 2129 781 2173 etiam
814 2128 1035 2173 omnium
1061 2132 1260 2185 tempo·.

246 2195 353 2233 rum
370 2188 531 2241 docet.
550 2191 771 2238 fanaticis
791 2204 847 2236 ac
866 2192 1054 2236 vatibus
1069 2203 1127 2235 eo
1147 2191 1249 2235 me-

245 2251 336 2297 lius
356 2255 563 2299 consilia
585 2268 641 2301 ac
661 2260 818 2314 coepta
838 2268 927 2300 sua
949 2254 1249 2313 processisse,

244 2328 340 2375 quo
362 2317 583 2375 pluribus
614 2319 808 2365 obnoxii
828 2318 1009 2363 fuerint
1032 2317 1254 2376 periculis

245 2385 291 2424 et
313 2381 728 2428 insectationibus.
762 2382 1050 2441 Praecipum,
1071 2377 1255 2441 judicio

246 2444 506 2490 bominum
520 2447 724 2506 vulgari,
738 2450 802 2493 est
814 2445 975 2492 horum
994 2445 1254 2504 astrologo-

247 2521 377 2564 rum,
404 2509 486 2567 qui
505 2512 673 2569 saepius
694 2511 823 2556 exsul
843 2511 956 2567 fuit,
978 2508 1135 2570 qualis
1155 2509 1255 2566 ille,

248 2585 307 2619 ex
326 2569 407 2635 cuj
415 2586 473 2619 us
490 2575 825 2620 adfirmatione
845 2582 894 2620 et
917 2574 1088 2619 tabellis
1104 2579 1255 2618 astro-

249 2637 415 2696 logicis
436 2640 506 2689 (v.
529 2640 591 2684 ad
615 2653 660 2687 v.
684 2638 853 2695 553.)
841 2640 993 2698 nisque
1008 2637 1255 2684 conducen-

249 2700 337 2758 dis,
380 2715 561 2762 magna
592 2705 813 2750 mercede
853 2702 1083 2755 emendis,
1117 2713 1255 2760 spem

250 2764 435 2835 imperii
459 2767 753 2826 praecipuam
786 2767 914 2826 cepit
933 2767 1083 2843 Otho,
1100 2772 1146 2812 et
1169 2779 1253 2812 cu·

240 2824 325 2887 jus
354 2830 663 2890 potissimum
693 2832 925 2878 instinctu
958 2832 998 2875 is
1029 2830 1255 2890 mag-num

251 2892 409 2952 civem,
445 2895 648 2940 Galbam
685 2895 811 2955 Imp.
847 2895 1135 2942 trucidavit.
1169 2895 1254 2952 qui

250 2959 419 3004 amicus
442 2959 648 3005 Othonis
678 2959 892 3019 Seleucus
923 2960 1100 3004 dicitur
1122 2957 1254 3004 Suet

252 3017 361 3066 oth.
382 3022 917 3070 4-6,sed1’tolemoeus
933 3023 1104 3069 Tacito
1121 3023 1255 3069 Hist.

256 3082 294 3128 Ι.
316 3085 391 3132 22.
406 3096 455 3133 et
478 3087 765 3140 Plutarcho:
790 3089 918 3133 unde
933 3088 1151 3133 nonnulli
1168 3100 1255 3146 pu-

190 3201 198 3210 ,
254 3156 373 3207 tam,
407 3151 518 3198 haec
560 3148 777 3214 ejusdem
816 3152 1028 3197 hominis
1071 3151 1259 3197 diversa

255 3215 446 3262 nomina
463 3216 628 3263 fuisse.
663 3216 793 3262 Eum
818 3221 983 3262 tamen
1003 3215 1151 3260 fuisse
1170 3231 1257 3260 ,5ae-

252 3277 357 3333 pius
392 3281 615 3333 casulem,
658 3293 754 3324 non
788 3279 888 3330 alii
922 3281 1050 3339 qnod
1090 3280 1257 3334 sciam,

257 3343 488 3400 tradunt3
514 3350 565 3388 et
600 3358 643 3391 v.
679 3342 792 3390 558.
824 3341 936 3389 559.
970 3355 1033 3389 ex
1066 3344 1260 3403 ingenio

254 3403 373 3452 forte
394 3377 751 3467 interpolatoris
772 3407 988 3467 profecti.
1107 3414 1111 3421 “

318 3470 427 3519 560.
443 3474 569 3533 fides
588 3479 662 3518 est
683 3485 721 3516 s.
746 3472 811 3520 fit
822 3474 934 3519 arta·
941 3450 1256 3531 astrologicae.

246 3532 394 3594 ferro,
414 3536 584 3583 ferreis
603 3536 786 3583 catenis
808 3550 848 3582 s.
873 3536 1089 3584 manicis.
1146 3534 1256 3580 561.

260 3598 315 3643 1n
337 3601 504 3646 castris
538 3601 728 3646 stativis
760 3614 923 3648 carcer
951 3605 1073 3658 erat,
1101 3594 1281 3662 iisque*

257 3656 399 3708 motis
414 3665 619 3711 malefici
634 3667 815 3711 catenis
828 3665 1158 3711 trahebantur.
1178 3664 1261 3711 ef.

260 3727 322 3789 ad
344 3723 455 3777 Tac
477 3727 779 3776 Ann.1.21.
794 3736 847 3776 'et
870 3728 964 3775 111.
986 3727 1065 3776 22.
1085 3729 1136 3774 6.-

265 3798 268 3801 '
320 3789 427 3840 562.
461 3791 767 3848 indemnem,
792 3807 889 3838 non
912 3807 950 3839 s.
986 3805 1257 3852 numquam

258 3853 530 3903 damnatus.
578 3854 752 3903 habebit
778 3855 964 3918 judicio
1001 3857 1256 3902 hominum

260 3919 459 3979 vulgari,
477 3920 879 3982 adeoquehabcre
897 3921 1160 3981 putabitur.
1176 3934 1260 3995 gr·-⁸

262 3983 410 4041 nium,
443 3979 670 4047 peritiam
715 3988 832 4031 artis
878 3987 952 4030 vel
992 3986 1261 4044 ingenium.

262 4044 368 4092 563.
388 4044 435 4095 4.
460 4048 536 4095 cui
552 4050 635 4095 riis
654 4051 849 4110 contigit
869 4056 982 4096 tam·
990 4049 1117 4096 felici
1139 4062 1265 4105 esse,

261 4115 316 4154 ut
334 4112 626 4174 relegaretur
658 4119 886 4168 tantum,
905 4105 998 4160 nou
1029 4113 1263 4160 occidere-

261 4180 364 4230 tur,-
377 4183 528 4237 utque
544 4177 744 4235 tandem,
759 4179 941 4223 muitos
961 4185 1080 4237 post
1092 4190 1262 4231 annos,

175 4292 180 4297 ι
263 4239 321 4283 de
342 4242 506 4287 exsilio
530 4249 846 4288 revocaretur.
860 4241 1099 4302 QCyclada
1114 4255 1264 4288 unam

261 4313 291 4347 e
324 4301 649 4362 Cycladibus'
637 4319 732 4352 im.
767 4319 820 4351 v.·
846 4321 891 4354 c.
933 4302 1179 4365 Seriphum
1216 4312 1266 4352 et

239 4366 412 4422 alias·
445 4371 521 4415 vel
554 4383 639 4429 pro
661 4371 831 4435 quavis
853 4369 1059 4427 insuia,
1044 4381 1097 4415 ιιι
1119 4382 1266 4429 quam

695 4630 740 4652 N

1317 1805 1534 1850 damnati
1555 1805 1904 1865 relegabuntur.
1941 1806 2016 1853 cf.
2051 1820 2158 1867 sup.
2191 1807 2249 1852 ad
2285 1806 2325 1851 1.

1319 1868 1398 1916 73.
1430 1868 1624 1928 Seripho
1633 1883 1803 1929 parva,
1825 1877 1882 1916 ut
1904 1871 1992 1917 inf.
2015 1869 2077 1916 X.
2104 1869 2211 1918 170.
2252 1870 2326 1934 (et

1318 1935 1386 1979 sic
1407 1933 1531 1978 forte
1555 1947 1842 1994 parvamque
1861 1934 2087 1994 Seriphon
2120 1937 2212 1994 leg.
2243 1950 2320 1995 ap.

1316 1996 1460 2043 ovid.
1483 1996 1609 2044 Met.
1646 1998 1757 2043 vn.
1783 1996 1918 2055 464.)
1953 2013 2065 2044 nam
2093 1999 2322 2057 Seriphus

1316 2058 1451 2124 (hod.
1482 2059 1681 2123 Serfino)
1711 2061 1864 2121 patuit
1901 2070 2091 2108 tantum
2114 2063 2321 2110 circuitu

1314 2126 1413 2171 ΧΠ
1437 2125 1561 2171 mill.
1597 2139 1722 2185 pass.
1754 2125 1870 2171 vid.
1893 2128 2014 2173 Plin-
2051 2128 2135 2174 1v.
2172 2127 2247 2175 12.
2279 2141 2319 2172 s.

1315 2190 1392 2237 22.
1417 2189 1600 2235 Eadem
1622 2190 1715 2236 ins.
1736 2190 1923 2238 deserta
1942 2192 2040 2239 fuit
2061 2200 2111 2239 et
2138 2205 2324 2237 saxosa.

1318 2266 1362 2297 v.
1387 2253 1543 2300 Strab-
1568 2254 1631 2298 X
1655 2267 1704 2313 p.
1723 2252 1836 2301 48⁷.
1869 2263 1918 2301 et
1937 2257 2112 2303 Jacobs
2134 2257 2193 2301 ad
2217 2258 2321 2301 Au-

1318 2318 1435 2362 tbol.
1460 2318 1544 2368 Gr.
1572 2317 1682 2362 Vol.
1707 2318 1749 2363 1.
1773 2319 1826 2365 P.
1849 2319 1917 2365 11.
1936 2334 1980 2379 p,
2007 2318 2116 2368 175.

1382 2380 1497 2427 565.
1516 2394 1648 2440 seqq.
1666 2379 1918 2444 Ejusmodi
1940 2386 2203 2445 astrologos
2219 2395 2325 2430 eon-

1318 2444 1433 2490 tulit
1447 2444 1694 2506 Tanaquil
1705 2451 1805 2502 tua,
1823 2460 1944 2493 uxor
1958 2447 2141 2506 futura,
2157 2455 2207 2494 et
2220 2450 2328 2509 qui·

1321 2510 1432 2554 dem
1454 2508 1835 2570 delentosnnere,
1856 2512 1916 2557 de
1935 2525 2039 2563 sera
2059 2526 2101 2560 s.
2120 2515 2256 2559 tarda
2273 2523 2324 2559 et

1322 2573 1467 2617 nimis
1486 2581 1707 2621 morante
1724 2585 1879 2620 morte
1894 2577 2062 2620 matris
2084 2585 2199 2630 tuae‚
2218 2582 2325 2623 anie

1320 2638 1483 2683 omnia
1497 2641 1647 2682 tamen
1662 2636 1717 2683 de
1735 2638 1858 2693 te,de
1875 2644 1960 2684 tua
1970 2640 2324 2693 morte‚Postu·

1319 2712 1418 2756 me,
1433 2708 1529 2748 cet.
1573 2701 1698 2751 Quae
1720 2701 1853 2761 inpia
1874 2710 1987 2747 vota
2009 2710 2118 2749 tum
2136 2711 2326 2781 tempo·

1318 2764 1385 2810 ris
1406 2765 1679 2825 frequentia
1701 2773 1858 2822 erant,
1893 2774 1942 2812 et
1964 2768 2024 2813 de
2059 2768 2118 2813 iis
2151 2770 2326 2827 saepius

1317 2831 1695 2877 consulebantur
1715 2831 1955 2891 astrologi.
1989 2829 2063 2877 Cf.
2097 2844 2209 2896 sup.
2235 2832 2330 2881 111.

1318 2891 1397 2940 43.
1419 2901 1469 2939 et
1493 2895 1622 2940 Pers.
1647 2893 1716 2941 11.
1740 2893 1819 2942 10.
1833 2908 1933 2954 seq.
1944 2896 2029 2941 ubi
2051 2909 2097 2941 v.
2121 2889 2324 2945 casaub.

1318 2958 1543 3016 ictericae5
1566 2972 1664 3017 quo
1683 2958 1814 3017 inpia
1831 2961 2000 3005 mortis
2016 2972 2124 3019 spes
2140 2963 2328 3008 crescit.

1319 3023 1560 3077 letericus,
1581 3018 1811 3088 ἷκτιςιιὶς,
1846 3025 1930 3085 qui
1950 3024 2138 3070 laborat
2160 3027 2321 3084 fecero,

1320 3089 1488 3133 morbo
1507 3090 1641 3148 regio
1658 3101 1696 3132 s.
1717 3091 1939 3147 arquato,
1962 3090 2046 3147 qui
2068 3103 2096 3134 e
2124 3090 2217 3136 bile
2240 3104 2325 3150 per

1321 3156 1479 3199 totum
1501 3165 1675 3212 corpus
1695 3152 1893 3198 subtusa
1915 3149 2146 3211 nascitur,
2167 3161 2216 3200 et
2239 3169 2325 3200 no-

1321 3216 1395 3261 bis
1426 3217 1605 3273 dicitur
1640 3215 1901 3293 Geibsucht,
1931 3216 2017 3264 Gr.
2045 3215 2231 3293 fxv-ugos,
2263 3221 2326 3265 ab

1320 3293 1409 3326 ave
1446 3266 1669 3341 ejusdem
1707 3280 1936 3339 nominis,
1970 3294 2081 3341 quae
2117 3297 2249 3341 eum,
2285 3283 2329 3330 si

1322 3351 1637 3403 spectaretur,
1660 3357 1845 3398 sanare,
1868 3354 1915 3391 et
1948 3352 2055 3391 tum
2078 3346 2182 3405 ipsa
2204 3347 2329 3393 mori

1319 3410 1614 3455 credebatur.
1640 3423 1686 3457 v.
1703 3410 1831 3455 Plin.
1853 3408 1963 3454 XX.
1980 3409 2033 3453 9.
2057 3409 2230 3455 XXX.
2256 3410 2331 3457 11.

1320 3471 1575 3520 xxxvl.
1585 3472 1665 3518 31.
1685 3472 1960 3518 xxxvll.
1983 3471 2060 3518 10.
2083 3472 2331 3533 Tanaquil,

1316 3549 1516 3596 conJux‚
1530 3540 1630 3592 tua,
1646 3536 1817 3581 similis
1833 3536 2110 3596 Tanaqui1i‚
2129 3535 2334 3597 Tarqui-

1322 3602 1393 3647 nii
1417 3600 1579 3645 Prisci
1589 3601 1746 3656 uxori,
1769 3613 1880 3658 quae
1911 3605 1961 3645 et
1991 3600 2247 3659 imperiosa
2275 3615 2333 3649 ac

1324 3666 1549 3725 superba,
1573 3670 1622 3709 et
1654 3663 1941 3723 astrologiae
1956 3656 2335 3712 divinationum-

1326 3742 1421 3788 que
1461 3730 1536 3773 vel
1581 3728 1847 3779 coelestium
1873 3728 2234 3789 prodigiorum,
2273 3744 2333 3780 ut

1322 3793 1469 3853 vuigo
1503 3789 1716 3848 Etrusci,
1733 3791 2021 3850 peritissima
2041 3793 2167 3849 fuit·
2201 3801 2331 3855 quod

1323 3858 1479 3907 velex
1496 3856 1607 3904 Liv.
1629 3855 1671 3904 1.
1682 3854 1858 3902 34239.
1881 3862 1931 3901 et
1945 3855 2025 3904 41.
2049 3864 2218 3906 notum
2242 3870 2330 3909 est.

1324 3922 1437 3969 567.
1449 3921 1651 3980 Efferat
1672 3922 1818 3967 domo
1840 3927 2102 3974 mortuam.
2122 3924 2171 3968 h.
2193 3938 2235 3970 e.
2260 3940 2334 3972 se-

1324 3974 1488 4046 peliat.
1529 3987 1627 4040 (Cf.
1649 3998 1756 4046 sup.
1778 3985 1840 4031 ad
1862 3985 1906 4032 Ι.
1920 3982 2024 4046 72.)
2072 3986 2180 4032 568.
2208 3982 2334 4043 Quid

1326 4051 1449 4096 enim
1469 4053 1643 4113 majia,
1666 4048 1944 4106 obtabilius,
1968 4063 2114 4108 quam
2138 4051 2332 4113 longam

1303 4142 1304 4145 =
1328 4115 1532 4161 adulteri
1554 4115 1726 4169 vitam,
1749 4120 1800 4161 et
1831 4122 2172 4172 praematuram
2207 4130 2332 4162 mor·

1327 4184 1428 4224 tem
1468 4180 1656 4236 matris,
1694 4179 1857 4224 mariti
1891 4179 2192 4236 aliorumque
2223 4181 2339 4224 conss

1330 4244 1723 4304 sanguineorum,
1757 4253 1964 4302 quorum
1999 4253 2113 4299 opes
2152 4243 2337 4291 heredi-

1332 4312 1428 4352 tate
1450 4306 1659 4366 adcipiat
1676 4306 1700 4351 ἲ

1397 4368 1670 4417 scs-581.
1703 4368 1846 4414 Tales
1884 4367 2108 4413 muiieres
2140 4365 2340 4429 asti-6103·

1443 4451 1489 4492 Y
