2978 4920
1085 213 1113 236 l

965 325 1407 394 SATIRA
1481 305 1674 389 inv.

2236 324 2364 388 325

371 518 682 585 Barbatos
710 517 856 581 licet
872 492 1219 578 'admoveas
1249 511 1419 600 mille
1449 509 1598 574 inde
1626 496 2018 595 magistros)
2063 511 2068 518 ’

368 621 542 688 Hinc
573 620 861 695 totidem,
891 617 1107 703 cupiet
1136 615 1313 679 lauto
1341 631 1590 708 coenare
1616 623 1847 698 paratu
1893 705 1898 710 ⁴

368 724 651 809 Semper,
682 733 748 786 et
777 742 816 784 a
842 739 1074 803 magna
1099 737 1226 780 non
1255 715 1636 802 degenerare
1664 714 1896 777 cuEna.

370 823 601 887 Mitem
634 821 915 886 animum
944 831 1010 884 et
1039 840 1244 882 mores
1272 816 1536 881 modicis
1564 806 1881 880 erroribus
1909 830 2128 902 aequ‘os

2287 818 2370 881 15

370 923 695 1011 Praecipit,
724 935 921 1010 atque
950 921 1190 986 animas
1220 939 1547 984 servorum
1578 929 1643 981 et
1671 939 1937 1004 corpora
1962 930 2178 983 nostra
2205 935 2208 944 ·
2291 935 2296 944 ·

370 1027 648 1092 Materia
676 1036 963 1089 constare
991 1033 1182 1112 putat
1210 1021 1600 1108 paribusque
1629 1018 1989 1096 elementis;

368 1131 479 1193 An
509 1127 730 1193 saevire
758 1128 943 1192 docet
977 1124 1264 1203 Rutilus,
1296 1123 1409 1209 qui
1439 1122 1679 1209 gaudet
1709 1123 1937 1187 acerbo

367 1232 717 1317 Plagarum
748 1228 1042 1315 strepitu,
1074 1239 1138 1292 et
1168 1225 1407 1291 nullam
1441 1226 1661 1290 Sirena
1686 1215 1978 1312 flagellis

370 1334 742 1418 Comparat,
773 1329 1161 1417 Antiphates
1191 1327 1422 1415 trepidi
1451 1326 1623 1406 laris,
1654 1350 1727 1391 ac
1759 1326 2236 1415 Polyphemus?
2287 1332 2373 1392 20

266 1430 271 1436 ’
368 1433 546 1498 Tum
576 1431 755 1509 felix,
789 1429 1039 1517 quoties
1068 1428 1299 1515 aliquis
1314 1439 1568 1494 tortore
1596 1440 1822 1494 vocato

371 1531 607 1596 Uritur
636 1531 883 1596 ardenti
914 1531 1047 1596 duo
1075 1533 1336 1617 propter
1364 1529 1562 1595 lintea
1588 1529 1774 1594 ferro.

372 1633 546 1713 Quid
578 1633 801 1699 suadet
828 1633 1054 1719 juveni
1086 1631 1272 1695 laetus
1299 1629 1571 1696 stridore
1598 1643 1859 1710 catenae,

372 1737 578 1812 Quem
608 1735 764 1799 mire
794 1733 1102 1798 adficiunt
1129 1732 1432 1819 inscripta
1458 1731 1803 1818 ergastula,
1833 1755 2042 1798 carcer
2085 1735 2086 1738 ’

374 1837 724 1902 Rusticus?
771 1837 1148 1923 ExspectaS,
1180 1847 1254 1900 ut
1284 1856 1409 1898 non
1441 1833 1523 1898 sit
1552 1833 1845 1899 adultera
1873 1835 2107 1920 Largoe

2290 1836 2374 1898 25

375 1939 563 2017 Filia,
594 1963 742 2027 quae
772 1961 1104 2025 nunquam
1134 1949 1450 2002 maternos
1477 1935 1687 2000 dicere
1715 1937 1993 2002 moechos

377 2043 545 2105 Tam
574 2041 724 2117 citu,
756 2064 871 2105 nec
900 2052 1078 2105 tanto
1105 2039 1341 2127 poterit
1370 2050 1704 2104 contexere
1733 2029 1948 2120 cursu,

375 2145 473 2209 Ut
503 2165 628 2207 non
659 2155 760 2208 ter
789 2143 994 2207 decies
1022 2143 1335 2228 respiret?
1383 2143 1652 2207 Conscia
1679 2143 1868 2207 matri

289 2291 526 2340 solebant.
592 2291 672 2341 cf.
690 2292 818 2341 Gell.
838 2293 874 2340 l.
895 2308 938 2341 c.
959 2309 1073 2340 cana
1085 2293 1213 2357 gula,
1235 2307 1305 2341 se·

290 2372 387 2404 nex
409 2356 612 2419 gulosuS,
634 2365 768 2421 pater
786 2357 908 2421 gulae
922 2356 1166 2406 delicate.

370 2422 443 2469 11.
477 2420 766 2484 Designatur
791 2421 1015 2488 septimus
1044 2421 1196 2470 aetatis
1224 2435 1308 2470 an·

292 2485 675 2598 nuihqugapiiciltli
696 2485 862 2563 dentes
883 2486 1122 2598 excidtlilplt.
1206 2550 1238 2598 h

431 2583 445 2598 .
551 2568 578 2596 r
649 2568 693 2598 os
842 2562 965 2609 snos,
1094 2565 1174 2600 oso
1239 2565 1306 2607 os,

294 2614 381 2679 qui
402 2615 595 2664 barbam
615 2569 890 2671 debffiut
907 2631 983 2680 ap.
1044 2630 1134 2664 erS.
1151 2567 1244 2664 liis.
1265 2616 1310 2663 1.

294 2688 347 2727 et
379 2679 442 2729 al.
474 2681 715 2738 admoveas,
742 2680 968 2729 adhibeas
1000 2679 1062 2727 ad
1095 2679 1309 2728 erudien-

293 2745 411 2792 dam
445 2744 883 2809 emendandamque
918 2753 1139 2800 mentem,
1171 2759 1314 2808 pravo

297 2809 447 2874 patris
483 2809 704 2858 luxuriosi
741 2809 956 2874 exemplo
989 2808 1312 2873 depravatam.

305 2875 385 2921 13.
419 2884 603 2934 parata,
657 2874 902 2938 adparatu.
991 2875 1066 2922 14.
1104 2877 1313 2922 venuste

298 2952 404 3002 pro,
429 2951 459 2984 a
489 2945 681 3002 paterno
702 2938 817 2986 luxu
848 2936 978 2987 haud
999 2937 1245 2988 deflectere
1265 2946 1314 2986 et

300 2999 443 3066 quasi
464 3001 762 3064 degenerare.

375 3067 578 3113 15-20.
614 3065 744 3113 Num
761 3064 1056 3116 clementiam
1077 3074 1208 3131 pater
1224 3065 1313 3114 mi-

302 3138 496 3192 temque
543 3129 790 3192 justitiam,
834 3145 940 3192 quae
994 3130 1179 3194 placide
1227 3129 1316 3178 fert

302 3209 451 3260 parva
493 3193 682 3252 delicta,
722 3208 784 3241 an
818 3193 1141 3242 crudelitatem
1181 3194 1318 3243 docet

303 3258 442 3313 filios,
468 3258 580 3305 dum
600 3258 652 3306 in
672 3273 826 3307 servos
857 3265 1041 3322 propter
1061 3259 1185 3308 levia
1206 3275 1314 3324 pec-

306 3331 417 3371 cata
436 3323 594 3386 flagris
614 3322 778 3372 saevit‘l
838 3324 913 3370 16.
944 3332 1094 3370 vaostra
1112 3327 1315 3380 materia,

304 3403 366 3435 ex
387 3387 570 3445 eadem,
593 3402 653 3436 ex
676 3403 771 3451 qua
795 3386 995 3434 formata
1017 3395 1126 3435 sunt
1144 3394 1317 3437 nostra.

310 3454 433 3509 Quae
456 3454 600 3501 verba
625 3450 823 3514 jungere
848 3450 1028 3507 malim,
1050 3467 1191 3515 quam
1212 3467 1319 3500 cum

309 3517 500 3564 Wakef.
523 3518 585 3565 ad
604 3518 789 3565 Lucret.
807 3517 907 3564 III.
922 3517 1036 3564 375.
1053 3515 1317 3573 emendare,

313 3579 511 3628 Materia
549 3591 746 3629 cmtstare
788 3583 893 3642 pari
929 3582 1192 3642 paribusque
1234 3581 1321 3628 ele·

313 3647 485 3691 mentis.
538 3646 613 3692 16.
639 3646 716 3693 17.
739 3644 816 3694 Cf.
836 3659 942 3708 sup.
965 3644 1056 3692 VI.
1075 3647 1186 3694 222.
1244 3645 1322 3694 18.

311 3708 519 3781 Rutilus,
542 3708 680 3758 homo
701 3709 816 3760 forte
847 3709 975 3758 illius
996 3709 1164 3768 aetatis,
1188 3708 1321 3758 nobis

311 3789 328 3819 ι
362 3781 514 3822 notus·
572 3788 575 3793 ·

327 3789 360 3837 g
383 3840 456 3887 19.
492 3837 589 3896 Qui
627 3839 842 3887 Sirenum
879 3846 1070 3887 cantum
1107 3837 1194 3900 (de
1229 3854 1323 3903 quo

314 3918 359 3949 v.
383 3903 445 3951 ad
471 3904 564 3951 IX.
595 3904 732 3968 150.)
760 3918 853 3951 non
886 3919 1021 3967 aeque
1053 3918 1243 3951 suavem
1276 3911 1325 3952 et

315 3966 479 4015 auditu
493 3968 759 4032 jucundum
781 3975 930 4032 putat,
953 3984 1009 4017 ac
1041 3982 1205 4016 sonum
1235 3968 1320 4016 fla-

313 4031 559 4093 gellorum.

377 4097 457 4143 20.
493 4097 591 4156 Qui
629 4095 909 4145 saevissimus
940 4095 989 4142 in
1022 4110 1130 4142 suos
1161 4103 1319 4160 tyran-

316 4173 404 4207 nus
423 4168 510 4208 est.
544 4161 656 4215 Lar,
680 4160 845 4209 domus
863 4168 913 4208 et
931 4159 1013 4222 qui
1041 4159 1092 4206 in
1117 4176 1174 4209 ea
1197 4169 1322 4218 sunt,

318 4221 368 4270 h.
387 4223 422 4272 l.
443 4225 562 4288 inpr.
596 4226 733 4274 servi.
764 4226 1037 4286 Antiphates,
1062 4225 1187 4272 Laest
1243 4242 1323 4289 go-

320 4301 431 4335 num
465 4305 565 4346 rex,
597 4289 860 4339 notissimus
896 4304 953 4337 ex
988 4288 1129 4336 Hom.
1152 4290 1197 4336 O
1233 4306 1327 4353 yss.

323 4357 382 4401 K.
406 4354 513 4403 114.
533 4370 632 4419 seq.
662 4362 710 4405 et
731 4353 873 4403 ovid.
904 4353 1028 4405 Met.
1058 4354 1196 4402 XIV.
1216 4356 1330 4404 233.

1370 2306 1467 2355 seq.
1480 2297 1535 2339 ut
1554 2291 1845 2355 Polyphemus
1863 2294 2068 2360 Cyclops
2077 2310 2136 2343 ex
2149 2295 2322 2359 Odyss.
2334 2296 2380 2344 1.

1371 2356 1452 2405 68.
1470 2356 1564 2405 IX.
1582 2358 1850 2405 182-542.
1868 2358 2004 2422 Virg.
2023 2361 2139 2407 AEn.
2153 2360 2253 2408 111.
2267 2361 2381 2409 618.

1371 2435 1519 2534 seq&
1528 2421 1929 2548 ‹23331215331
1962 2486 2162 2544 videtur,
2187 2488 2383 2551 gaudet.

1371 2551 1452 2598 22.
1474 2551 1646 2598 Arcms
1663 2551 1865 2614 ferrum,
1886 2550 2075 2599 laminae
2107 2552 2323 2601 ardentes
2340 2569 2384 2604 S.

1373 2612 1648 2671 candentes,
1702 2615 2008 2677 quaestionum
2060 2616 2383 2680 cruciatusque

1374 2682 1699 2728 instrumenta.
1739 2688 1917 2740 propter
1961 2682 2113 2736 lintea,
2157 2695 2230 2728 res
2271 2681 2388 2730 viles

1377 2743 1574 2791 amissas
1605 2751 1654 2792 et
1684 2742 1987 2800 desideratas,
2021 2745 2099 2793 vel
2136 2744 2245 2794 dolo
2275 2746 2384 2794 sub·

1376 2823 1424 2857 re
1458 2816 1548 2855 tas.
1983 2820 1990 2825 ”
2229 2836 2232 2839 Δ

1425 2823 1521 2920 p23.
1556 2871 1683 2931 Quid
1708 2872 1854 2921 filium
1888 2872 2026 2923 docet
2055 2880 2189 2940 pater
2219 2874 2385 2924 crude-

1377 2934 1451 2991 lis,
1473 2936 1555 3000 qui
1576 2937 1838 2986 delectatur
1864 2946 1956 2987 stre
1991 2939 2059 2986 itu
2091 2938 2387 3004 compedum,

1376 3000 1548 3064 quibus
1567 3003 1686 3050 servi
1706 3002 1757 3050 in
1778 3011 1965 3066 ergastu
1986 3003 2025 3050 is
2044 3003 2342 3052 vinciuntur!

1438 3066 1524 3114 24.
1555 3067 1681 3122 mire,
1703 3065 1822 3114 mira
1838 3067 2095 3133 voluptate.
2143 3067 2391 3134 Erga-scula

1379 3144 1534 3194 propr.
1566 3147 1718 3178 carcer
1750 3134 1973 3180 rusticus:
2013 3147 2123 3180 nam
2162 3131 2212 3179 in
2243 3132 2387 3192 villis,

1381 3209 1476 3241 non
1507 3194 1559 3242 in
1590 3194 1775 3260 oppidis
1805 3203 1954 3251 erant,
1977 3202 2025 3244 et
2056 3196 2246 3260 quidem
2278 3199 2390 3246 sub-

1380 3265 1609 3332 terranea,
1644 3260 1852 3324 angustis
1882 3261 2130 3309 inlustrata
2162 3261 2390 3319 fenestria

1379 3338 1429 3371 m
1449 3339 1555 3388 quae
1585 3324 1953 3374 detrudebantur
1979 3325 2116 3381 servi,
2140 3326 2238 3374 sive
2269 3327 2389 3390 fugi-

1381 3387 1466 3435 tivi
1502 3404 1572 3437 ac⁴
1592 3389 1723 3446 mali,
1757 3389 1854 3437 sive
1890 3390 2081 3454 captivi,
2115 3390 2304 3437 barbari
2336 3404 2392 3438 ac

1385 3450 1515 3500 viles.
1568 3452 1668 3517 (Cf.
1686 3468 1791 3517 sup.
1811 3453 1964 3501 VIII.
1993 3451 2126 3526 180.)
2174 3451 2339 3513 Sedh.
2361 3454 2396 3502 1.

1382 3517 1609 3580 ergastula
1639 3524 1749 3564 sunt
1780 3517 1883 3582 ipsa
1915 3515 2167 3582 mancipia,
2198 3524 2251 3564 ut
2282 3517 2396 3568 alibi

1384 3582 1579 3638 servitia,
1595 3583 1785 3637 stabula,
1807 3580 2069 3646 naufragia,
2086 3584 2281 3644 aucupia
2302 3591 2396 3634 cet·

1388 3643 1529 3692 abstr.
1552 3661 1636 3710 pro
1655 3662 1811 3694 concr.
1833 3646 1909 3694 vel
1936 3646 2162 3709 ergastula
2182 3648 2397 3711 inscripta

1384 3717 1625 3767 vocantur,
1646 3711 1696 3758 in
1725 3709 1896 3775 quibus
1924 3719 2036 3759 sunt
2066 3711 2302 3777 mancipia
2321 3716 2393 3761 in-

1385 3776 1565 3834 scripta,
1595 3774 1644 3822 h.
1664 3792 1707 3825 e.
1740 3775 1957 3838 stigmate
1987 3775 2063 3824 vel
2090 3774 2224 3839 signo
2253 3777 2395 3826 fronti

1385 3837 1541 3886 inusto
1561 3845 1739 3896 notata,
1756 3847 1811 3887 ut
1832 3843 1945 3889 servi
1964 3842 2184 3902 inseripti,
2206 3841 2391 3898 literati,

1387 3904 1529 3951 inusti
1575 3911 1624 3952 et
1663 3907 1874 3954 barbarus
1914 3905 2102 3970 (servus
2150 3904 2400 3967 fugitivus)

1386 3977 1669 4029 compuncti&
1682 3973 1795 4018 notis
1808 3969 2055 4036 (clypaeo)
2072 3968 2298 4035 Threiciis.
2315 3967 2395 4018 Cf.

1387 4047 1493 4095 sup.
1517 4032 1578 4080 ad
1599 4034 1664 4082 X.
1690 4035 1800 4083 183.
2285 4072 2290 4077 -

1448 4099 1532 4146 25.
1564 4111 1663 4162 seq.
1696 4099 1773 4148 Cs.
1791 4099 1981 4149 omnino
2013 4113 2115 4160 sup.
2152 4094 2247 4144 VI.
2279 4097 2395 4146 232.

1388 4177 1488 4226 seq.
1522 4164 1636 4212 239.
1669 4178 1799 4228 seqq.
1836 4163 1994 4225 ibique
2031 4166 2129 4207 not.
2165 4169 2395 4221 exspectas,
2466 4181 2472 4186 ·

1388 4229 1637 4291 sperasne?
1671 4227 1748 4276 cf.
1772 4228 1832 4275 ad
1855 4227 1949 4274 VI.
1969 4226 2047 4271 75.

1454 4292 1535 4339 27.
1567 4302 1803 4345 contexere,
1821 4288 1982 4338 ordine
2004 4299 2255 4343 recensere,
2279 4296 2400 4336 tanta

1392 4371 1546 4411 cursu,
1591 4362 1688 4404 tam
1737 4354 1848 4404 cito.
1911 4354 1990 4403 28.
2033 4353 2202 4403 conscia
2245 4356 2398 4410 nutri,
