2978 4920
569 323 704 387 M

1253 319 1945 388 -JUVENALIS

655 508 764 573 Nil
794 507 883 573 ibi
910 471 1224 594 majorum
1254 521 1601 596 respectus,
1634 508 1842 596 gratia
1870 508 2048 573 nulla

654 612 1082 676 Umbrarum:
1130 610 1418 675 dominos
1446 610 1669 698 pretiis
1696 615 1946 675 mutare
1966 611 2294 697 jubentur.

2564 611 2675 678 265

645 712 951 800 Exiguis,
981 711 1262 798 tritoque
1291 712 1559 777 trahunt
1587 711 1914 799 epirhedia
1942 712 2105 776 collo

655 813 1061 900 Segnipedes,
1093 812 1397 900 dignique
1426 814 1658 878 molam
1686 836 1935 877 versare
1966 814 2257 901 Nepotis,

652 915 831 998 Ergo
859 924 935 977 ut
963 912 1264 977 miremur
1292 928 1377 993 te,
1407 937 1535 978 non
1564 928 1699 991 tua,
1731 914 2010 1001 primum
2039 914 2284 1001 aliquid
2314 914 2420 994 da,

653 1014 843 1091 Quod
872 1013 1104 1101 possim
1134 1014 1340 1079 titulis
1367 1015 1645 1079 incidere
1673 1025 1907 1101 praeter
1934 1014 2226 1093 honoreS,

655 1113 838 1189 Quos
867 1115 989 1178 illis
1017 1115 1242 1179 damus
1269 1127 1334 1180 et
1357 1116 1673 1192 dedimus,
1705 1115 1942 1201 quibus
1970 1115 2183 1180 omnia
2209 1109 2418 1181 debes.

2574 1118 2662 1185 70

739 1216 901 1279 Haec
932 1215 1082 1280 satis
1109 1216 1193 1280 ad
1214 1217 1535 1302 juvenem,
1561 1239 1752 1302 quem
1781 1217 1966 1280 nobis
1992 1215 2163 1281 fama
2191 1218 2540 1302 superbum

652 1316 885 1380 Tradit
907 1321 971 1381 e't
999 1315 1291 1380 inflatum
1318 1316 1706 1403 plenumque
1737 1318 1990 1380 Nerone
2017 1316 2398 1404 propinquo.

654 1418 867 1481 Rarus
895 1417 1060 1481 enim
1090 1418 1289 1482 ferme
1318 1441 1537 1483 sensus
1565 1416 1914 1482 communis
1941 1417 2007 1481 in
2036 1417 2146 1482 illa

653 1519 959 1583 Fortuna.

566 1721 694 1756 mm
715 1704 1008 1755 nobilitatem
1027 1704 1185 1753 fuisse.
1250 1704 1331 1753 63.
1355 1705 1582 1766 Hirpinus

568 1785 740 1820 nomen
769 1769 878 1830 equi
912 1769 1228 1833 generosioris,
1251 1770 1339 1832 (ab
1366 1770 1582 1835 Hirpinis

568 1835 686 1884 sorte
706 1835 772 1884 sic
794 1834 936 1896 dicti)
954 1848 1032 1898 ap.
1053 1834 1263 1882 Martial.
1287 1834 1483 1882 111.63.
1504 1836 1581 1883 12.

566 1898 685 1949 etin
704 1908 797 1947 vet.
819 1897 991 1963 lapide,
1015 1896 1073 1944 de
1095 1913 1189 1961 quo
1207 1915 1252 1946 v.
1272 1898 1404 1962 Lips.
1426 1899 1579 1963 Epist.

572 1965 716 2014 Cent-
749 1964 851 2012 III.
881 1963 960 2010 36.
992 1965 1030 2010 εἰ
1059 1978 1185 2018 rara,
1219 1977 1339 2017 rare,
1358 1965 1496 2027 jugo,
1530 1963 1580 2012 in

569 2044 725 2087 curru,
765 2027 957 2074 Victoria
991 2026 1128 2090 (nam
1161 2026 1229 2074 ita
1264 2026 1580 2085 scribendum,

569 2099 624 2139 ut
641 2105 839 2156 persona
859 2090 945 2154 sit)
964 2093 1090 2145 sedit,
1115 2090 1163 2139 h.
1186 2107 1228 2140 e.
1251 2090 1290 2138 si
1310 2107 1412 2139 raro
1433 2107 1583 2165 equus

567 2156 620 2212 in
638 2155 894 2205 certamine
916 2155 1067 2214 curuli
1084 2170 1122 2204 s.
1155 2155 1280 2204 ludis
1298 2155 1583 2206 circensibus

570 2220 698 2272 uicit.

577 2329 580 2340 .
634 2286 713 2335 64.
747 2288 825 2342 ibi,
857 2284 908 2333 in
942 2283 1015 2333 his
1053 2285 1200 2348 equis.
1266 2286 1349 2334 65.
1389 2286 1578 2334 Umbra-

567 2367 690 2406 rum,
720 2349 956 2407 Manium,
983 2349 1030 2397 h.
1061 2350 1095 2397 l.
1126 2350 1195 2399 id.
1227 2351 1309 2414 qd.
1343 2353 1578 2412 majorum.

565 2418 759 2467 dominos
801 2424 976 2464 mutare
1012 2416 1253 2477 jubentur,
1295 2414 1578 2465 venduntur.

626 2483 794 2531 ’rhedia
811 2496 917 2531 cum
937 2480 1094 2546 simpl.
1112 2497 1156 2537 r,
1171 2489 1333 2530 contra
1350 2480 1578 2530 rationem

567 2498 812 2603 grecam,
830 2546 963 2595 metri
984 2560 1144 2595 causa.
1198 2547 1278 2594 67.
1301 2547 1578 2611 Segnipedoe,

563 2609 845 2686 βςᾳδῦσοδει.
915 2611 1046 2659 Molis
1069 2612 1290 2659 ver-sandix
1312 2610 1469 2659 asellae
1492 2610 1577 2658 ad·

565 2675 717 2726 hiberi
748 2678 978 2726 solebant.
1045 2674 1205 2738 Nepos,
1222 2676 1423 2735 molitor,
1443 2674 1580 2739 eujus

565 2749 615 2790 et
634 2741 873 2791 Martialis
893 2740 1173 2789 mentionem
1192 2740 1320 2788 facit.

625 2808 709 2855 68.
743 2821 793 2855 se
829 2840 841 2854 .
874 2804 1109 2853 Praeclara
1134 2795 1405 2859 admonitio,
1426 2803 1578 2851 omni·
1606 2862 1611 2865 ,

565 2868 654 2919 bus
694 2868 774 2919 inc
827 2868 983 2918 canda
1023 2867 1273 2919 nobilibus.
1339 2877 1382 2916 te
1421 2866 1575 2933 ipsum

565 2940 765 2998 tuasque
784 2934 995 2988 virtutes,
1016 2950 1103 2981 non
1137 2942 1234 2991 tua,
1253 2930 1451 2997 majores
1472 2941 1577 2981 tuos

564 3013 816 3061 eorumque
845 2998 1094 3062 imagines,
1114 3012 1264 3062 genus
1282 3005 1332 3046 et
1361 2997 1577 3062 gloriam.

568 3062 859 3125 Comparant
917 3078 944 3111 e
999 3061 1106 3126 egia
1160 3064 1350 3111 Seneca
1404 3061 1573 3111 verba:

565 3124 673 3193 Non
691 3134 754 3173 est
775 3136 921 3182 tuum,
981 3137 1144 3175 ortana
1162 3127 1405 3192 quodfecit
1424 3136 1573 3184 tuum,

563 3197 615 3243 et
626 3188 789 3239 Ovidii
799 3192 947 3254 (Met.
961 3191 1112 3240 XIII.
1130 3190 1264 3253 140.)
1286 3190 1408 3240 Nam
1414 3208 1571 3256 genus,

563 3263 608 3305 et
632 3270 829 3316 pomum,
850 3264 892 3304 et
920 3271 1022 3318 qua·
1042 3272 1131 3304 non
1147 3255 1346 3320 fecimus
1366 3258 1466 3317 ipsi,
1493 3257 1575 3305 Vis

561 3337 616 3368 ea
646 3328 794 3368 naara
819 3337 957 3377 -nooo3
999 3334 1105 3383 quae
1138 3329 1295 3369 tamen
1325 3319 1475 3384 magis
1509 3320 1573 3369 ad

562 3382 905 3439 inlustrandam
917 3385 1184 3440 verborum,
1201 3394 1256 3433 ut
1276 3395 1319 3434 te
1337 3386 1569 3442 miremur,

559 3465 704 3515 quam
756 3450 838 3499 τοῦ
872 3461 970 3506 tua,
1011 3449 1289 3498 sententiam
1338 3457 1571 3515 spectant.

559 3517 747 3577 Aliquid
767 3514 979 3580 praeclari
994 3516 1071 3570 da,
1093 3515 1199 3572 ede,
1222 3515 1314 3572 fac,
1338 3529 1442 3579 age.
1489 3515 1572 3564 69.

561 3579 766 3629 luciam
786 3582 946 3637 titulis,
966 3578 1071 3629 basi
1097 3588 1265 3629 statuae
1296 3588 1406 3629 tuae.
1438 3581 1572 3628 hono·

557 3661 645 3700 ru,
668 3644 1100 3709 titulos.majorum·.
1167 3646 1247 3695 70.
1266 3647 1373 3700 illis,
1402 3660 1571 3711 paren·

559 3708 706 3765 tibus,
736 3712 892 3772 quibus
920 3713 1043 3759 debes
1072 3712 1235 3768 omnia,
1265 3724 1451 3760 omnem
1488 3709 1572 3758 ho·

560 3789 717 3825 norem
740 3782 789 3821 ot
806 3773 1056 3824 fortunam.

559 3882 564 3887 ,
624 3838 701 3887 71.
719 3840 932 3898 juvenem
940 3877 954 3899 ,
975 3838 1263 3888 Rubellium.

559 3947 564 3951 .
622 3904 703 3952 72.
735 3902 815 3953 Cf.
844 3919 948 3968 sup.
983 3903 1044 3952 ad
1076 3919 1123 3950 v.
1150 3905 1231 3953 39.
1252 3917 1352 3967 seq.
1379 3904 1565 3965 plenum

558 3969 737 4019 Nm
751 3971 1008 4031 propinquo,
1032 3966 1114 4030 qui
1136 3982 1320 4031 semper
1338 3967 1389 4014 in
1410 3974 1566 4014 mente

555 4042 605 4083 et
622 4050 702 4083 ore
717 4033 863 4082 habet
893 4030 1283 4096 propinquitatem
1305 4030 1564 4094 Imperato·

556 4098 636 4155 ris,
660 4113 763 4163 quat
793 4097 884 4161 ipsi
909 4095 1061 4160 magis
1089 4094 1293 4144 tacenda
1311 4105 1399 4152 est,
1422 4109 1565 4159 quam

545 4161 793 4226 jactanda.

557 4272 560 4277 .
619 4230 698 4277 73.
731 4225 933 4282 Acorbe,
955 4224 1038 4274 sed
1065 4225 1200 4273 vere!
1235 4224 1418 4271 Sensum
1448 4239 1564 4271 com·

551 4309 732 4343 mnan
742 4291 1053 4341 Casaubonus
1073 4288 1134 4337 ad
1148 4290 1277 4338 Suet.
1292 4288 1463 4337 Claud.
1481 4289 1564 4336 21.

551 4357 771 4421 capiebat
810 4355 872 4406 de
921 4355 1141 4404 comitate
1193 4354 1266 4403 vel
1320 4353 1564 4409 civilitate,

1053 1519 1179 1583 Sed
1209 1530 1273 1583 te
1301 1519 1537 1583 censeri
1568 1518 1757 1583 laude
1787 1530 2069 1596 tuorum,

1643 1717 1750 1768 quae
1784 1703 2064 1754 conveniens
2095 1704 2155 1753 sit
2185 1704 2296 1763 civi,
2314 1720 2412 1770 qua
2440 1705 2561 1756 civis
2578 1706 2658 1764 sit,

1645 1776 1693 1816 et
1726 1784 1831 1832 quae
1866 1771 1997 1818 Suet.
2029 1769 2127 1819 Tit.
2146 1771 2195 1818 8.
2222 1774 2516 1833 popularitas,
2539 1772 2660 1819 Pla-

1646 1833 1742 1881 toni
1780 1835 1996 1887 «σλιπ-αὶ
2030 1843 2079 1882 et
2115 1836 2308 1883 Senecae
2335 1839 2468 1897 juris
2506 1839 2659 1884 civilis

1643 1899 1871 1961 «equalitas
1919 1898 2114 1947 dicatur.
2192 1900 2380 1948 Ernesti
2431 1900 2484 1948 in
2531 1900 2658 1950 clav.

1646 1962 1749 2011 Cic.
1770 1979 1939 2011 sermtm
1960 1979 2227 2011 communem
2248 1963 2464 2013 Ciceroni
2499 1974 2659 2014 monet

1645 2025 1738 2077 dici
1759 2028 2022 2076 naturalem
2047 2027 2321 2077 facultatem
2341 2028 2660 2092 intelligendi,

1638 2090 1902 2154 Judicandi,
1928 2099 1993 2148 et,
2018 2092 2144 2157 quod
2174 2092 2354 2141 bonum
2384 2102 2659 2158 rectumque

1646 2155 1722 2210 sit,
1773 2156 2100 2220 cognoscendi.
2164 2156 2260 2205 Sed
2309 2149 2544 2221 Spalding
2594 2159 2656 2206 ad

1644 2219 1848 2277 Quintil.
1884 2222 2002 2269 Inst.
2045 2220 2131 2269 Or.
2169 2221 2214 2270 Ι.
2246 2223 2296 2270 2.
2328 2223 2412 2271 20.
2446 2222 2656 2286 (Seruum

1640 2287 1802 2346 ipsum,
1840 2288 1917 2349 qui
1948 2286 2188 2334 communis
2219 2287 2409 2343 dicitur,
2440 2288 2519 2334 ubi
2558 2289 2656 2349 quis

1642 2351 1792 2409 discet,
1807 2367 1942 2413 quum
1957 2366 2000 2398 se
2013 2369 2043 2398 a
2055 2365 2302 2415 congr-mu,
2315 2353 2393 2413 qui
2404 2368 2492 2399 non
2513 2351 2654 2399 honi-

1643 2416 1771 2463 m‘bus
1787 2417 1925 2464 solum
1946 2417 2020 2464 sed
2047 2417 2184 2463 mutis
2202 2431 2368 2479 quoque
2388 2416 2655 2466 animalibus

1641 2482 1865 2529 naturalis
1885 2490 1964 2534 est,
1985 2482 2231 2545 segregarit
2241 2480 2289 2544 11)
2313 2480 2452 2529 docte
2469 2480 2539 2530 ita
2554 2480 2653 2529 dis·

1642 2551 1805 2608 putat:
1841 2552 1874 2574 ‘⁴
1897 2545 1971 2593 Ex
2004 2544 2107 2600 hoc,
2133 2543 2259 2609 quod
2280 2545 2526 2610 subjicitur
2545 2553 2654 2611 post

1639 2622 1787 2657 reum
1826 2608 2126 2665 vocabulum,
2169 2608 2367 2674 adparet
2406 2609 2547 2675 vulgo
2586 2610 2656 2660 ita

1643 2671 1930 2738 adpellatam
1950 2671 2092 2722 fuisse
2118 2673 2244 2722 hanc
2273 2672 2419 2723 animi
2452 2675 2653 2725 faculta-

1642 2743 1768 2799 tem3
1811 2738 1955 2802 quod,
1988 2736 2039 2785 ni
2075 2737 2228 2793 fallor,
2267 2746 2408 2788 aetate
2445 2739 2652 2804 Augusti

1641 2800 1830 2850 demum
1850 2802 1950 2852 fieri
1972 2802 2136 2868 coepit,
2157 2803 2378 2852 Ciceroni
2408 2819 2506 2852 non
2533 2804 2657 2853 adeo

1632 2865 1879 2916 usitatum.
1942 2866 2087 2932 Apud
2106 2867 2233 2917 hunc
2250 2866 2378 2916 enim
2409 2867 2653 2917 licetsatis

1639 2930 1899 2995 frequenter
1917 2948 2090 2981 sensum
2110 2944 2379 2981 communem
2395 2931 2544 2997 legas,
2567 2933 2651 2981 ad-

1633 2994 2659 3135 {ss‘zzfffirssrssffisdus

1638 3124 1754 3175 tioni
1793 3124 2179 3190 significationem
2212 3124 2410 3175 tribuas.
2474 3126 2536 3174 Id
2574 3134 2648 3176 ta·

1638 3189 2147 3304 ἰῗιὲθὲιέωόῗῗῗ
2173 3190 2384 3318 iffi&
2403 3189 2651 3304 fiam

1638 3287 1766 3376 nott,
1785 3287 1984 3383 iiatelligi
2001 3288 2221 3384 usqimi
2238 3288 2404 3369 {mes
2434 3319 2651 3368 hommes*
2548 3319 2560 3329 ·

1632 3382 1853 3439 sentiant,
1876 3384 1962 3438 τὰς
1983 3382 2125 3438 κοινὸς
2150 3382 2319 3441 lmine,
2342 3383 2514 3433 sivein
2528 3384 2653 3432 veri·

1634 3455 1733 3498 tate
1767 3463 1923 3498 rerum
1955 3448 2237 3515 judicanda,
2273 3449 2373 3497 sive
2410 3447 2463 3496 in
2502 3448 2649 3498 hone·

1634 3520 1771 3562 state.
1836 3512 1950 3562 Non
1990 3512 2130 3577 igitur
2182 3510 2368 3578 proprie
2404 3511 2578 3562 dieitur
2616 3526 2647 3561 a

1637 3577 1741 3626 Cic.
1758 3593 1904 3625 misus
1917 3579 2171 3633 carantanis,
2187 3585 2241 3625 ut
2259 3591 2345 3642 per
2362 3591 2415 3626 se
2432 3575 2584 3643 pouit
2599 3585 2647 3626 et

1634 3641 1806 3690 debeat
1840 3640 2059 3706 intelligi,
2093 3641 2178 3690 sed
2212 3656 2298 3707 pro
2327 3656 2381 3691 re
2414 3648 2563 3703 nata3
2600 3648 2648 3692 et

1632 3704 1867 3755 interdum
1883 3722 1967 3772 pro
1977 3723 2035 3756 eo
2050 3713 2123 3754 est
2133 3706 2374 3755 communis
2386 3708 2646 3766 prudentia,

1631 3773 1791 3832 opinio,
1810 3787 1960 3829 mmm
1984 3771 2070 3834 (de
2091 3770 2198 3820 Pin.
2217 3770 2314 3821 lv.
2332 3770 2416 3819 27.
2451 3770 2554 3820 Off.
2573 3771 2646 3820 11.

1638 3837 1712 3884 10.
1744 3836 1805 3884 de
1832 3836 1920 3886 Or.
1950 3836 2054 3884 III.
2083 3835 2193 3909 29.)
2223 3834 2371 3884 etiam
2403 3850 2649 3885 mmmm

1629 3916 1722 4012 ⁵0⁸‘''⁸.
1727 3898 2416 4029 “0⁸.¹'1¹1¹1¹{;.¹¹b¹i¹1²122‘1¹2¹3¹‹32‘>¹¹{‚1{‘1¹22
2426 3899 2645 4029 ἷζοῗᾶἰ

1630 4032 1719 4083 aare
1738 4028 1920 4083 involare.
1974 4028 2230 4094 Scriptum
2248 4035 2408 4077 tamen
2427 4029 2520 4078 sub
2537 4028 2642 4077 Au·

1627 4101 1765 4158 gusto
1785 4109 1933 4158 eoque
1965 4092 2244 4142 recentiores
2265 4093 2482 4143 absolute
2506 4107 2639 4142 usm-

1661 4165 1759 4215 ant,
1792 4166 1845 4206 ut
1876 4158 2046 4206 Horat.
2079 4159 2180 4207 Sat.
2207 4156 2253 4206 Ι.
2282 4159 2331 4206 3.
2361 4158 2444 4206 66.
2465 4157 2491 4216 (
2495 4157 2574 4206 ubi
2594 4171 2642 4205 ν.
2684 4212 2689 4217 ,

1702 4222 1816 4285 ntl.)
1838 4222 2027 4271 Phaeds.
2049 4223 2092 4271 Ι.
2115 4224 2164 4270 7.
2195 4222 2379 4271 Seneca
2399 4233 2449 4271 et
2464 4223 2497 4272 J
2501 4230 2637 4271 uven-

1629 4286 1780 4336 vm.
1803 4287 1883 4335 73.
1931 4286 2090 4335 Sensus
2106 4300 2219 4351 eigo
2236 4288 2481 4336 eommunis
2498 4287 2638 4336 etiam

1628 4346 1706 4399 hic
1738 4358 1812 4401 est
1851 4351 2017 4403 notitia
2057 4365 2235 4409 eorum,
2266 4366 2393 4416 quae-
2414 4365 2553 4401 nosse
2593 4356 2639 4398 et
