2978 4920
1008 290 1450 355 SATIRA
1507 290 1671 355 vn.

382 476 736 539 Contentus
760 473 933 554 fama
950 476 1160 562 jaceat
1194 474 1499 539 Lucanus
1524 474 1596 538 in
1622 473 1824 540 hortis

379 573 791 640 Marmoreis:
837 587 905 640 at
938 577 1207 640 Serrano
1235 575 1543 662 tenuique
1575 575 1780 641 Saleio

2259 291 2400 359 1815

2300 583 2388 644 80

343 671 348 674 Δ
381 677 605 742 Gloria
630 677 1025 765 quantalibet
1056 677 1217 764 quid
1244 678 1388 755 erit,
1419 678 1472 741 si
1502 677 1707 764 gloria
1734 689 1985 745 tantum
2015 685 2150 747 est?

381 777 682 842 Curritur
710 777 795 842 ad
823 802 1039 843 vocem
1060 777 1415 866 jucundam
1447 791 1512 843 et
1542 801 1792 844 carmen
1821 780 2037 846 amicae

382 877 772 956 Thebaidos,
802 878 1015 943 laetam
1043 879 1193 943 fecit
1223 900 1428 964 quum
1460 878 1706 943 Statius
1738 880 1984 960 urbem,

380 978 806 1066 Promisitque
835 980 1022 1045 diem.
1069 993 1249 1046 tanta
1276 979 1613 1044 dulcedine
1641 993 1860 1067 captos

377 1079 623 1145 Adficit
650 1080 757 1144 ille
785 1083 1050 1159 animos,
1082 1093 1389 1168 tantaque
1418 1063 1682 1145 libidine
1710 1080 1889 1167 vulgi

337 1207 342 1208 ff
377 1178 706 1245 Auditur:
756 1182 888 1259 sed,
920 1204 1122 1268 quum
1150 1182 1344 1268 fregit
1374 1179 1675 1245 subsellia
1702 1203 1912 1260 versu,

378 1278 624 1359 Esurit‚
654 1280 957 1346 intactam
988 1281 1206 1347 Paridi
1235 1280 1355 1346 nisi
1384 1280 1619 1346 vendat
1647 1283 1936 1368 Agaven.

359 1473 568 1523 79-81.
600 1474 752 1524 Dicas
783 1477 915 1533 forte,
937 1484 1101 1543 poetas
1130 1475 1303 1526 debere

294 1544 539 1611 contentos
563 1554 665 1589 esse
684 1541 789 1589 sola
818 1540 993 1614 gloria:
1028 1542 1097 1590 ita
1118 1557 1241 1599 vero,
1263 1542 1304 1589 si

294 1601 466 1652 divites
485 1611 621 1663 sunt3
654 1604 740 1653 sed
759 1605 875 1669 qmd
892 1606 1177 1671 pauperibus
1196 1622 1303 1670 pro-

294 1664 416 1716 derit
441 1669 589 1733 gloria
802 1673 812 1682 '
862 1681 897 1727 t,
919 1670 1134 1734 quamvis
1154 1668 1304 1719 maxi·

294 1744 392 1787 ma,
414 1732 454 1780 si
509 1741 700 1782 mterea
716 1734 835 1782 nihil
855 1734 1064 1783 habenti
1097 1735 1176 1783 M.
1200 1733 1303 1783 An·

293 1809 425 1844 neus
500 1814 685 1853 neonus,
716 1800 775 1847 L.
798 1798 972 1847 Annei
1002 1797 1185 1854 Mella,
1209 1798 1303 1847 fra·

293 1858 379 1907 tris
403 1861 614 1918 Seuecae,
637 1861 777 1919 filius,
800 1862 1069 1912 notissimus
1100 1871 1239 1928 poeta
1256 1872 1306 1913 et

294 1921 548 1975 ditissimus
590 1928 753 1991 Eques
793 1928 936 1977 Rom.
979 1941 1117 1992 quem
1162 1927 1306 1977 etiam

293 1988 345 2036 N
346 2002 425 2036 ero
465 1990 589 2055 Imp.
621 1991 760 2040 variis
801 1999 996 2040 auxerat
1034 1992 1302 2042 bonoribus.

294 2052 375 2101 De
393 2052 498 2118 ejus
517 2063 567 2103 et
598 2055 744 2120 patris
769 2055 946 2105 divitiis
967 2072 1014 2105 v.
1033 2057 1152 2105 Tac.
1173 2057 1300 2105 Ann.

291 2116 434 2165 XVI.
462 2120 538 2167 17.
557 2127 606 2168 et
629 2119 912 2168 Wernsdorf
936 2121 1070 2168 Poet.
1099 2120 1214 2168 min.
1244 2121 1303 2168 T.

291 2179 387 2229 IV.
447 2214 463 2231 .
484 2184 565 2231 41.
586 2186 862 2247 seq.jaeeat,
879 2183 1043 2247 jacere
1063 2183 1114 2231 in
1133 2184 1305 2233 lectulo

288 2243 406 2294 lucu
438 2245 627 2306 raterio,
659 2246 712 2296 in
747 2263 841 2311 quo
878 2256 1059 2297 veteres
1097 2247 1301 2306 studere,

288 2307 450 2372 legere
491 2325 547 2358 ac
583 2310 785 2360 scribere
823 2311 1053 2367 solebant,
1089 2311 1304 2376 adeoque

287 2372 506 2421 carmina
524 2374 727 2424 scribere
757 2383 911 2440 potest
940 2375 991 2423 in
1022 2376 1132 2432 otio,
1156 2376 1304 2424 solam

284 2444 482 2487 sectans
512 2438 724 2502 gloriam,
743 2438 799 2489 et‘
816 2454 982 2506 expers
1001 2455 1235 2490 curarum.
1254 2442 1306 2503 ivi

286 2503 429 2551 hortis
446 2506 712 2554 marmoreis.
742 2505 825 2569 qui
851 2520 1098 2563 marmore,
1117 2519 1157 2553 s.
1179 2520 1302 2554 mar-

288 2566 463 2617 moreis
502 2568 732 2618 columnis
773 2585 830 2619 ac
867 2568 1052 2626 statuis,
1092 2568 1305 2619 exornati

290 2639 405 2680 sunt
430 2640 479 2681 et
510 2633 771 2684 abundant.
834 2635 931 2683 Sed
960 2635 1079 2682 horti
1108 2633 1158 2682 h.
1177 2634 1211 2682 1.
1231 2633 1303 2682 vi·

291 2694 464 2745 dentur
481 2711 583 2746 esse
603 2697 744 2755 villae,
768 2706 821 2747 ut
847 2698 1041 2764 passim.
1105 2699 1167 2747 In
1184 2698 1302 2747 duo-

291 2759 385 2807 bus
411 2761 559 2810 MSS.
577 2762 747 2837 legitur
767 2763 1063 2823 Mammas,
1078 2761 1207 2827 quod
1233 2762 1303 2810 vi-

1366 1483 1625 1539 grammate
1656 1476 1968 1535 recitationes,
1998 1475 2100 1527 ludi
2132 1478 2386 1540 cemimu-

1367 1540 1622 1604 cebantur)
1656 1544 1789 1599 diem,
1823 1559 1918 1606 quo
1948 1540 2169 1590 recitaret
2197 1541 2381 1596 Daseai-

1365 1606 1482 1660 dem
1514 1621 1706 1655 carmen
1738 1621 1875 1658 suum
1906 1606 1967 1655 de
2000 1605 2126 1664 bello
2157 1606 2385 1660 Thebano

1365 1674 1578 1726 amicum,
1599 1679 1786 1734 gratnm
1806 1670 2024 1720 omnibus
2043 1679 2095 1718 et
2111 1670 2384 1736 adceptmn,

1370 1734 1445 1782 vel
1467 1733 1626 1783 dulce.

1431 1800 1512 1847 85.
1547 1800 1745 1857 libidine,
1785 1813 1969 1849 summa
2016 1798 2273 1864 cupiditate
2323 1815 2381 1850 ac

1370 1863 1476 1912 volu
1512 1871 1626 1911 tate.
2360 1915 2371 1922 -

1502 1961 1514 1975 .
1547 1926 1727 1976 Statius
1759 1926 2036 1977 Domitiano
2072 1936 2260 1993 propter
2297 1945 2380 1978 ex-

1365 1993 1672 2057 temporalem
1719 1991 1978 2041 carminum
2034 1993 2378 2057 componendo·

1365 2071 1470 2103 rum
1498 2055 1770 2105 facilitatem
1801 2055 2089 2120 gratissimus
2117 2056 2222 2114 fuit,
2245 2064 2296 2106 at
2317 2058 2379 2108 ab

1366 2134 1424 2168 eo
1462 2127 1562 2169 tam
1604 2120 1786 2170 coronis
1824 2129 1874 2170 et
1912 2136 2043 2177 auro,
2077 2136 2221 2185 quam
2244 2138 2379 2196 ,agro

1367 2183 1558 2232 Albano
1573 2183 1804 2244 donatus;
1824 2184 2042 2249 idemque
2065 2192 2136 2233 ter
2155 2186 2206 2234 in
2224 2187 2378 2244 Qum-

1366 2247 1610 2309 quan-ibus
1647 2249 1880 2298 Minervae
1917 2264 1959 2297 s.
1995 2249 2188 2298 Albano
2228 2265 2379 2314 agone

1366 2310 1513 2359 victor
1543 2311 1633 2360 fuit
1663 2310 2001 2369 et'coronatus,
2021 2328 2167 2386 quum
2208 2314 2379 2370 carmi-¹

1368 2390 1433 2422 na
1450 2374 1512 2424 de
1535 2377 1674 2425 rebus
1693 2391 1723 2424 a
1744 2375 2017 2426 Domitiano
2037 2393 2086 2425 m
2105 2378 2233 2426 bello
2255 2380 2380 2439 Gerr,

1368 2440 1555 2490 manico
1575 2447 1626 2489 et
1643 2439 1826 2490 Dacico
1844 2439 1987 2515 gestis
2016 2441 2271 2500 recitasset,
2293 2443 2378 2497 sed

1366 2504 1515 2616 selmnel
1533 2504 1684 2553 victus
1704 2504 1755 2553 in
1771 2505 2216 2570 Quinquennalibus
2233 2508 2380 2574 Capi·

1365 2575 1415 2616 to
1484 2568 1541 2618 is.

1430 2633 1513 2681 86.
1544 2630 1722 2681 Statius
1738 2632 1895 2707 fregit
1927 2634 2132 2683 subsellia
2162 2651 2307 2692 vem,
2329 2635 2380 2689 b.

1366 2712 1411 2746 e.
1432 2703 1676 2761 tantopere
1695 2697 1892 2762 placuit,
1909 2703 1963 2746 ut
1981 2696 2215 2763 adplausu
2229 2708 2282 2748 et
2295 2700 2381 2749 ad·

1366 2761 1728 2811 clamationibus
1743 2761 2007 2811 auditorum
2020 2761 2131 2826 (sed
2145 2763 2263 2812 forte
2278 2765 2379 2812 vul·-

292 2822 360 2872 ris
377 2824 526 2881 doctis
545 2826 726 2876 adrisit.
788 2828 1007 2877 δατ-ωιτη
1028 2828 1119 2892 (al.
1141 2828 1304 2876 Serv-a-
1362 2828 1416 2891 gi
1432 2833 1637 2882 tantum,
1649 2825 1822 2874 infime
1837 2825 2016 2891 plebis)
2033 2829 2236 2875 subsellia
2245 2827 2382 2892 quasi

291 2905 383 2936 mis
405 2898 454 2938 et
473 2890 699 2955 δατακω)
719 2899 768 2940 et
795 2892 981 2948 Saleius.
1004 2900 1156 2957 poeto
1187 2907 1306 2957 pau·
1351 2890 1518 2955 fracte
1537 2890 1660 2950 sint3
1695 2892 1770 2955 (v.
1790 2906 1894 2955 sup.
1917 2890 1978 2939 ad
1999 2891 2042 2939 I.
2063 2892 2168 2955 13.)
2190 2892 2263 2941 vel
2281 2909 2379 2941 ver·

293 2967 431 3017 peres
473 2954 602 3004 illius
646 2955 817 3006 aetatis.
882 2957 975 3006 Ille
1022 2964 1305 3006 memoratur
1365 2971 1436 3012 su,
1467 2955 1518 3005 h.
1537 2971 1581 3003 e.
1614 2953 1887 3005 recitatione
1918 2954 2137 3005 carminis
2169 2955 2240 3005 sui
2273 2964 2378 3006 tan·

290 3016 439 3067 etiam
466 3017 680 3069 Martial-
713 3021 807 3069 IV.
840 3022 921 3069 37.
952 3023 1000 3070 3.
1036 3029 1087 3070 at
1117 3020 1302 3070 notissi-

1364 3027 1464 3068 tarn
1487 3018 1833 3070 multitudinem
1853 3021 2073 3078 concivit,
2098 3027 2150 3069 ut
2175 3023 2381 3071 subsellia

292 3096 402 3130 mus
421 3083 600 3133 Saleius
617 3085 814 3141 Bassus,
836 3093 977 3150 poeta
1006 3086 1219 3198 egrgfius
1248 3099 1304 3134 ac
1364 3091 1552 3133 tantum
1571 3083 1725 3133 oneris
1743 3084 1970 3134 sustinere
2000 3100 2096 3134 non
2125 3086 2378 3150 potuerint,

293 3149 457 3204 meis,
488 3146 538 3197 h.
563 3164 608 3198 e.
639 3164 834 3214 pauper.
864 3167 909 3198 v.
942 3151 1072 3206 Qum
1168 3151 1233 3198 X.
1259 3151 1306 3197 l.

294 3210 434 3261 Dial-
456 3211 517 3261 de
538 3214 676 3263 Orat.
697 3229 742 3261 c.
764 3217 815 3263 5.
831 3221 881 3261 et
897 3214 945 3262 9.
968 3214 1181 3262 Martial.
1203 3214 1306 3262 III.

291 3276 375 3323 47.
391 3277 472 3325 58.
507 3279 570 3326 V.
592 3280 673 3327 23.
694 3280 776 3327 53.
799 3278 922 3328 VII.
940 3277 1023 3325 96.
1056 3278 1204 3326 VIII.
1227 3278 1304 3327 10.

294 3341 644 3453 {tl-326&
664 3343 797 3392 Poet·
817 3341 902 3391 lat.
924 3340 1039 3390 min.
1059 3341 1118 3390 T.
1137 3342 1232 3392 1v.
1252 3358 1304 3408 p·

359 3471 571 3519 82-87.
600 3469 807 3535 Insignis
835 3471 941 3519 laus
970 3470 1105 3518 Statii
1135 3475 1303 3535 poetae,

285 3540 346 3582 -et
376 3533 637 3584 dulcedinis
667 3535 928 3585 carminum
960 3534 1080 3599 ejus,
1103 3542 1154 3583 at
1188 3534 1307 3583 forte

296 3611 394 3646 non
426 3597 526 3649 sine
557 3599 719 3648 subtili
750 3599 1065 3649 cavillatione.
1130 3599 1310 3648 Putant

294 3662 584 3713 Iuvenalem
607 3663 669 3714 de
689 3664 860 3720 Statio,
877 3672 1063 3730 propter
1088 3661 1310 3712 orationis

294 3725 534 3777 lenocinia
552 3736 603 3778 et
621 3728 926 3787 calamistros,
946 3735 1002 3777 ut
1035 3727 1095 3778 de
1121 3727 1307 3782 lenone,

287 3791 456 3855 loqui„
501 3792 599 3841 Vix
621 3792 928 3853 crediderim3
960 3801 1087 3843 certe
1105 3807 1200 3841 non
1220 3790 1310 3842 nisi

294 3870 344 3904 v·
367 3858 449 3905 87.
480 3864 530 3905 et
564 3856 722 3907 forsan
754 3872 816 3906 ne
844 3858 911 3907 ibi
942 3857 1149 3921 quidem,
1183 3864 1234 3905 at
1265 3873 1311 3907 v.

296 3921 511 3971 82-85.
531 3928 586 3969 ut
615 3921 677 3972 de
710 3922 966 3978 meretrice,
997 3926 1158 3978 amica,
1177 3922 1312 3985 cujus

279 3988 710 4046 vooejmndaest,
734 4002 843 4051 quae
871 3989 1091 4049 promittit
1108 3993 1310 4044 noctem,

283 4064 410 4113 que
429 4051 664 4101 dulcedim
683 4067 858 4115 magna
876 4061 1020 4114 captos
1039 4051 1195 4114 adficit
1208 4053 1310 4100 ani·

295 4130 386 4163 mos
404 4129 673 4180 magnaque
693 4118 875 4166 libidine
892 4119 1098 4166 auditur.
1150 4115 1310 4164 Cum-i-

285 4187 381 4226 -tur
408 4179 624 4230 certatim
657 4180 1027 4245 catervatimque
1056 4184 1117 4229 ad
1132 4181 1311 4241 jucun-

299 4245 406 4291 &aa
443 4261 589 4295 vocem
625 4245 868 4296 recitantis
902 4243 1057 4302 Statii,
1091 4259 1237 4310 quum
1273 4243 1314 4293 is

285 4311 517 4368 promisit,
554 4309 719 4370 edixit,
758 4310 897 4377 (nam
935 4309 1092 4362 edicto
1131 4324 1171 4360 s.
1206 4323 1313 4375 pro·

1368 3147 1725 3269 eng-{effi
1747 3212 2027 3272 esui-ivisset,
2056 3222 2163 3280 post
2181 3202 2380 3265 'tantum

1368 3277 1573 3326 favorem
1594 3286 1644 3327 et
1661 3277 1957 3343 adplausum,
1972 3282 2059 3327 nisi
2075 3280 2240 3327 Paridi
2259 3295 2379 3345 pan-

1368 3340 1560 3391 tomimo
1593 3342 1680 3407 (de
1712 3358 1805 3405 quo
1838 3359 1884 3390 v.
1911 3358 2016 3412 sup.
2049 3342 2112 3391 ad
2144 3343 2240 3392 VI.
2269 3343 2381 3407 87.)

1368 3408 1547 3463 enudat,
1588 3405 1894 3461 vendidisset,
1931 3407 2131 3471 Agaven,
2170 3405 2382 3454 fabulam

1368 3470 1710 3533 &tragoediam
1748 3484 1883 3518 suam
1906 3468 1967 3518 de
1986 3469 2172 3532 Agave,
2198 3485 2245 3518 v.
2274 3485 2382 3536 sup.

1372 3534 1433 3582 ab
1462 3550 1510 3582 v.
1537 3533 1645 3595 73.)
1677 3532 1775 3582 filia
1808 3531 1981 3585 Cadmi
2010 3540 2060 3582 et
2091 3533 2381 3593 Harmonia,

1371 3612 1518 3647 uxore
1537 3596 1760 3651 Echionis
1779 3604 1826 3647 et
1847 3604 1997 3645 matre
2017 3597 2233 3648 Penthei.
2265 3598 2384 3657 Alia

1372 3662 1542 3727 Agave
1568 3661 1747 3718 Danai,
1769 3668 1819 3710 et
1848 3660 1945 3710 alia
1972 3661 2116 3711 Nerei
2146 3662 2248 3712 filia
2276 3663 2384 3716 fixit.

1372 3728 1495 3776 Haec
1540 3725 1732 3792 quidem
1774 3725 1914 3775 Statii
1953 3725 2189 3792 tragoedia
2226 3744 2383 3804 neque

1365 3799 1529 3843 exstat
1560 3806 1637 3840 am
1670 3788 1777 3845 lius,
1806 3791 1888 3853 (ut
1922 3806 2011 3842 nec
2043 3793 2253 3853 carmina
2282 3809 2386 3868 ejus

1373 3855 1433 3906 de
1462 3855 1591 3905 bello
1662 3854 1896 3905 ermanieo
1921 3864 1970 3907 et
2003 3857 2186 3908 Dacico
2213 3859 2383 3917 Domi-

1349 3920 1517 3984 uani)
1534 3935 1689 3985 neque
1710 3921 1771 3969 ab
1788 3921 1893 3970 aliis
1912 3933 2208 3972 memoratur.
2274 3921 2382 3969 Nec

1373 3994 1534 4036 tamen
1561 3994 1819 4060 propterea,
1842 3994 1891 4060 et
1917 3985 2031 4049 quia
2050 3985 2229 4061 Statius
2248 3984 2382 4097 Αἰα-

1374 4067 1457 4100 ves
1475 4050 1538 4100 ali
1575 4058 1722 4099 nones
1739 4058 2024 4100 mentionem
2043 4049 2156 4099 facit
2185 4064 2237 4096 m
2257 4047 2287 4094 Ἰ
2331 4063 2382 4098 e·

1373 4115 1534 4173 baide,
1585 4130 1673 4164 auc
1687 4114 1921 4178 designari
1933 4111 2228 4172 crediderim.
2266 4111 2383 4160 Ven-

1375 4183 1476 4255 dere
1495 4179 1710 4230 solebant
1729 4186 1882 4252 poeta
1902 4178 2088 4227 fabulas
2117 4190 2230 4250 guas
2252 4175 2381 4247 ‚Israe-

1376 4243 1723 4362 i’ssbssizmtffl
1689 4242 1948 4359 AEffiffi’
1961 4239 2385 4367 {fidii'gssiiiffi
