<?xml version="1.0" encoding="UTF-8"?>
<!DOCTYPE html PUBLIC "-//W3C//DTD XHTML 1.0 Transitional//EN"
    "http://www.w3.org/TR/xhtml1/DTD/xhtml1-transitional.dtd">
<html xmlns="http://www.w3.org/1999/xhtml" xml:lang="en" lang="en">
 <head>
  <title>
</title>
<meta http-equiv="Content-Type" content="text/html;charset=utf-8" />
  <meta name='ocr-system' content='tesseract 3.04.00' />
  <meta name='ocr-capabilities' content='ocr_page ocr_carea ocr_par ocr_line ocrx_word'/>
</head>
<body>
  <div class='ocr_page' id='page_1' title='image "./satiraexviadopt00juvegoog_0417.png"; bbox 0 0 2978 4920; ppageno 0'>
   <div class='ocr_carea' id='block_1_1' title="bbox 560 289 690 354">
    <p class='ocr_par' dir='ltr' id='par_1_1' title="bbox 560 289 690 354">
     <span class='ocr_line' id='line_1_1' title="bbox 560 289 690 354; baseline 0 0"><span class='ocrx_word' id='word_1_1' title='bbox 560 289 690 354; x_wconf 68' lang='lat'><strong>834</strong></span> 
     </span>
    </p>
   </div>
   <div class='ocr_carea' id='block_1_2' title="bbox 1264 281 1937 348">
    <p class='ocr_par' dir='ltr' id='par_1_2' title="bbox 1264 281 1937 348">
     <span class='ocr_line' id='line_1_2' title="bbox 1264 281 1937 348; baseline -0.001 -2"><span class='ocrx_word' id='word_1_2' title='bbox 1264 283 1472 348; x_wconf 71' lang='lat' dir='ltr'><strong>Juv</strong></span> <span class='ocrx_word' id='word_1_3' title='bbox 1497 283 1557 347; x_wconf 88' lang='lat' dir='ltr'><strong>E</strong></span> <span class='ocrx_word' id='word_1_4' title='bbox 1581 281 1731 347; x_wconf 79' lang='lat' dir='ltr'><strong>N=A</strong></span> <span class='ocrx_word' id='word_1_5' title='bbox 1753 281 1810 346; x_wconf 81' lang='lat'><strong>1.</strong></span> <span class='ocrx_word' id='word_1_6' title='bbox 1835 282 1868 345; x_wconf 84' lang='lat'>1</span> <span class='ocrx_word' id='word_1_7' title='bbox 1891 282 1937 345; x_wconf 81' lang='lat' dir='ltr'>S</span> 
     </span>
    </p>
   </div>
   <div class='ocr_carea' id='block_1_3' title="bbox 642 465 2309 858">
    <p class='ocr_par' dir='ltr' id='par_1_3' title="bbox 642 465 2309 858">
     <span class='ocr_line' id='line_1_3' title="bbox 642 465 2236 559; baseline -0.004 -24"><span class='ocrx_word' id='word_1_8' title='bbox 642 471 962 559; x_wconf 77' lang='lat' dir='ltr'><strong>Amplior,</strong></span> <span class='ocrx_word' id='word_1_9' title='bbox 993 482 1058 535; x_wconf 91' lang='lat' dir='ltr'><strong>et</strong></span> <span class='ocrx_word' id='word_1_10' title='bbox 1087 467 1359 555; x_wconf 70' lang='lat' dir='ltr'><strong>grandes</strong></span> <span class='ocrx_word' id='word_1_11' title='bbox 1387 467 1722 533; x_wconf 72' lang='lat' dir='ltr'><strong>fumabant</strong></span> <span class='ocrx_word' id='word_1_12' title='bbox 1737 465 2044 554; x_wconf 69' lang='lat' dir='ltr'><strong>pultibus</strong></span> <span class='ocrx_word' id='word_1_13' title='bbox 2069 465 2236 529; x_wconf 84' lang='lat' dir='ltr'><strong>ollae.</strong></span> 
     </span>
     <span class='ocr_line' id='line_1_4' title="bbox 645 565 2309 656; baseline -0.006 -19"><span class='ocrx_word' id='word_1_14' title='bbox 645 574 710 637; x_wconf 93' lang='lat' dir='ltr'>N</span> <span class='ocrx_word' id='word_1_15' title='bbox 715 595 836 637; x_wconf 86' lang='lat' dir='ltr'><strong>unc</strong></span> <span class='ocrx_word' id='word_1_16' title='bbox 865 570 1092 635; x_wconf 90' lang='lat' dir='ltr'><strong>modus</strong></span> <span class='ocrx_word' id='word_1_17' title='bbox 1120 569 1224 635; x_wconf 84' lang='lat' dir='ltr'><strong>hic</strong></span> <span class='ocrx_word' id='word_1_18' title='bbox 1253 568 1390 656; x_wconf 78' lang='lat' dir='ltr'><strong>agri</strong></span> <span class='ocrx_word' id='word_1_19' title='bbox 1418 580 1635 633; x_wconf 87' lang='lat' dir='ltr'><strong>nostro</strong></span> <span class='ocrx_word' id='word_1_20' title='bbox 1665 565 2074 632; x_wconf 68' lang='lat' dir='ltr'><strong>non-subiicit</strong></span> <span class='ocrx_word' id='word_1_21' title='bbox 2102 566 2309 631; x_wconf 81' lang='lat' dir='ltr'><strong>horto,</strong></span> 
     </span>
     <span class='ocr_line' id='line_1_5' title="bbox 650 667 2272 754; baseline -0.005 -16"><span class='ocrx_word' id='word_1_22' title='bbox 650 674 814 738; x_wconf 90' lang='lat' dir='ltr'><strong>Inde</strong></span> <span class='ocrx_word' id='word_1_23' title='bbox 844 669 1310 737; x_wconf 84' lang='lat' dir='ltr'><strong>fere-scelerum</strong></span> <span class='ocrx_word' id='word_1_24' title='bbox 1340 692 1570 747; x_wconf 82' lang='lat' dir='ltr'><strong>causae,</strong></span> <span class='ocrx_word' id='word_1_25' title='bbox 1601 691 1715 733; x_wconf 86' lang='lat' dir='ltr'><strong>nec</strong></span> <span class='ocrx_word' id='word_1_26' title='bbox 1744 667 1933 754; x_wconf 81' lang='lat' dir='ltr'><strong>plura</strong></span> <span class='ocrx_word' id='word_1_27' title='bbox 1960 690 2205 731; x_wconf 82' lang='lat' dir='ltr'><strong>venena</strong></span> <span class='ocrx_word' id='word_1_28' title='bbox 2269 745 2272 746; x_wconf 9' lang='grc' dir='ltr'><em>γ</em></span> 
     </span>
     <span class='ocr_line' id='line_1_6' title="bbox 648 768 2146 858; baseline -0.007 -19"><span class='ocrx_word' id='word_1_29' title='bbox 648 774 936 852; x_wconf 81' lang='lat' dir='ltr'><strong>Miscuit,</strong></span> <span class='ocrx_word' id='word_1_30' title='bbox 961 786 1074 837; x_wconf 86' lang='lat' dir='ltr'><strong>aut</strong></span> <span class='ocrx_word' id='word_1_31' title='bbox 1102 773 1271 837; x_wconf 86' lang='lat' dir='ltr'><strong>ferro</strong></span> <span class='ocrx_word' id='word_1_32' title='bbox 1300 770 1887 858; x_wconf 77' lang='lat' dir='ltr'><strong>grassatursaepius</strong></span> <span class='ocrx_word' id='word_1_33' title='bbox 1916 768 2146 832; x_wconf 90' lang='lat' dir='ltr'><strong>ullum.</strong></span> 
     </span>
    </p>
   </div>
   <div class='ocr_carea' id='block_1_4' title="bbox 650 871 2200 959">
    <p class='ocr_par' dir='ltr' id='par_1_4' title="bbox 650 871 2200 959">
     <span class='ocr_line' id='line_1_7' title="bbox 650 871 2200 959; baseline -0.003 -20"><span class='ocrx_word' id='word_1_34' title='bbox 650 877 973 942; x_wconf 85' lang='lat' dir='ltr'><strong>Humanae</strong></span> <span class='ocrx_word' id='word_1_35' title='bbox 1002 874 1229 940; x_wconf 88' lang='lat' dir='ltr'><strong>mentis</strong></span> <span class='ocrx_word' id='word_1_36' title='bbox 1258 874 1513 951; x_wconf 87' lang='lat' dir='ltr'><strong>vitium,</strong></span> <span class='ocrx_word' id='word_1_37' title='bbox 1545 895 1740 959; x_wconf 82' lang='lat' dir='ltr'><strong>quam</strong></span> <span class='ocrx_word' id='word_1_38' title='bbox 1771 894 1939 936; x_wconf 80' lang='lat' dir='ltr'><strong>saeva</strong></span> <span class='ocrx_word' id='word_1_39' title='bbox 1965 871 2200 957; x_wconf 86' lang='lat' dir='ltr'><strong>cupido</strong></span> 
     </span>
    </p>
   </div>
   <div class='ocr_carea' id='block_1_5' title="bbox 2448 873 2653 967">
    <p class='ocr_par' dir='ltr' id='par_1_5' title="bbox 2448 873 2653 967">
     <span class='ocr_line' id='line_1_8' title="bbox 2448 873 2653 967; baseline 0.01 -33"><span class='ocrx_word' id='word_1_40' title='bbox 2448 926 2460 967; x_wconf 86' lang='lat'><strong>.-</strong></span> <span class='ocrx_word' id='word_1_41' title='bbox 2529 873 2653 937; x_wconf 82' lang='lat'><strong>175</strong></span> 
     </span>
    </p>
   </div>
   <div class='ocr_carea' id='block_1_6' title="bbox 650 972 2566 1355">
    <p class='ocr_par' dir='ltr' id='par_1_6' title="bbox 652 972 2131 1059">
     <span class='ocr_line' id='line_1_9' title="bbox 652 972 2131 1059; baseline -0.003 -17"><span class='ocrx_word' id='word_1_42' title='bbox 652 977 957 1042; x_wconf 86' lang='lat' dir='ltr'><strong>Indomiti</strong></span> <span class='ocrx_word' id='word_1_43' title='bbox 988 998 1228 1041; x_wconf 86' lang='lat' dir='ltr'><strong>census.</strong></span> <span class='ocrx_word' id='word_1_44' title='bbox 1272 997 1422 1040; x_wconf 82' lang='lat' dir='ltr'><strong>nam</strong></span> <span class='ocrx_word' id='word_1_45' title='bbox 1449 974 1629 1038; x_wconf 85' lang='lat' dir='ltr'><strong>dives</strong></span> <span class='ocrx_word' id='word_1_46' title='bbox 1657 973 1771 1059; x_wconf 91' lang='lat' dir='ltr'><strong>qui</strong></span> <span class='ocrx_word' id='word_1_47' title='bbox 1801 972 1938 1037; x_wconf 86' lang='lat' dir='ltr'><strong>fieri</strong></span> <span class='ocrx_word' id='word_1_48' title='bbox 1967 972 2131 1050; x_wconf 87' lang='lat' dir='ltr'><strong>vult,</strong></span> 
     </span>
    </p>

    <p class='ocr_par' dir='ltr' id='par_1_7' title="bbox 650 1076 2233 1164">
     <span class='ocr_line' id='line_1_10' title="bbox 650 1076 2233 1164; baseline -0.003 -20"><span class='ocrx_word' id='word_1_49' title='bbox 650 1082 741 1145; x_wconf 91' lang='lat' dir='ltr'><strong>Et</strong></span> <span class='ocrx_word' id='word_1_50' title='bbox 770 1082 897 1145; x_wconf 87' lang='lat' dir='ltr'><strong>cito</strong></span> <span class='ocrx_word' id='word_1_51' title='bbox 929 1079 1067 1145; x_wconf 87' lang='lat' dir='ltr'><strong>vult</strong></span> <span class='ocrx_word' id='word_1_52' title='bbox 1098 1078 1250 1142; x_wconf 84' lang='lat' dir='ltr'><strong>fieri.</strong></span> <span class='ocrx_word' id='word_1_53' title='bbox 1298 1078 1408 1143; x_wconf 85' lang='lat' dir='ltr'><strong>sed</strong></span> <span class='ocrx_word' id='word_1_54' title='bbox 1437 1101 1587 1164; x_wconf 85' lang='lat' dir='ltr'><strong>quae</strong></span> <span class='ocrx_word' id='word_1_55' title='bbox 1615 1078 1967 1141; x_wconf 85' lang='lat' dir='ltr'><strong>reverentia</strong></span> <span class='ocrx_word' id='word_1_56' title='bbox 1996 1076 2233 1160; x_wconf 77' lang='lat' dir='ltr'><strong>legum,</strong></span> 
     </span>
    </p>

    <p class='ocr_par' dir='ltr' id='par_1_8' title="bbox 650 1176 2566 1355">
     <span class='ocr_line' id='line_1_11' title="bbox 651 1176 2566 1267; baseline -0.004 -20"><span class='ocrx_word' id='word_1_57' title='bbox 651 1183 808 1260; x_wconf 80' lang='lat' dir='ltr'><strong>Quis</strong></span> <span class='ocrx_word' id='word_1_58' title='bbox 837 1193 1044 1246; x_wconf 87' lang='lat' dir='ltr'><strong>metus</strong></span> <span class='ocrx_word' id='word_1_59' title='bbox 1072 1194 1187 1245; x_wconf 83' lang='lat' dir='ltr'><strong>aut</strong></span> <span class='ocrx_word' id='word_1_60' title='bbox 1215 1180 1425 1267; x_wconf 85' lang='lat' dir='ltr'><strong>pudor</strong></span> <span class='ocrx_word' id='word_1_61' title='bbox 1454 1191 1549 1243; x_wconf 89' lang='lat' dir='ltr'><strong>est</strong></span> <span class='ocrx_word' id='word_1_62' title='bbox 1579 1176 2315 1265; x_wconf 81' lang='lat' dir='ltr'><strong>umquamproperantis</strong></span> <span class='ocrx_word' id='word_1_63' title='bbox 2344 1178 2566 1240; x_wconf 79' lang='lat' dir='ltr'><strong>avari?</strong></span> 
     </span>
     <span class='ocr_line' id='line_1_12' title="bbox 650 1279 2003 1355; baseline -0.004 -7"><span class='ocrx_word' id='word_1_64' title='bbox 650 1283 861 1348; x_wconf 89' lang='lat' dir='ltr'><strong>Vivite</strong></span> <span class='ocrx_word' id='word_1_65' title='bbox 889 1281 1168 1347; x_wconf 70' lang='lat' dir='ltr'><strong>contenti</strong></span> <span class='ocrx_word' id='word_1_66' title='bbox 1195 1280 1424 1345; x_wconf 83' lang='lat' dir='ltr'><strong>casulis</strong></span> <span class='ocrx_word' id='word_1_67' title='bbox 1451 1292 1517 1345; x_wconf 90' lang='lat' dir='ltr'><strong>et</strong></span> <span class='ocrx_word' id='word_1_68' title='bbox 1547 1279 1814 1343; x_wconf 85' lang='lat' dir='ltr'><strong>collibus</strong></span> <span class='ocrx_word' id='word_1_69' title='bbox 1844 1279 2003 1355; x_wconf 86' lang='lat' dir='ltr'><strong>istis,</strong></span> 
     </span>
    </p>
   </div>
   <div class='ocr_carea' id='block_1_7' title="bbox 652 1378 2152 1471">
    <p class='ocr_par' dir='ltr' id='par_1_9' title="bbox 652 1378 2152 1471">
     <span class='ocr_line' id='line_1_13' title="bbox 652 1378 2152 1471; baseline -0.004 -23"><span class='ocrx_word' id='word_1_70' title='bbox 652 1385 710 1448; x_wconf 94' lang='grc' dir='ltr'>Ο</span> <span class='ocrx_word' id='word_1_71' title='bbox 741 1384 946 1471; x_wconf 87' lang='lat' dir='ltr'><strong>pueri,</strong></span> <span class='ocrx_word' id='word_1_72' title='bbox 979 1385 1238 1447; x_wconf 86' lang='lat' dir='ltr'><strong>Marsus</strong></span> <span class='ocrx_word' id='word_1_73' title='bbox 1268 1381 1522 1446; x_wconf 86' lang='lat' dir='ltr'><strong>dicebat</strong></span> <span class='ocrx_word' id='word_1_74' title='bbox 1552 1393 1617 1447; x_wconf 89' lang='lat' dir='ltr'><strong>et</strong></span> <span class='ocrx_word' id='word_1_75' title='bbox 1649 1380 1971 1444; x_wconf 87' lang='lat' dir='ltr'>Hernicus</span> <span class='ocrx_word' id='word_1_76' title='bbox 1998 1378 2152 1443; x_wconf 90' lang='lat' dir='ltr'><strong>olim</strong></span> 
     </span>
    </p>
   </div>
   <div class='ocr_carea' id='block_1_8' title="bbox 2529 1379 2652 1441">
    <p class='ocr_par' dir='ltr' id='par_1_10' title="bbox 2529 1379 2652 1441">
     <span class='ocr_line' id='line_1_14' title="bbox 2529 1379 2652 1441; baseline 0.008 -1"><span class='ocrx_word' id='word_1_77' title='bbox 2529 1379 2652 1441; x_wconf 85' lang='lat'><strong>180</strong></span> 
     </span>
    </p>
   </div>
   <div class='ocr_carea' id='block_1_9' title="bbox 650 1485 2408 1876">
    <p class='ocr_par' dir='ltr' id='par_1_11' title="bbox 650 1485 2408 1876">
     <span class='ocr_line' id='line_1_15' title="bbox 650 1485 2262 1572; baseline -0.004 -22"><span class='ocrx_word' id='word_1_78' title='bbox 650 1485 1075 1572; x_wconf 88' lang='lat' dir='ltr'>Vestinusque</span> <span class='ocrx_word' id='word_1_79' title='bbox 1104 1508 1328 1549; x_wconf 82' lang='lat' dir='ltr'><strong>senex:</strong></span> <span class='ocrx_word' id='word_1_80' title='bbox 1377 1506 1605 1571; x_wconf 81' lang='lat' dir='ltr'><strong>panem</strong></span> <span class='ocrx_word' id='word_1_81' title='bbox 1635 1504 2001 1568; x_wconf 84' lang='lat' dir='ltr'><strong>quaeramus</strong></span> <span class='ocrx_word' id='word_1_82' title='bbox 2028 1491 2262 1556; x_wconf 85' lang='lat' dir='ltr'><strong>aratr0‚</strong></span> 
     </span>
     <span class='ocr_line' id='line_1_16' title="bbox 650 1582 2362 1663; baseline -0.005 -10"><span class='ocrx_word' id='word_1_83' title='bbox 650 1585 786 1663; x_wconf 83' lang='lat' dir='ltr'><strong>Qui</strong></span> <span class='ocrx_word' id='word_1_84' title='bbox 818 1587 968 1652; x_wconf 85' lang='lat' dir='ltr'><strong>satis</strong></span> <span class='ocrx_word' id='word_1_85' title='bbox 996 1599 1091 1652; x_wconf 92' lang='lat' dir='ltr'><strong>est</strong></span> <span class='ocrx_word' id='word_1_86' title='bbox 1119 1587 1349 1652; x_wconf 83' lang='lat' dir='ltr'>mensis</span> <span class='ocrx_word' id='word_1_87' title='bbox 1374 1612 1388 1650; x_wconf 74' lang='grc' dir='ltr'>ε</span> <span class='ocrx_word' id='word_1_88' title='bbox 1434 1585 1702 1650; x_wconf 79' lang='lat' dir='ltr'><strong>laudant</strong></span> <span class='ocrx_word' id='word_1_89' title='bbox 1730 1585 1851 1649; x_wconf 86' lang='lat' dir='ltr'><strong>hoc</strong></span> <span class='ocrx_word' id='word_1_90' title='bbox 1879 1584 2154 1648; x_wconf 55' lang='lat' dir='ltr'><strong>numina.</strong></span> <span class='ocrx_word' id='word_1_91' title='bbox 2171 1582 2362 1658; x_wconf 73' lang='lat' dir='ltr'><strong>ruriS‚</strong></span> 
     </span>
     <span class='ocr_line' id='line_1_17' title="bbox 650 1683 2408 1776; baseline -0.005 -21"><span class='ocrx_word' id='word_1_92' title='bbox 650 1692 940 1769; x_wconf 82' lang='lat' dir='ltr'><strong>Quorum</strong></span> <span class='ocrx_word' id='word_1_93' title='bbox 968 1712 1090 1776; x_wconf 90' lang='lat' dir='ltr'><strong>ope</strong></span> <span class='ocrx_word' id='word_1_94' title='bbox 1118 1701 1184 1762; x_wconf 87' lang='lat' dir='ltr'><strong>et</strong></span> <span class='ocrx_word' id='word_1_95' title='bbox 1213 1687 1476 1765; x_wconf 82' lang='lat' dir='ltr'><strong>auxili0,</strong></span> <span class='ocrx_word' id='word_1_96' title='bbox 1506 1698 1886 1773; x_wconf 79' lang='lat' dir='ltr'><strong>grataepost</strong></span> <span class='ocrx_word' id='word_1_97' title='bbox 1912 1707 2146 1750; x_wconf 87' lang='lat' dir='ltr'><strong>munus</strong></span> <span class='ocrx_word' id='word_1_98' title='bbox 2174 1683 2408 1760; x_wconf 63' lang='lat' dir='ltr'><strong>aristae,</strong></span> 
     </span>
     <span class='ocr_line' id='line_1_18' title="bbox 651 1786 2181 1876; baseline -0.005 -21"><span class='ocrx_word' id='word_1_99' title='bbox 651 1791 1061 1876; x_wconf 89' lang='lat' dir='ltr'><strong>Contingunt·</strong></span> <span class='ocrx_word' id='word_1_100' title='bbox 1076 1788 1316 1854; x_wconf 90' lang='lat' dir='ltr'><strong>homini</strong></span> <span class='ocrx_word' id='word_1_101' title='bbox 1346 1787 1576 1854; x_wconf 87' lang='lat' dir='ltr'><strong>veteris</strong></span> <span class='ocrx_word' id='word_1_102' title='bbox 1606 1786 1862 1852; x_wconf 83' lang='lat' dir='ltr'><strong>fastidia</strong></span> <span class='ocrx_word' id='word_1_103' title='bbox 1889 1793 2181 1873; x_wconf 85' lang='lat' dir='ltr'><strong>quercus.</strong></span> 
     </span>
    </p>
   </div>
   <div class='ocr_carea' id='block_1_10' title="bbox 653 1887 2302 1976">
    <p class='ocr_par' dir='ltr' id='par_1_12' title="bbox 653 1887 2302 1976">
     <span class='ocr_line' id='line_1_19' title="bbox 653 1887 2302 1976; baseline -0.004 -20"><span class='ocrx_word' id='word_1_104' title='bbox 653 1892 765 1956; x_wconf 86' lang='lat' dir='ltr'><strong>Nil</strong></span> <span class='ocrx_word' id='word_1_105' title='bbox 796 1891 1061 1956; x_wconf 85' lang='lat' dir='ltr'><strong>vetitum</strong></span> <span class='ocrx_word' id='word_1_106' title='bbox 1090 1889 1308 1954; x_wconf 85' lang='lat' dir='ltr'><strong>fecisse</strong></span> <span class='ocrx_word' id='word_1_107' title='bbox 1338 1889 1531 1967; x_wconf 90' lang='lat' dir='ltr'><strong>volet,</strong></span> <span class='ocrx_word' id='word_1_108' title='bbox 1561 1912 1755 1976; x_wconf 91' lang='lat' dir='ltr'><strong>quem</strong></span> <span class='ocrx_word' id='word_1_109' title='bbox 1782 1910 1909 1952; x_wconf 89' lang='lat' dir='ltr'><strong>non</strong></span> <span class='ocrx_word' id='word_1_110' title='bbox 1939 1888 2141 1975; x_wconf 88' lang='lat' dir='ltr'><strong>pudet</strong></span> <span class='ocrx_word' id='word_1_111' title='bbox 2171 1887 2302 1951; x_wconf 83' lang='lat' dir='ltr'><strong>alto</strong></span> 
     </span>
    </p>
   </div>
   <div class='ocr_carea' id='block_1_11' title="bbox 2531 1888 2656 1949">
    <p class='ocr_par' dir='ltr' id='par_1_13' title="bbox 2531 1888 2656 1949">
     <span class='ocr_line' id='line_1_20' title="bbox 2531 1888 2656 1949; baseline 0.008 -1"><span class='ocrx_word' id='word_1_112' title='bbox 2531 1888 2656 1949; x_wconf 88' lang='lat'><strong>185</strong></span> 
     </span>
    </p>
   </div>
   <div class='ocr_carea' id='block_1_12' title="bbox 653 1989 2600 2384">
    <p class='ocr_par' dir='ltr' id='par_1_14' title="bbox 654 1989 2303 2076">
     <span class='ocr_line' id='line_1_21' title="bbox 654 1989 2303 2076; baseline -0.002 -21"><span class='ocrx_word' id='word_1_113' title='bbox 654 1993 780 2055; x_wconf 91' lang='lat' dir='ltr'><strong>Per</strong></span> <span class='ocrx_word' id='word_1_114' title='bbox 807 1991 1071 2076; x_wconf 77' lang='lat' dir='ltr'><strong>glaciem</strong></span> <span class='ocrx_word' id='word_1_115' title='bbox 1100 2012 1332 2076; x_wconf 86' lang='lat' dir='ltr'>perone</span> <span class='ocrx_word' id='word_1_116' title='bbox 1346 1989 1532 2075; x_wconf 86' lang='lat' dir='ltr'><strong>.tegi;</strong></span> <span class='ocrx_word' id='word_1_117' title='bbox 1580 1991 1696 2075; x_wconf 92' lang='lat' dir='ltr'><strong>qui</strong></span> <span class='ocrx_word' id='word_1_118' title='bbox 1726 1989 2058 2054; x_wconf 88' lang='lat' dir='ltr'><strong>submovet</strong></span> <span class='ocrx_word' id='word_1_119' title='bbox 2089 1990 2303 2052; x_wconf 88' lang='lat' dir='ltr'><strong>Euros</strong></span> 
     </span>
    </p>

    <p class='ocr_par' dir='ltr' id='par_1_15' title="bbox 654 2090 2458 2178">
     <span class='ocr_line' id='line_1_22' title="bbox 654 2090 2458 2178; baseline 0 -25"><span class='ocrx_word' id='word_1_120' title='bbox 654 2090 938 2155; x_wconf 87' lang='lat' dir='ltr'><strong>Pellibus</strong></span> <span class='ocrx_word' id='word_1_121' title='bbox 967 2090 1243 2155; x_wconf 85' lang='lat' dir='ltr'><strong>inversis.</strong></span> <span class='ocrx_word' id='word_1_122' title='bbox 1291 2090 1625 2178; x_wconf 84' lang='lat' dir='ltr'><strong>peregrina</strong></span> <span class='ocrx_word' id='word_1_123' title='bbox 1650 2092 2006 2177; x_wconf 42' lang='lat' dir='ltr'><strong>ignotaque.</strong></span> <span class='ocrx_word' id='word_1_124' title='bbox 2024 2090 2207 2154; x_wconf 89' lang='lat' dir='ltr'><strong>nobis</strong></span> <span class='ocrx_word' id='word_1_125' title='bbox 2453 2157 2458 2162; x_wconf 59' lang='grc'><strong><em>,</em></strong></span> 
     </span>
    </p>

    <p class='ocr_par' dir='ltr' id='par_1_16' title="bbox 653 2192 2600 2384">
     <span class='ocr_line' id='line_1_23' title="bbox 653 2192 2600 2281; baseline -0.001 -23"><span class='ocrx_word' id='word_1_126' title='bbox 653 2192 766 2258; x_wconf 88' lang='lat' dir='ltr'><strong>Ad</strong></span> <span class='ocrx_word' id='word_1_127' title='bbox 797 2193 1221 2280; x_wconf 82' lang='lat' dir='ltr'><strong>scelusatque</strong></span> <span class='ocrx_word' id='word_1_128' title='bbox 1246 2193 1446 2272; x_wconf 84' lang='lat' dir='ltr'><strong>nefas,</strong></span> <span class='ocrx_word' id='word_1_129' title='bbox 1477 2217 1901 2281; x_wconf 69' lang='lat' dir='ltr'><strong>quaecumque</strong></span> <span class='ocrx_word' id='word_1_130' title='bbox 1925 2206 2046 2273; x_wconf 85' lang='lat' dir='ltr'><strong>est,</strong></span> <span class='ocrx_word' id='word_1_131' title='bbox 2078 2216 2376 2281; x_wconf 79' lang='lat' dir='ltr'><strong>purpura.</strong></span> <span class='ocrx_word' id='word_1_132' title='bbox 2398 2193 2600 2258; x_wconf 85' lang='lat' dir='ltr'><strong>ducit.</strong></span> 
     </span>
     <span class='ocr_line' id='line_1_24' title="bbox 740 2294 2376 2384; baseline 0.001 -25"><span class='ocrx_word' id='word_1_133' title='bbox 740 2295 903 2359; x_wconf 83' lang='lat' dir='ltr'><strong>Haec</strong></span> <span class='ocrx_word' id='word_1_134' title='bbox 932 2294 1025 2359; x_wconf 90' lang='lat' dir='ltr'><strong>illi</strong></span> <span class='ocrx_word' id='word_1_135' title='bbox 1055 2307 1298 2362; x_wconf 86' lang='lat' dir='ltr'><strong>veteres</strong></span> <span class='ocrx_word' id='word_1_136' title='bbox 1326 2309 1646 2384; x_wconf 76' lang='lat' dir='ltr'><strong>praecepta</strong></span> <span class='ocrx_word' id='word_1_137' title='bbox 1673 2295 2059 2360; x_wconf 85' lang='lat' dir='ltr'><strong>minoribus:</strong></span> <span class='ocrx_word' id='word_1_138' title='bbox 2106 2308 2173 2362; x_wconf 72' lang='lat' dir='ltr'><strong>at</strong></span> <span class='ocrx_word' id='word_1_139' title='bbox 2204 2318 2376 2363; x_wconf 86' lang='lat' dir='ltr'><strong>nunc</strong></span> 
     </span>
    </p>
   </div>
   <div class='ocr_carea' id='block_1_13' title="bbox 532 2497 1580 4369">
    <p class='ocr_par' dir='ltr' id='par_1_17' title="bbox 532 2497 1579 3400">
     <span class='ocr_line' id='line_1_25' title="bbox 566 2497 1573 2562; baseline 0.003 -14"><span class='ocrx_word' id='word_1_140' title='bbox 566 2497 830 2562; x_wconf 77' lang='lat' dir='ltr'><strong>vitibusque</strong></span> <span class='ocrx_word' id='word_1_141' title='bbox 862 2499 1170 2557; x_wconf 77' lang='lat' dir='ltr'><strong>defodiendis,</strong></span> <span class='ocrx_word' id='word_1_142' title='bbox 1191 2502 1261 2549; x_wconf 77' lang='lat' dir='ltr'><strong>vel</strong></span> <span class='ocrx_word' id='word_1_143' title='bbox 1281 2502 1416 2558; x_wconf 68' lang='lat' dir='ltr'><strong>sulco,</strong></span> <span class='ocrx_word' id='word_1_144' title='bbox 1436 2516 1573 2551; x_wconf 81' lang='lat' dir='ltr'><strong>aran-</strong></span> 
     </span>
     <span class='ocr_line' id='line_1_26' title="bbox 566 2564 1573 2629; baseline 0.004 -19"><span class='ocrx_word' id='word_1_145' title='bbox 566 2564 627 2611; x_wconf 89' lang='lat' dir='ltr'><strong>do</strong></span> <span class='ocrx_word' id='word_1_146' title='bbox 648 2578 776 2628; x_wconf 81' lang='lat' dir='ltr'><strong>agre.</strong></span> <span class='ocrx_word' id='word_1_147' title='bbox 825 2566 1025 2625; x_wconf 69' lang='lat' dir='ltr'><strong>Amplior</strong></span> <span class='ocrx_word' id='word_1_148' title='bbox 1044 2582 1167 2613; x_wconf 83' lang='lat' dir='ltr'><strong>caena</strong></span> <span class='ocrx_word' id='word_1_149' title='bbox 1186 2575 1227 2614; x_wconf 83' lang='lat' dir='ltr'><strong>et</strong></span> <span class='ocrx_word' id='word_1_150' title='bbox 1243 2569 1436 2629; x_wconf 75' lang='lat' dir='ltr'><em>grandes</em></span> <span class='ocrx_word' id='word_1_151' title='bbox 1453 2568 1573 2622; x_wconf 80' lang='lat' dir='ltr'><strong>olloe,</strong></span> 
     </span>
     <span class='ocr_line' id='line_1_27' title="bbox 566 2629 1577 2695; baseline 0.004 -20"><span class='ocrx_word' id='word_1_152' title='bbox 566 2629 693 2691; x_wconf 88' lang='lat' dir='ltr'><strong>quod</strong></span> <span class='ocrx_word' id='word_1_153' title='bbox 714 2636 939 2693; x_wconf 76' lang='lat' dir='ltr'><strong>parantur</strong></span> <span class='ocrx_word' id='word_1_154' title='bbox 960 2636 1010 2677; x_wconf 86' lang='lat' dir='ltr'><strong>et</strong></span> <span class='ocrx_word' id='word_1_155' title='bbox 1032 2629 1329 2695; x_wconf 87' lang='lat' dir='ltr'><strong>adponuntur</strong></span> <span class='ocrx_word' id='word_1_156' title='bbox 1344 2630 1577 2695; x_wconf 70' lang='lat' dir='ltr'><strong>fratribus</strong></span> 
     </span>
     <span class='ocr_line' id='line_1_28' title="bbox 567 2692 1575 2759; baseline 0.003 -19"><span class='ocrx_word' id='word_1_157' title='bbox 567 2696 756 2757; x_wconf 73' lang='lat' dir='ltr'><strong>magnis,</strong></span> <span class='ocrx_word' id='word_1_158' title='bbox 779 2692 969 2750; x_wconf 79' lang='lat' dir='ltr'><strong>adultis,</strong></span> <span class='ocrx_word' id='word_1_159' title='bbox 991 2700 1039 2742; x_wconf 86' lang='lat' dir='ltr'><strong>et</strong></span> <span class='ocrx_word' id='word_1_160' title='bbox 1068 2709 1101 2743; x_wconf 77' lang='lat' dir='ltr'><strong>a</strong></span> <span class='ocrx_word' id='word_1_161' title='bbox 1127 2696 1299 2744; x_wconf 85' lang='lat' dir='ltr'><strong>rustico</strong></span> <span class='ocrx_word' id='word_1_162' title='bbox 1328 2709 1469 2759; x_wconf 88' lang='lat' dir='ltr'><strong>opere</strong></span> <span class='ocrx_word' id='word_1_163' title='bbox 1504 2695 1575 2743; x_wconf 83' lang='lat' dir='ltr'><strong>fa-</strong></span> 
     </span>
     <span class='ocr_line' id='line_1_29' title="bbox 566 2757 1579 2823; baseline 0.004 -20"><span class='ocrx_word' id='word_1_164' title='bbox 566 2771 693 2806; x_wconf 86' lang='lat' dir='ltr'><strong>mem</strong></span> <span class='ocrx_word' id='word_1_165' title='bbox 725 2757 955 2820; x_wconf 76' lang='lat' dir='ltr'><strong>integrnm</strong></span> <span class='ocrx_word' id='word_1_166' title='bbox 992 2759 1323 2815; x_wconf 82' lang='lat' dir='ltr'><strong>adferentibus,</strong></span> <span class='ocrx_word' id='word_1_167' title='bbox 1357 2758 1579 2823; x_wconf 86' lang='lat' dir='ltr'><strong>quodque</strong></span> 
     </span>
     <span class='ocr_line' id='line_1_30' title="bbox 567 2819 1579 2872; baseline 0.005 -5"><span class='ocrx_word' id='word_1_168' title='bbox 567 2819 616 2868; x_wconf 90' lang='lat' dir='ltr'><strong>hi</strong></span> <span class='ocrx_word' id='word_1_169' title='bbox 668 2821 764 2871; x_wconf 86' lang='lat' dir='ltr'><strong>ulte</strong></span> <span class='ocrx_word' id='word_1_170' title='bbox 784 2829 967 2871; x_wconf 82' lang='lat' dir='ltr'><strong>tantum</strong></span> <span class='ocrx_word' id='word_1_171' title='bbox 984 2831 1250 2872; x_wconf 79' lang='lat' dir='ltr'><strong>vescuntur.</strong></span> <span class='ocrx_word' id='word_1_172' title='bbox 1274 2823 1351 2872; x_wconf 78' lang='lat' dir='ltr'><strong>Cf.</strong></span> <span class='ocrx_word' id='word_1_173' title='bbox 1368 2823 1429 2871; x_wconf 74' lang='lat' dir='ltr'><strong>ad</strong></span> <span class='ocrx_word' id='word_1_174' title='bbox 1448 2825 1579 2872; x_wconf 81' lang='lat' dir='ltr'><strong>Pers.</strong></span> 
     </span>
     <span class='ocr_line' id='line_1_31' title="bbox 569 2885 1579 2952; baseline 0.005 -21"><span class='ocrx_word' id='word_1_175' title='bbox 569 2885 623 2932; x_wconf 94' lang='lat' dir='ltr'><strong>II</strong></span> <span class='ocrx_word' id='word_1_176' title='bbox 657 2921 672 2935; x_wconf 95' lang='lat'><strong>.</strong></span> <span class='ocrx_word' id='word_1_177' title='bbox 694 2889 773 2936; x_wconf 82' lang='lat'><strong>55.</strong></span> <span class='ocrx_word' id='word_1_178' title='bbox 807 2888 963 2936; x_wconf 76' lang='lat' dir='ltr'><strong>Altera</strong></span> <span class='ocrx_word' id='word_1_179' title='bbox 984 2904 1123 2944; x_wconf 75' lang='lat' dir='ltr'><strong>coma,</strong></span> <span class='ocrx_word' id='word_1_180' title='bbox 1147 2902 1258 2936; x_wconf 76' lang='lat' dir='ltr'><strong>nam</strong></span> <span class='ocrx_word' id='word_1_181' title='bbox 1288 2888 1410 2952; x_wconf 86' lang='lat' dir='ltr'><strong>prior</strong></span> <span class='ocrx_word' id='word_1_182' title='bbox 1428 2903 1579 2951; x_wconf 83' lang='lat' dir='ltr'><strong>eaque</strong></span> 
     </span>
     <span class='ocr_line' id='line_1_32' title="bbox 570 2949 1578 3066; baseline 0.005 -6"><span class='ocrx_word' id='word_1_183' title='bbox 570 2949 985 3065; x_wconf 44' lang='grc' dir='ltr'><strong>ἰήῗῗὲῗὲΐῗ.</strong></span> <span class='ocrx_word' id='word_1_184' title='bbox 1012 2951 1578 3066; x_wconf 49' lang='lat' dir='ltr'><strong>{lm‘ula‘ssfssffiffi&#39;</strong></span> 
     </span>
     <span class='ocr_line' id='line_1_33' title="bbox 569 3053 1578 3145; baseline 0.006 -21"><span class='ocrx_word' id='word_1_185' title='bbox 569 3076 704 3125; x_wconf 85' lang='lat' dir='ltr'><strong>cibus</strong></span> <span class='ocrx_word' id='word_1_186' title='bbox 754 3077 1009 3143; x_wconf 83' lang='lat' dir='ltr'><strong>priscorum</strong></span> <span class='ocrx_word' id='word_1_187' title='bbox 1062 3080 1109 3129; x_wconf 95' lang='lat' dir='ltr'><strong>It</strong></span> <span class='ocrx_word' id='word_1_188' title='bbox 1157 3096 1306 3138; x_wconf 84' lang='lat' dir='ltr'><strong>orum,</strong></span> <span class='ocrx_word' id='word_1_189' title='bbox 1361 3080 1470 3145; x_wconf 88' lang='lat' dir='ltr'><strong>(qui</strong></span> <span class='ocrx_word' id='word_1_190' title='bbox 1518 3053 1578 3130; x_wconf 56' lang='lat' dir='ltr'><strong>eo,</strong></span> 
     </span>
     <span class='ocr_line' id='line_1_34' title="bbox 571 3139 1579 3220; baseline 0.008 -32"><span class='ocrx_word' id='word_1_191' title='bbox 571 3139 705 3189; x_wconf 89' lang='lat' dir='ltr'><strong>CCC</strong></span> <span class='ocrx_word' id='word_1_192' title='bbox 726 3142 861 3191; x_wconf 84' lang='lat' dir='ltr'><strong>annis</strong></span> <span class='ocrx_word' id='word_1_193' title='bbox 882 3152 991 3192; x_wconf 77' lang='lat' dir='ltr'><strong>ante</strong></span> <span class='ocrx_word' id='word_1_194' title='bbox 1010 3145 1147 3206; x_wconf 74' lang='lat' dir='ltr'><strong>panis</strong></span> <span class='ocrx_word' id='word_1_195' title='bbox 1163 3161 1300 3194; x_wconf 83' lang='lat' dir='ltr'><strong>usum</strong></span> <span class='ocrx_word' id='word_1_196' title='bbox 1318 3148 1579 3220; x_wconf 55' lang='lat' dir='ltr'><strong>vescebajn-</strong></span> 
     </span>
     <span class='ocr_line' id='line_1_35' title="bbox 568 3204 1577 3325; baseline -0.001 -11"><span class='ocrx_word' id='word_1_197' title='bbox 568 3205 778 3325; x_wconf 53' lang='lat' dir='ltr'><strong>3523ss</strong></span> <span class='ocrx_word' id='word_1_198' title='bbox 830 3204 1311 3321; x_wconf 49' lang='lat' dir='ltr'><strong>samm?</strong></span> <span class='ocrx_word' id='word_1_199' title='bbox 1340 3225 1474 3321; x_wconf 57' lang='grc' dir='ltr'><strong>θεῖε</strong></span> <span class='ocrx_word' id='word_1_200' title='bbox 1488 3210 1577 3321; x_wconf 51' lang='lat'><strong>2:333</strong></span> 
     </span>
     <span class='ocr_line' id='line_1_36' title="bbox 532 3332 1575 3400; baseline 0.007 -20"><span class='ocrx_word' id='word_1_201' title='bbox 532 3397 537 3400; x_wconf 11' lang='grc' dir='ltr'><strong><em>ἤ</em></strong></span> <span class='ocrx_word' id='word_1_202' title='bbox 568 3332 701 3396; x_wconf 85' lang='lat' dir='ltr'><strong>tique</strong></span> <span class='ocrx_word' id='word_1_203' title='bbox 723 3332 862 3397; x_wconf 81' lang='lat' dir='ltr'><strong>hujus</strong></span> <span class='ocrx_word' id='word_1_204' title='bbox 892 3333 986 3383; x_wconf 90' lang='lat' dir='ltr'><strong>cibi</strong></span> <span class='ocrx_word' id='word_1_205' title='bbox 1017 3336 1189 3384; x_wconf 82' lang='lat' dir='ltr'><strong>mansit</strong></span> <span class='ocrx_word' id='word_1_206' title='bbox 1220 3336 1270 3384; x_wconf 87' lang='lat' dir='ltr'><strong>in</strong></span> <span class='ocrx_word' id='word_1_207' title='bbox 1303 3337 1459 3385; x_wconf 85' lang='lat' dir='ltr'><strong>sacris.</strong></span> <span class='ocrx_word' id='word_1_208' title='bbox 1496 3339 1575 3387; x_wconf 85' lang='lat' dir='ltr'><strong>Cf.</strong></span> 
     </span>
    </p>

    <p class='ocr_par' dir='ltr' id='par_1_18' title="bbox 562 3398 1580 4156">
     <span class='ocr_line' id='line_1_37' title="bbox 568 3398 1578 3451; baseline 0.005 -5"><span class='ocrx_word' id='word_1_209' title='bbox 568 3398 713 3447; x_wconf 88' lang='lat' dir='ltr'>XVI.</span> <span class='ocrx_word' id='word_1_210' title='bbox 729 3400 809 3447; x_wconf 88' lang='grc'><strong>39.</strong></span> <span class='ocrx_word' id='word_1_211' title='bbox 826 3407 876 3448; x_wconf 89' lang='lat' dir='ltr'><strong>et</strong></span> <span class='ocrx_word' id='word_1_212' title='bbox 892 3400 954 3448; x_wconf 81' lang='lat' dir='ltr'><strong>ad</strong></span> <span class='ocrx_word' id='word_1_213' title='bbox 974 3400 1072 3448; x_wconf 85' lang='lat'><strong>111.</strong></span> <span class='ocrx_word' id='word_1_214' title='bbox 1097 3402 1205 3450; x_wconf 86' lang='lat'>187.</span> <span class='ocrx_word' id='word_1_215' title='bbox 1226 3400 1354 3451; x_wconf 87' lang='lat' dir='ltr'><strong>Plin.</strong></span> <span class='ocrx_word' id='word_1_216' title='bbox 1376 3403 1578 3451; x_wconf 91' lang='lat' dir='ltr'><strong>XVIII.</strong></span> 
     </span>
     <span class='ocr_line' id='line_1_38' title="bbox 567 3463 1580 3577; baseline 0.006 -67"><span class='ocrx_word' id='word_1_217' title='bbox 567 3463 746 3577; x_wconf 50' lang='grc' dir='ltr'><strong>ὃ-ὲ-ἐὲ).</strong></span> <span class='ocrx_word' id='word_1_218' title='bbox 780 3471 829 3513; x_wconf 86' lang='lat' dir='ltr'><strong>et</strong></span> <span class='ocrx_word' id='word_1_219' title='bbox 850 3464 1028 3530; x_wconf 84' lang='lat' dir='ltr'><strong>Heynii</strong></span> <span class='ocrx_word' id='word_1_220' title='bbox 1060 3466 1240 3530; x_wconf 86' lang='lat' dir='ltr'><strong>Opusc.</strong></span> <span class='ocrx_word' id='word_1_221' title='bbox 1274 3465 1430 3519; x_wconf 77' lang='lat' dir='ltr'><strong>Acad.</strong></span> <span class='ocrx_word' id='word_1_222' title='bbox 1451 3468 1512 3514; x_wconf 91' lang='lat' dir='ltr'><strong>T.</strong></span> <span class='ocrx_word' id='word_1_223' title='bbox 1535 3469 1580 3516; x_wconf 93' lang='lat'><strong>1.</strong></span> 
     </span>
     <span class='ocr_line' id='line_1_39' title="bbox 563 3541 1577 3661; baseline 0.007 -24"><span class='ocrx_word' id='word_1_224' title='bbox 563 3541 596 3591; x_wconf 69' lang='lat' dir='ltr'><strong>P</strong></span> <span class='ocrx_word' id='word_1_225' title='bbox 635 3592 743 3640; x_wconf 85' lang='lat'><strong>172.</strong></span> <span class='ocrx_word' id='word_1_226' title='bbox 783 3594 833 3641; x_wconf 91' lang='lat' dir='ltr'>N</span> <span class='ocrx_word' id='word_1_227' title='bbox 836 3610 928 3643; x_wconf 83' lang='lat' dir='ltr'><strong>unc</strong></span> <span class='ocrx_word' id='word_1_228' title='bbox 979 3594 1099 3645; x_wconf 86' lang='lat' dir='ltr'><strong>horti</strong></span> <span class='ocrx_word' id='word_1_229' title='bbox 1152 3596 1399 3661; x_wconf 85' lang='lat' dir='ltr'><strong>ampliores</strong></span> <span class='ocrx_word' id='word_1_230' title='bbox 1449 3604 1577 3652; x_wconf 83' lang='lat' dir='ltr'><strong>sunt,</strong></span> 
     </span>
     <span class='ocr_line' id='line_1_40' title="bbox 566 3657 1577 3723; baseline 0.01 -23"><span class='ocrx_word' id='word_1_231' title='bbox 566 3667 708 3715; x_wconf 80' lang='lat' dir='ltr'><strong>quam</strong></span> <span class='ocrx_word' id='word_1_232' title='bbox 750 3657 865 3706; x_wconf 87' lang='lat' dir='ltr'><strong>olim</strong></span> <span class='ocrx_word' id='word_1_233' title='bbox 905 3659 1023 3723; x_wconf 76' lang='lat' dir='ltr'><strong>agri.</strong></span> <span class='ocrx_word' id='word_1_234' title='bbox 1090 3662 1200 3712; x_wconf 87' lang='grc'><strong>176.</strong></span> <span class='ocrx_word' id='word_1_235' title='bbox 1238 3661 1466 3716; x_wconf 77' lang='lat' dir='ltr'><strong>Indomiti,</strong></span> <span class='ocrx_word' id='word_1_236' title='bbox 1504 3660 1577 3709; x_wconf 87' lang='lat' dir='ltr'><strong>in-</strong></span> 
     </span>
     <span class='ocr_line' id='line_1_41' title="bbox 568 3718 1577 3790; baseline 0.011 -27"><span class='ocrx_word' id='word_1_237' title='bbox 568 3718 737 3775; x_wconf 82' lang='lat' dir='ltr'><strong>mensi,</strong></span> <span class='ocrx_word' id='word_1_238' title='bbox 786 3729 840 3768; x_wconf 85' lang='lat' dir='ltr'><strong>ut</strong></span> <span class='ocrx_word' id='word_1_239' title='bbox 886 3726 1103 3773; x_wconf 74' lang='lat' dir='ltr'><strong>indomita</strong></span> <span class='ocrx_word' id='word_1_240' title='bbox 1151 3727 1276 3787; x_wconf 76' lang='lat' dir='ltr'><strong>prela</strong></span> <span class='ocrx_word' id='word_1_241' title='bbox 1327 3741 1405 3790; x_wconf 80' lang='lat' dir='ltr'><strong>ap.</strong></span> <span class='ocrx_word' id='word_1_242' title='bbox 1449 3725 1577 3774; x_wconf 83' lang='lat' dir='ltr'><strong>Plin.</strong></span> 
     </span>
     <span class='ocr_line' id='line_1_42' title="bbox 569 3782 1579 3853; baseline 0.009 -24"><span class='ocrx_word' id='word_1_243' title='bbox 569 3782 743 3831; x_wconf 88' lang='lat' dir='ltr'><strong>XVII.</strong></span> <span class='ocrx_word' id='word_1_244' title='bbox 787 3785 860 3834; x_wconf 87' lang='lat'><strong>10.</strong></span> <span class='ocrx_word' id='word_1_245' title='bbox 893 3801 933 3834; x_wconf 88' lang='lat' dir='ltr'><strong>s.</strong></span> <span class='ocrx_word' id='word_1_246' title='bbox 976 3788 1053 3836; x_wconf 94' lang='lat'><strong>14.</strong></span> <span class='ocrx_word' id='word_1_247' title='bbox 1084 3789 1169 3837; x_wconf 89' lang='lat' dir='ltr'><strong>Al.</strong></span> <span class='ocrx_word' id='word_1_248' title='bbox 1201 3790 1434 3845; x_wconf 75' lang='lat' dir='ltr'><strong>Inmodici,</strong></span> <span class='ocrx_word' id='word_1_249' title='bbox 1467 3806 1579 3853; x_wconf 76' lang='lat' dir='ltr'><strong>quae</strong></span> 
     </span>
     <span class='ocr_line' id='line_1_43' title="bbox 566 3847 1577 3909; baseline 0.01 -16"><span class='ocrx_word' id='word_1_250' title='bbox 566 3847 723 3909; x_wconf 81' lang='lat' dir='ltr'><strong>glossa</strong></span> <span class='ocrx_word' id='word_1_251' title='bbox 768 3858 853 3895; x_wconf 86' lang='lat' dir='ltr'><strong>est.</strong></span> <span class='ocrx_word' id='word_1_252' title='bbox 922 3851 1030 3897; x_wconf 89' lang='lat'>177.</span> <span class='ocrx_word' id='word_1_253' title='bbox 1068 3853 1175 3900; x_wconf 84' lang='grc'><strong>178.</strong></span> <span class='ocrx_word' id='word_1_254' title='bbox 1209 3854 1286 3903; x_wconf 88' lang='lat' dir='ltr'><strong>Cf.</strong></span> <span class='ocrx_word' id='word_1_255' title='bbox 1326 3854 1443 3903; x_wconf 88' lang='lat' dir='ltr'><strong>Hor.</strong></span> <span class='ocrx_word' id='word_1_256' title='bbox 1479 3855 1577 3904; x_wconf 87' lang='lat' dir='ltr'><strong>od.</strong></span> 
     </span>
     <span class='ocr_line' id='line_1_44' title="bbox 568 3910 1572 3978; baseline 0.007 -19"><span class='ocrx_word' id='word_1_257' title='bbox 568 3910 669 3959; x_wconf 95' lang='lat' dir='ltr'>III.</span> <span class='ocrx_word' id='word_1_258' title='bbox 689 3912 770 3963; x_wconf 80' lang='lat'><strong>24.</strong></span> <span class='ocrx_word' id='word_1_259' title='bbox 786 3913 869 3962; x_wconf 84' lang='lat'><strong>34.</strong></span> <span class='ocrx_word' id='word_1_260' title='bbox 884 3928 989 3976; x_wconf 76' lang='lat' dir='ltr'><strong>seq.</strong></span> <span class='ocrx_word' id='word_1_261' title='bbox 1004 3913 1163 3977; x_wconf 84' lang='lat' dir='ltr'><strong>ibique</strong></span> <span class='ocrx_word' id='word_1_262' title='bbox 1184 3917 1447 3966; x_wconf 76' lang='lat' dir='ltr'><strong>Mitscherl.</strong></span> <span class='ocrx_word' id='word_1_263' title='bbox 1470 3934 1572 3978; x_wconf 81' lang='lat' dir='ltr'><strong>pro·</strong></span> 
     </span>
     <span class='ocr_line' id='line_1_45' title="bbox 562 3976 1575 4041; baseline 0.006 -17"><span class='ocrx_word' id='word_1_264' title='bbox 562 3979 778 4036; x_wconf 65' lang='lat' dir='ltr'><strong>peroratis,</strong></span> <span class='ocrx_word' id='word_1_265' title='bbox 799 3977 881 4041; x_wconf 88' lang='lat' dir='ltr'><strong>qui</strong></span> <span class='ocrx_word' id='word_1_266' title='bbox 895 3976 989 4026; x_wconf 83' lang='lat' dir='ltr'><strong>cito</strong></span> <span class='ocrx_word' id='word_1_267' title='bbox 1009 3978 1111 4025; x_wconf 85' lang='lat' dir='ltr'><strong>vult</strong></span> <span class='ocrx_word' id='word_1_268' title='bbox 1130 3979 1261 4029; x_wconf 76' lang='lat' dir='ltr'><strong>dives</strong></span> <span class='ocrx_word' id='word_1_269' title='bbox 1282 3982 1397 4030; x_wconf 88' lang='lat' dir='ltr'><strong>fieri.</strong></span> <span class='ocrx_word' id='word_1_270' title='bbox 1434 3983 1575 4030; x_wconf 81' lang='lat' dir='ltr'><strong>Forte</strong></span> 
     </span>
     <span class='ocr_line' id='line_1_46' title="bbox 566 4041 1575 4156; baseline 0.006 -68"><span class='ocrx_word' id='word_1_271' title='bbox 566 4041 660 4153; x_wconf 55' lang='lat'><strong>135.</strong></span> <span class='ocrx_word' id='word_1_272' title='bbox 684 4042 824 4156; x_wconf 56' lang='grc' dir='ltr'><strong>Ιρὲιῖ</strong></span> <span class='ocrx_word' id='word_1_273' title='bbox 841 4045 994 4156; x_wconf 62' lang='grc' dir='ltr'><strong><em>ηιεοάω</em></strong></span> <span class='ocrx_word' id='word_1_274' title='bbox 1011 4051 1092 4090; x_wconf 77' lang='lat' dir='ltr'><strong>aut</strong></span> <span class='ocrx_word' id='word_1_275' title='bbox 1108 4046 1268 4104; x_wconf 68' lang='lat' dir='ltr'><strong>pudor,</strong></span> <span class='ocrx_word' id='word_1_276' title='bbox 1287 4053 1343 4093; x_wconf 90' lang='lat' dir='ltr'><strong>nt</strong></span> <span class='ocrx_word' id='word_1_277' title='bbox 1355 4061 1435 4111; x_wconf 74' lang='lat' dir='ltr'><strong>ap.</strong></span> <span class='ocrx_word' id='word_1_278' title='bbox 1455 4046 1575 4095; x_wconf 83' lang='lat' dir='ltr'><strong>Hor.</strong></span> 
     </span>
    </p>

    <p class='ocr_par' dir='ltr' id='par_1_19' title="bbox 564 4169 1580 4369">
     <span class='ocr_line' id='line_1_47' title="bbox 616 4169 1580 4236; baseline 0.005 -17"><span class='ocrx_word' id='word_1_279' title='bbox 616 4172 747 4235; x_wconf 64' lang='grc'><strong>180.</strong></span> <span class='ocrx_word' id='word_1_280' title='bbox 776 4187 904 4236; x_wconf 86' lang='lat' dir='ltr'><strong>seqq.</strong></span> <span class='ocrx_word' id='word_1_281' title='bbox 943 4169 1189 4221; x_wconf 81' lang='lat' dir='ltr'><strong>Inducitur</strong></span> <span class='ocrx_word' id='word_1_282' title='bbox 1227 4188 1379 4221; x_wconf 78' lang='lat' dir='ltr'><strong>sermo</strong></span> <span class='ocrx_word' id='word_1_283' title='bbox 1419 4175 1580 4224; x_wconf 80' lang='lat' dir='ltr'><strong>Marsi</strong></span> 
     </span>
     <span class='ocr_line' id='line_1_48' title="bbox 564 4234 1580 4302; baseline 0.005 -22"><span class='ocrx_word' id='word_1_284' title='bbox 564 4234 686 4281; x_wconf 83' lang='lat' dir='ltr'><strong>senis</strong></span> <span class='ocrx_word' id='word_1_285' title='bbox 717 4243 764 4283; x_wconf 91' lang='lat' dir='ltr'><strong>et</strong></span> <span class='ocrx_word' id='word_1_286' title='bbox 786 4237 970 4286; x_wconf 81' lang='lat' dir='ltr'><strong>Vestini</strong></span> <span class='ocrx_word' id='word_1_287' title='bbox 1004 4236 1287 4302; x_wconf 81' lang='lat' dir='ltr'><strong>Hernicique</strong></span> <span class='ocrx_word' id='word_1_288' title='bbox 1318 4253 1428 4287; x_wconf 84' lang='lat' dir='ltr'><strong>cum</strong></span> <span class='ocrx_word' id='word_1_289' title='bbox 1457 4257 1580 4301; x_wconf 14' lang='lat' dir='ltr'><strong>pue-A</strong></span> 
     </span>
     <span class='ocr_line' id='line_1_49' title="bbox 564 4297 1569 4369; baseline 0.002 -17"><span class='ocrx_word' id='word_1_290' title='bbox 564 4297 720 4352; x_wconf 53' lang='lat' dir='ltr'><strong>’‘im-ha.</strong></span> <span class='ocrx_word' id='word_1_291' title='bbox 734 4314 785 4350; x_wconf 82' lang='lat' dir='ltr'><strong>e.</strong></span> <span class='ocrx_word' id='word_1_292' title='bbox 816 4302 924 4351; x_wconf 71' lang='lat' dir='ltr'><strong>filiis</strong></span> <span class='ocrx_word' id='word_1_293' title='bbox 954 4302 1080 4362; x_wconf 82' lang='lat' dir='ltr'><strong>suis;</strong></span> <span class='ocrx_word' id='word_1_294' title='bbox 1109 4310 1162 4352; x_wconf 91' lang='lat' dir='ltr'><strong>et</strong></span> <span class='ocrx_word' id='word_1_295' title='bbox 1180 4302 1434 4369; x_wconf 69' lang='lat' dir='ltr'><strong>priscorum</strong></span> <span class='ocrx_word' id='word_1_296' title='bbox 1469 4305 1569 4355; x_wconf 79' lang='lat' dir='ltr'><strong>Ita-</strong></span> 
     </span>
    </p>
   </div>
   <div class='ocr_carea' id='block_1_14' title="bbox 1615 2499 2656 2565">
    <p class='ocr_par' dir='ltr' id='par_1_20' title="bbox 1615 2499 2656 2565">
     <span class='ocr_line' id='line_1_50' title="bbox 1615 2499 2656 2565; baseline 0.005 -20"><span class='ocrx_word' id='word_1_297' title='bbox 1615 2501 1714 2557; x_wconf 73' lang='lat' dir='ltr'><strong>.1iae</strong></span> <span class='ocrx_word' id='word_1_298' title='bbox 1743 2501 2017 2550; x_wconf 76' lang='lat' dir='ltr'><strong>incolarum.</strong></span> <span class='ocrx_word' id='word_1_299' title='bbox 2035 2499 2281 2564; x_wconf 72' lang='lat' dir='ltr'><strong>frugalitas</strong></span> <span class='ocrx_word' id='word_1_300' title='bbox 2303 2516 2400 2565; x_wconf 75' lang='lat' dir='ltr'><strong>prae</strong></span> <span class='ocrx_word' id='word_1_301' title='bbox 2431 2500 2552 2549; x_wconf 86' lang='lat' dir='ltr'><strong>luxu</strong></span> <span class='ocrx_word' id='word_1_302' title='bbox 2572 2501 2656 2550; x_wconf 88' lang='lat' dir='ltr'><strong>ho—</strong></span> 
     </span>
    </p>
   </div>
   <div class='ocr_carea' id='block_1_15' title="bbox 1634 2564 2660 4371">
    <p class='ocr_par' dir='ltr' id='par_1_21' title="bbox 1638 2564 2660 2951">
     <span class='ocr_line' id='line_1_51' title="bbox 1639 2564 2658 2629; baseline 0.001 -16"><span class='ocrx_word' id='word_1_303' title='bbox 1639 2566 1836 2623; x_wconf 88' lang='lat' dir='ltr'><strong>minum,</strong></span> <span class='ocrx_word' id='word_1_304' title='bbox 1892 2565 1966 2613; x_wconf 89' lang='lat' dir='ltr'><strong>his</strong></span> <span class='ocrx_word' id='word_1_305' title='bbox 2027 2564 2311 2629; x_wconf 81' lang='lat' dir='ltr'><strong>temporibus</strong></span> <span class='ocrx_word' id='word_1_306' title='bbox 2377 2564 2658 2623; x_wconf 77' lang='lat' dir='ltr'><strong>viventium,</strong></span> 
     </span>
     <span class='ocr_line' id='line_1_52' title="bbox 1638 2629 2654 2679; baseline 0.002 -2"><span class='ocrx_word' id='word_1_307' title='bbox 1638 2629 1875 2678; x_wconf 81' lang='lat' dir='ltr'><strong>laudatur.</strong></span> <span class='ocrx_word' id='word_1_308' title='bbox 1941 2630 2066 2679; x_wconf 88' lang='lat' dir='ltr'><strong>Cum</strong></span> <span class='ocrx_word' id='word_1_309' title='bbox 2088 2630 2274 2678; x_wconf 88' lang='lat' dir='ltr'><strong>delectu</strong></span> <span class='ocrx_word' id='word_1_310' title='bbox 2296 2637 2455 2677; x_wconf 86' lang='lat' dir='ltr'><strong>autem</strong></span> <span class='ocrx_word' id='word_1_311' title='bbox 2478 2645 2654 2679; x_wconf 84' lang='lat' dir='ltr'><strong>memo·</strong></span> 
     </span>
     <span class='ocr_line' id='line_1_53' title="bbox 1640 2694 2659 2757; baseline 0.001 -14"><span class='ocrx_word' id='word_1_312' title='bbox 1640 2700 1800 2743; x_wconf 78' lang='lat' dir='ltr'><strong>rantur</strong></span> <span class='ocrx_word' id='word_1_313' title='bbox 1826 2694 1986 2750; x_wconf 66' lang='lat' dir='ltr'><strong>Marsi,</strong></span> <span class='ocrx_word' id='word_1_314' title='bbox 2009 2694 2204 2742; x_wconf 79' lang='lat' dir='ltr'><strong>Hernici</strong></span> <span class='ocrx_word' id='word_1_315' title='bbox 2218 2702 2267 2742; x_wconf 85' lang='lat' dir='ltr'><strong>et</strong></span> <span class='ocrx_word' id='word_1_316' title='bbox 2287 2694 2472 2750; x_wconf 78' lang='lat' dir='ltr'><strong>Vestini,</strong></span> <span class='ocrx_word' id='word_1_317' title='bbox 2493 2703 2659 2757; x_wconf 81' lang='lat' dir='ltr'><strong>gentes</strong></span> 
     </span>
     <span class='ocr_line' id='line_1_54' title="bbox 1643 2758 2658 2833; baseline 0.001 -26"><span class='ocrx_word' id='word_1_318' title='bbox 1643 2758 1881 2807; x_wconf 75' lang='lat' dir='ltr'><strong>laboribus</strong></span> <span class='ocrx_word' id='word_1_319' title='bbox 1897 2759 2131 2823; x_wconf 74' lang='lat' dir='ltr'><strong>bellisque</strong></span> <span class='ocrx_word' id='word_1_320' title='bbox 2152 2773 2342 2823; x_wconf 60' lang='lat' dir='ltr'><strong>aspera.</strong></span> <span class='ocrx_word' id='word_1_321' title='bbox 2365 2759 2448 2807; x_wconf 86' lang='lat' dir='ltr'><strong>Cf.</strong></span> <span class='ocrx_word' id='word_1_322' title='bbox 2467 2775 2574 2833; x_wconf 64' lang='lat' dir='ltr'><strong>sup.</strong></span> <span class='ocrx_word' id='word_1_323' title='bbox 2596 2760 2658 2808; x_wconf 86' lang='lat' dir='ltr'><strong>ad</strong></span> 
     </span>
     <span class='ocr_line' id='line_1_55' title="bbox 1644 2822 2660 2888; baseline 0.002 -18"><span class='ocrx_word' id='word_1_324' title='bbox 1644 2823 1745 2871; x_wconf 91' lang='lat'><strong>111.</strong></span> <span class='ocrx_word' id='word_1_325' title='bbox 1773 2825 1880 2872; x_wconf 88' lang='grc'><strong>169.</strong></span> <span class='ocrx_word' id='word_1_326' title='bbox 1901 2824 1993 2871; x_wconf 88' lang='lat' dir='ltr'><strong>VI.</strong></span> <span class='ocrx_word' id='word_1_327' title='bbox 2015 2825 2123 2871; x_wconf 89' lang='lat'>164.</span> <span class='ocrx_word' id='word_1_328' title='bbox 2142 2831 2191 2872; x_wconf 86' lang='lat' dir='ltr'><strong>et</strong></span> <span class='ocrx_word' id='word_1_329' title='bbox 2211 2824 2381 2887; x_wconf 82' lang='lat' dir='ltr'><strong>Heyne</strong></span> <span class='ocrx_word' id='word_1_330' title='bbox 2404 2822 2469 2871; x_wconf 85' lang='lat' dir='ltr'><strong>ad</strong></span> <span class='ocrx_word' id='word_1_331' title='bbox 2486 2825 2660 2888; x_wconf 76' lang='lat' dir='ltr'><strong>Vugil.</strong></span> 
     </span>
     <span class='ocr_line' id='line_1_56' title="bbox 1646 2887 2118 2951; baseline -0.004 -16"><span class='ocrx_word' id='word_1_332' title='bbox 1646 2888 1738 2935; x_wconf 91' lang='lat' dir='ltr'><strong>Ge.</strong></span> <span class='ocrx_word' id='word_1_333' title='bbox 1759 2887 1831 2934; x_wconf 90' lang='grc' dir='ltr'><strong>ΙΙ.</strong></span> <span class='ocrx_word' id='word_1_334' title='bbox 1861 2888 1965 2935; x_wconf 87' lang='lat'>167.</span> <span class='ocrx_word' id='word_1_335' title='bbox 1988 2903 2118 2951; x_wconf 87' lang='lat' dir='ltr'><strong>seqq.</strong></span> 
     </span>
    </p>

    <p class='ocr_par' dir='ltr' id='par_1_22' title="bbox 1639 2952 2658 3402">
     <span class='ocr_line' id='line_1_57' title="bbox 1713 2952 2657 3016; baseline 0 -16"><span class='ocrx_word' id='word_1_336' title='bbox 1713 2952 1820 3000; x_wconf 82' lang='grc'><strong>182.</strong></span> <span class='ocrx_word' id='word_1_337' title='bbox 1856 2952 1950 3006; x_wconf 74' lang='lat' dir='ltr'><strong>Qui</strong></span> <span class='ocrx_word' id='word_1_338' title='bbox 1980 2955 2086 3000; x_wconf 74' lang='lat' dir='ltr'><strong>satis</strong></span> <span class='ocrx_word' id='word_1_339' title='bbox 2115 2960 2177 2999; x_wconf 69' lang='lat' dir='ltr'><strong>est</strong></span> <span class='ocrx_word' id='word_1_340' title='bbox 2210 2954 2383 3009; x_wconf 71' lang='lat' dir='ltr'><strong>mensis,</strong></span> <span class='ocrx_word' id='word_1_341' title='bbox 2403 2952 2489 3016; x_wconf 87' lang='lat' dir='ltr'><strong>qui</strong></span> <span class='ocrx_word' id='word_1_342' title='bbox 2514 2952 2657 3001; x_wconf 82' lang='lat' dir='ltr'><strong>victui</strong></span> 
     </span>
     <span class='ocr_line' id='line_1_58' title="bbox 1645 3015 2656 3077; baseline 0.002 -14"><span class='ocrx_word' id='word_1_343' title='bbox 1645 3015 1888 3064; x_wconf 73' lang='lat' dir='ltr'><strong>tolerando</strong></span> <span class='ocrx_word' id='word_1_344' title='bbox 1938 3015 2154 3077; x_wconf 80' lang='lat' dir='ltr'><strong>subficit3</strong></span> <span class='ocrx_word' id='word_1_345' title='bbox 2221 3016 2311 3064; x_wconf 87' lang='lat' dir='ltr'><strong>nisi</strong></span> <span class='ocrx_word' id='word_1_346' title='bbox 2358 3017 2500 3065; x_wconf 84' lang='lat' dir='ltr'><strong>malis</strong></span> <span class='ocrx_word' id='word_1_347' title='bbox 2547 3033 2656 3065; x_wconf 87' lang='lat' dir='ltr'><strong>cum</strong></span> 
     </span>
     <span class='ocr_line' id='line_1_59' title="bbox 1639 3080 2655 3146; baseline -0.001 -17"><span class='ocrx_word' id='word_1_348' title='bbox 1639 3080 1744 3129; x_wconf 83' lang='lat' dir='ltr'><strong>aliis</strong></span> <span class='ocrx_word' id='word_1_349' title='bbox 1767 3083 1881 3138; x_wconf 73' lang='lat' dir='ltr'><strong>Quis</strong></span> <span class='ocrx_word' id='word_1_350' title='bbox 1903 3081 2087 3144; x_wconf 82' lang='lat' dir='ltr'><strong>legere:</strong></span> <span class='ocrx_word' id='word_1_351' title='bbox 2120 3090 2274 3129; x_wconf 80' lang='lat' dir='ltr'><strong>aratro</strong></span> <span class='ocrx_word' id='word_1_352' title='bbox 2288 3097 2456 3143; x_wconf 78' lang='lat' dir='ltr'><strong>panem</strong></span> <span class='ocrx_word' id='word_1_353' title='bbox 2482 3099 2655 3146; x_wconf 68' lang='grc' dir='ltr'><strong>«ματα-</strong></span> 
     </span>
     <span class='ocr_line' id='line_1_60' title="bbox 1639 3144 2658 3210; baseline 0.002 -17"><span class='ocrx_word' id='word_1_354' title='bbox 1639 3162 1736 3193; x_wconf 75' lang='lat' dir='ltr'><strong>mm</strong></span> <span class='ocrx_word' id='word_1_355' title='bbox 1756 3147 1914 3193; x_wconf 74' lang='lat' dir='ltr'><strong>mensis</strong></span> <span class='ocrx_word' id='word_1_356' title='bbox 1934 3145 2118 3202; x_wconf 79' lang='lat' dir='ltr'><strong>nostris,</strong></span> <span class='ocrx_word' id='word_1_357' title='bbox 2136 3144 2236 3208; x_wconf 67' lang='lat' dir='ltr'><strong>quis</strong></span> <span class='ocrx_word' id='word_1_358' title='bbox 2253 3148 2361 3193; x_wconf 71' lang='lat' dir='ltr'><strong>satis</strong></span> <span class='ocrx_word' id='word_1_359' title='bbox 2381 3157 2461 3203; x_wconf 74' lang='lat' dir='ltr'><strong>est,</strong></span> <span class='ocrx_word' id='word_1_360' title='bbox 2483 3146 2658 3210; x_wconf 84' lang='lat' dir='ltr'><strong>quibus</strong></span> 
     </span>
     <span class='ocr_line' id='line_1_61' title="bbox 1640 3209 2655 3276; baseline 0.003 -20"><span class='ocrx_word' id='word_1_361' title='bbox 1640 3209 1825 3259; x_wconf 63' lang='lat' dir='ltr'><strong>subiicit</strong></span> <span class='ocrx_word' id='word_1_362' title='bbox 1848 3209 2002 3274; x_wconf 77' lang='lat' dir='ltr'><strong>panis.</strong></span> <span class='ocrx_word' id='word_1_363' title='bbox 2066 3211 2173 3258; x_wconf 82' lang='lat'>183.</span> <span class='ocrx_word' id='word_1_364' title='bbox 2199 3211 2307 3258; x_wconf 83' lang='lat'><strong>184.</strong></span> <span class='ocrx_word' id='word_1_365' title='bbox 2328 3209 2408 3258; x_wconf 84' lang='lat' dir='ltr'><strong>Cf.</strong></span> <span class='ocrx_word' id='word_1_366' title='bbox 2430 3226 2536 3276; x_wconf 87' lang='lat' dir='ltr'><strong>sup.</strong></span> <span class='ocrx_word' id='word_1_367' title='bbox 2557 3212 2655 3259; x_wconf 90' lang='lat' dir='ltr'><strong>VI.</strong></span> 
     </span>
     <span class='ocr_line' id='line_1_62' title="bbox 1651 3273 2652 3338; baseline 0.001 -17"><span class='ocrx_word' id='word_1_368' title='bbox 1651 3276 1720 3322; x_wconf 82' lang='lat'><strong>10.</strong></span> <span class='ocrx_word' id='word_1_369' title='bbox 1834 3291 1881 3338; x_wconf 93' lang='lat' dir='ltr'><strong>q.</strong></span> <span class='ocrx_word' id='word_1_370' title='bbox 1915 3273 2050 3337; x_wconf 85' lang='lat' dir='ltr'><strong>Virg.</strong></span> <span class='ocrx_word' id='word_1_371' title='bbox 2083 3273 2176 3323; x_wconf 86' lang='lat' dir='ltr'><strong>Ge.</strong></span> <span class='ocrx_word' id='word_1_372' title='bbox 2209 3276 2254 3323; x_wconf 86' lang='grc' dir='ltr'><strong>Ι.</strong></span> <span class='ocrx_word' id='word_1_373' title='bbox 2287 3275 2333 3322; x_wconf 87' lang='grc'><strong>7.</strong></span> <span class='ocrx_word' id='word_1_374' title='bbox 2361 3275 2409 3323; x_wconf 87' lang='grc'><strong>8.</strong></span> <span class='ocrx_word' id='word_1_375' title='bbox 2439 3284 2488 3324; x_wconf 83' lang='lat' dir='ltr'><strong>et</strong></span> <span class='ocrx_word' id='word_1_376' title='bbox 2509 3275 2652 3324; x_wconf 84' lang='lat' dir='ltr'><strong>Ovid.</strong></span> 
     </span>
     <span class='ocr_line' id='line_1_63' title="bbox 1643 3339 2138 3402; baseline 0 -16"><span class='ocrx_word' id='word_1_377' title='bbox 1643 3339 1775 3386; x_wconf 84' lang='lat' dir='ltr'><strong>Fast.</strong></span> <span class='ocrx_word' id='word_1_378' title='bbox 1828 3373 1843 3387; x_wconf 93' lang='lat'>.</span> <span class='ocrx_word' id='word_1_379' title='bbox 1864 3339 1979 3387; x_wconf 88' lang='lat'>675.</span> <span class='ocrx_word' id='word_1_380' title='bbox 2004 3353 2138 3402; x_wconf 88' lang='lat' dir='ltr'><strong>seqq.</strong></span> 
     </span>
    </p>

    <p class='ocr_par' dir='ltr' id='par_1_23' title="bbox 1634 3401 2660 4307">
     <span class='ocr_line' id='line_1_64' title="bbox 1711 3401 2656 3466; baseline 0 -15"><span class='ocrx_word' id='word_1_381' title='bbox 1711 3404 1820 3452; x_wconf 85' lang='lat'>185.</span> <span class='ocrx_word' id='word_1_382' title='bbox 1856 3403 1939 3450; x_wconf 80' lang='lat' dir='ltr'><strong>Nil</strong></span> <span class='ocrx_word' id='word_1_383' title='bbox 1969 3405 2169 3457; x_wconf 76' lang='lat' dir='ltr'><strong>vetitum,</strong></span> <span class='ocrx_word' id='word_1_384' title='bbox 2206 3401 2339 3459; x_wconf 86' lang='lat' dir='ltr'><strong>nihil,</strong></span> <span class='ocrx_word' id='word_1_385' title='bbox 2361 3404 2492 3466; x_wconf 86' lang='lat' dir='ltr'><strong>quod</strong></span> <span class='ocrx_word' id='word_1_386' title='bbox 2523 3404 2656 3453; x_wconf 77' lang='lat' dir='ltr'><strong>nefas</strong></span> 
     </span>
     <span class='ocr_line' id='line_1_65' title="bbox 1642 3466 2655 3531; baseline 0 -16"><span class='ocrx_word' id='word_1_387' title='bbox 1642 3473 1731 3527; x_wconf 79' lang='lat' dir='ltr'><strong>est,</strong></span> <span class='ocrx_word' id='word_1_388' title='bbox 1739 3466 1903 3531; x_wconf 73' lang='lat' dir='ltr'><strong>fecisse</strong></span> <span class='ocrx_word' id='word_1_389' title='bbox 1923 3468 2052 3524; x_wconf 70' lang='lat' dir='ltr'><strong>volet,</strong></span> <span class='ocrx_word' id='word_1_390' title='bbox 2074 3467 2231 3524; x_wconf 72' lang='lat' dir='ltr'><strong>faciet,</strong></span> <span class='ocrx_word' id='word_1_391' title='bbox 2248 3468 2325 3517; x_wconf 80' lang='lat' dir='ltr'><strong>vel</strong></span> <span class='ocrx_word' id='word_1_392' title='bbox 2344 3468 2500 3517; x_wconf 81' lang='lat' dir='ltr'><strong>faeere</strong></span> <span class='ocrx_word' id='word_1_393' title='bbox 2519 3469 2655 3526; x_wconf 86' lang='lat' dir='ltr'><strong>solet,</strong></span> 
     </span>
     <span class='ocr_line' id='line_1_66' title="bbox 1640 3533 2660 3597; baseline 0.003 -19"><span class='ocrx_word' id='word_1_394' title='bbox 1640 3548 1767 3594; x_wconf 80' lang='lat' dir='ltr'><strong>quem</strong></span> <span class='ocrx_word' id='word_1_395' title='bbox 1788 3549 1876 3579; x_wconf 84' lang='lat' dir='ltr'><strong>non</strong></span> <span class='ocrx_word' id='word_1_396' title='bbox 1891 3535 2046 3593; x_wconf 84' lang='lat' dir='ltr'><strong>pudet,</strong></span> <span class='ocrx_word' id='word_1_397' title='bbox 2065 3533 2157 3580; x_wconf 82' lang='lat' dir='ltr'><strong>alto</strong></span> <span class='ocrx_word' id='word_1_398' title='bbox 2179 3548 2266 3594; x_wconf 77' lang='lat' dir='ltr'><strong>per</strong></span> <span class='ocrx_word' id='word_1_399' title='bbox 2282 3534 2479 3597; x_wconf 72' lang='lat' dir='ltr'><strong>glaciem</strong></span> <span class='ocrx_word' id='word_1_400' title='bbox 2498 3549 2660 3594; x_wconf 74' lang='lat' dir='ltr'><strong>perone</strong></span> 
     </span>
     <span class='ocr_line' id='line_1_67' title="bbox 1642 3595 2658 3660; baseline 0.001 -17"><span class='ocrx_word' id='word_1_401' title='bbox 1642 3597 1733 3659; x_wconf 68' lang='lat' dir='ltr'><strong>tegi</strong></span> <span class='ocrx_word' id='word_1_402' title='bbox 1768 3604 1857 3644; x_wconf 77' lang='lat' dir='ltr'><strong>cet.</strong></span> <span class='ocrx_word' id='word_1_403' title='bbox 1899 3595 1948 3645; x_wconf 88' lang='lat' dir='ltr'><strong>h.</strong></span> <span class='ocrx_word' id='word_1_404' title='bbox 1985 3613 2029 3645; x_wconf 92' lang='lat' dir='ltr'><strong>e.</strong></span> <span class='ocrx_word' id='word_1_405' title='bbox 2066 3596 2205 3645; x_wconf 91' lang='lat' dir='ltr'><strong>homo</strong></span> <span class='ocrx_word' id='word_1_406' title='bbox 2240 3596 2474 3660; x_wconf 56' lang='lat' dir='ltr'><strong>frugaliss</strong></span> <span class='ocrx_word' id='word_1_407' title='bbox 2493 3598 2574 3660; x_wconf 89' lang='lat' dir='ltr'><strong>qui</strong></span> <span class='ocrx_word' id='word_1_408' title='bbox 2608 3597 2658 3645; x_wconf 86' lang='lat' dir='ltr'><strong>iu</strong></span> 
     </span>
     <span class='ocr_line' id='line_1_68' title="bbox 1643 3657 2656 3717; baseline 0.004 -10"><span class='ocrx_word' id='word_1_409' title='bbox 1643 3657 1814 3708; x_wconf 76' lang='lat' dir='ltr'><strong>vestitu</strong></span> <span class='ocrx_word' id='word_1_410' title='bbox 1835 3675 1927 3707; x_wconf 88' lang='lat' dir='ltr'><strong>non</strong></span> <span class='ocrx_word' id='word_1_411' title='bbox 1948 3668 2138 3709; x_wconf 84' lang='lat' dir='ltr'><strong>ornatus</strong></span> <span class='ocrx_word' id='word_1_412' title='bbox 2155 3669 2201 3710; x_wconf 81' lang='lat' dir='ltr'><strong>et</strong></span> <span class='ocrx_word' id='word_1_413' title='bbox 2224 3661 2405 3717; x_wconf 85' lang='lat' dir='ltr'><strong>nitoris,</strong></span> <span class='ocrx_word' id='word_1_414' title='bbox 2422 3661 2508 3710; x_wconf 85' lang='lat' dir='ltr'><strong>sed</strong></span> <span class='ocrx_word' id='word_1_415' title='bbox 2531 3678 2656 3717; x_wconf 86' lang='lat' dir='ltr'><strong>usus,</strong></span> 
     </span>
     <span class='ocr_line' id='line_1_69' title="bbox 1641 3725 2655 3789; baseline 0.003 -17"><span class='ocrx_word' id='word_1_416' title='bbox 1641 3738 1785 3787; x_wconf 81' lang='lat' dir='ltr'><strong>quem</strong></span> <span class='ocrx_word' id='word_1_417' title='bbox 1815 3733 2024 3789; x_wconf 64' lang='lat' dir='ltr'><strong>praestat,</strong></span> <span class='ocrx_word' id='word_1_418' title='bbox 2045 3725 2269 3774; x_wconf 87' lang='lat' dir='ltr'><strong>rationem</strong></span> <span class='ocrx_word' id='word_1_419' title='bbox 2304 3726 2465 3780; x_wconf 80' lang='lat' dir='ltr'><strong>habet,</strong></span> <span class='ocrx_word' id='word_1_420' title='bbox 2490 3740 2655 3789; x_wconf 84' lang='lat' dir='ltr'><strong>quem-</strong></span> 
     </span>
     <span class='ocr_line' id='line_1_70' title="bbox 1642 3789 2656 3856; baseline 0.004 -20"><span class='ocrx_word' id='word_1_421' title='bbox 1642 3803 1749 3852; x_wconf 57' lang='lat' dir='ltr'><strong>que&gt;</strong></span> <span class='ocrx_word' id='word_1_422' title='bbox 1768 3803 1863 3837; x_wconf 89' lang='lat' dir='ltr'><strong>non</strong></span> <span class='ocrx_word' id='word_1_423' title='bbox 1895 3789 2059 3855; x_wconf 80' lang='lat' dir='ltr'><strong>pudet,</strong></span> <span class='ocrx_word' id='word_1_424' title='bbox 2092 3789 2176 3838; x_wconf 82' lang='lat' dir='ltr'><strong>vili</strong></span> <span class='ocrx_word' id='word_1_425' title='bbox 2207 3789 2373 3839; x_wconf 78' lang='lat' dir='ltr'><strong>habitu</strong></span> <span class='ocrx_word' id='word_1_426' title='bbox 2399 3805 2656 3856; x_wconf 80' lang='lat' dir='ltr'><strong>crassoque</strong></span> 
     </span>
     <span class='ocr_line' id='line_1_71' title="bbox 1640 3854 2655 3918; baseline 0.001 -16"><span class='ocrx_word' id='word_1_427' title='bbox 1640 3868 1798 3918; x_wconf 77' lang='lat' dir='ltr'><strong>panno</strong></span> <span class='ocrx_word' id='word_1_428' title='bbox 1818 3854 1905 3910; x_wconf 87' lang='lat' dir='ltr'><strong>uti,</strong></span> <span class='ocrx_word' id='word_1_429' title='bbox 1928 3870 2021 3917; x_wconf 88' lang='lat' dir='ltr'><strong>quo</strong></span> <span class='ocrx_word' id='word_1_430' title='bbox 2042 3854 2187 3918; x_wconf 84' lang='lat' dir='ltr'><strong>frigus</strong></span> <span class='ocrx_word' id='word_1_431' title='bbox 2202 3861 2377 3903; x_wconf 78' lang='lat' dir='ltr'><strong>arceat.</strong></span> <span class='ocrx_word' id='word_1_432' title='bbox 2426 3855 2655 3911; x_wconf 83' lang='lat' dir='ltr'><strong>Pero‚co-</strong></span> 
     </span>
     <span class='ocr_line' id='line_1_72' title="bbox 1636 3917 2654 3980; baseline 0.003 -16"><span class='ocrx_word' id='word_1_433' title='bbox 1636 3917 1756 3965; x_wconf 82' lang='lat' dir='ltr'><strong>rium</strong></span> <span class='ocrx_word' id='word_1_434' title='bbox 1771 3918 1986 3967; x_wconf 83' lang='lat' dir='ltr'><strong>crudum.</strong></span> <span class='ocrx_word' id='word_1_435' title='bbox 2006 3919 2165 3977; x_wconf 80' lang='lat' dir='ltr'><strong>Gloss.</strong></span> <span class='ocrx_word' id='word_1_436' title='bbox 2182 3921 2529 3968; x_wconf 60' lang='lat' dir='ltr'><strong>calceamenti</strong></span> <span class='ocrx_word' id='word_1_437' title='bbox 2542 3920 2654 3980; x_wconf 74' lang='lat' dir='ltr'><strong>pilo-</strong></span> 
     </span>
     <span class='ocr_line' id='line_1_73' title="bbox 1636 3983 2654 4049; baseline 0.001 -20"><span class='ocrx_word' id='word_1_438' title='bbox 1636 3998 1735 4029; x_wconf 75' lang='lat' dir='ltr'><strong>sum</strong></span> <span class='ocrx_word' id='word_1_439' title='bbox 1766 3983 2012 4047; x_wconf 74' lang='lat' dir='ltr'><strong>(rusticum</strong></span> <span class='ocrx_word' id='word_1_440' title='bbox 2042 4000 2121 4049; x_wconf 84' lang='lat' dir='ltr'><strong>ap.</strong></span> <span class='ocrx_word' id='word_1_441' title='bbox 2154 3983 2324 4032; x_wconf 87' lang='lat' dir='ltr'><strong>Isidor.</strong></span> <span class='ocrx_word' id='word_1_442' title='bbox 2352 3983 2490 4046; x_wconf 86' lang='lat' dir='ltr'><strong>Orig.</strong></span> <span class='ocrx_word' id='word_1_443' title='bbox 2513 3985 2654 4031; x_wconf 89' lang='lat' dir='ltr'>XIX.</span> 
     </span>
     <span class='ocr_line' id='line_1_74' title="bbox 1638 4047 2656 4114; baseline 0.001 -19"><span class='ocrx_word' id='word_1_444' title='bbox 1638 4048 1748 4111; x_wconf 85' lang='lat'>34.)</span> <span class='ocrx_word' id='word_1_445' title='bbox 1781 4047 1917 4111; x_wconf 75' lang='lat' dir='ltr'><strong>eujus</strong></span> <span class='ocrx_word' id='word_1_446' title='bbox 1930 4056 2040 4097; x_wconf 77' lang='lat' dir='ltr'><strong>erat</strong></span> <span class='ocrx_word' id='word_1_447' title='bbox 2068 4062 2183 4096; x_wconf 79' lang='lat' dir='ltr'><strong>usus</strong></span> <span class='ocrx_word' id='word_1_448' title='bbox 2202 4055 2412 4114; x_wconf 78' lang='lat' dir='ltr'><strong>tempore</strong></span> <span class='ocrx_word' id='word_1_449' title='bbox 2444 4048 2656 4096; x_wconf 82' lang='lat' dir='ltr'><strong>hiberno.</strong></span> 
     </span>
     <span class='ocr_line' id='line_1_75' title="bbox 1634 4112 2655 4176; baseline 0 -17"><span class='ocrx_word' id='word_1_450' title='bbox 1634 4114 1854 4160; x_wconf 69' lang='lat' dir='ltr'><strong>nabrnovaet</strong></span> <span class='ocrx_word' id='word_1_451' title='bbox 1873 4113 2032 4168; x_wconf 72' lang='lat' dir='ltr'><strong>Euros,</strong></span> <span class='ocrx_word' id='word_1_452' title='bbox 2053 4112 2151 4161; x_wconf 75' lang='lat' dir='ltr'><strong>vim</strong></span> <span class='ocrx_word' id='word_1_453' title='bbox 2169 4119 2417 4162; x_wconf 74' lang='lat' dir='ltr'><strong>ventomm</strong></span> <span class='ocrx_word' id='word_1_454' title='bbox 2438 4112 2655 4176; x_wconf 73' lang='lat' dir='ltr'><strong>aerisque</strong></span> 
     </span>
     <span class='ocr_line' id='line_1_76' title="bbox 1636 4175 2654 4241; baseline 0.002 -18"><span class='ocrx_word' id='word_1_455' title='bbox 1636 4175 1865 4239; x_wconf 79' lang='lat' dir='ltr'><strong>injuriam·</strong></span> <span class='ocrx_word' id='word_1_456' title='bbox 1883 4184 2027 4226; x_wconf 78' lang='lat' dir='ltr'><strong>arcet.</strong></span> <span class='ocrx_word' id='word_1_457' title='bbox 2091 4177 2293 4225; x_wconf 62' lang='lat' dir='ltr'><strong>Pellibus</strong></span> <span class='ocrx_word' id='word_1_458' title='bbox 2325 4180 2524 4235; x_wconf 74' lang='lat' dir='ltr'><strong>inversis,</strong></span> <span class='ocrx_word' id='word_1_459' title='bbox 2545 4191 2654 4241; x_wconf 73' lang='lat' dir='ltr'><strong>quae</strong></span> 
     </span>
     <span class='ocr_line' id='line_1_77' title="bbox 1636 4240 2658 4307; baseline 0.002 -18"><span class='ocrx_word' id='word_1_460' title='bbox 1636 4240 1883 4299; x_wconf 74' lang='lat' dir='ltr'><strong>introrsum</strong></span> <span class='ocrx_word' id='word_1_461' title='bbox 1900 4241 2241 4307; x_wconf 32' lang='lat' dir='ltr'><strong>*piloshabenh</strong></span> <span class='ocrx_word' id='word_1_462' title='bbox 2483 4294 2490 4299; x_wconf 63' lang='grc'><strong>,</strong></span> <span class='ocrx_word' id='word_1_463' title='bbox 2561 4254 2569 4261; x_wconf 81' lang='grc'><strong>“</strong></span> <span class='ocrx_word' id='word_1_464' title='bbox 2655 4274 2658 4283; x_wconf 92' lang='lat'><em>·</em></span> 
     </span>
    </p>

    <p class='ocr_par' dir='ltr' id='par_1_24' title="bbox 1706 4302 2652 4371">
     <span class='ocr_line' id='line_1_78' title="bbox 1706 4302 2652 4371; baseline -0.001 -17"><span class='ocrx_word' id='word_1_465' title='bbox 1706 4307 1812 4356; x_wconf 80' lang='lat'><strong>187.</strong></span> <span class='ocrx_word' id='word_1_466' title='bbox 1829 4307 2039 4357; x_wconf 59' lang='lat' dir='ltr'>›188.-cf.</span> <span class='ocrx_word' id='word_1_467' title='bbox 2058 4308 2199 4371; x_wconf 71' lang='lat' dir='ltr'>Prop.</span> <span class='ocrx_word' id='word_1_468' title='bbox 2215 4307 2322 4357; x_wconf 82' lang='lat'><strong>111.</strong></span> <span class='ocrx_word' id='word_1_469' title='bbox 2341 4308 2421 4356; x_wconf 75' lang='lat'><strong>13.</strong></span> <span class='ocrx_word' id='word_1_470' title='bbox 2436 4302 2533 4371; x_wconf 72' lang='lat' dir='ltr'><strong>(al.</strong></span> <span class='ocrx_word' id='word_1_471' title='bbox 2544 4306 2652 4366; x_wconf 74' lang='lat' dir='ltr'><strong>n.)</strong></span> 
     </span>
    </p>
   </div>
  </div>
 </body>
</html>
