2978 4920
993 319 1472 392 ''SATI'RA
1520 321 1667 412 xv.

2234 324 2363 393 883

366 503 570 587 Tela;
617 511 929 582 necxh‘uuc
958 505 1265 597 lapidem„
1285 514 1505 598 quales
1528 524 1596 577 et
1628 510 1913 591 TurnuS,
1932 524 2000 577 et
2032 511 2356 597 ejus-⁸65

370 613 487 678 vel
516 636 645 700 quo
677 611 966 700 Tydides
992 615 1302 699 percussit
1331 612 1889 699 ponderecoxam‘
2158 685 2161 690 ⁴
2247 627 2257 658 ³

367 718 630 790 AEneae3
677 715 789 780 sed
818 735 1010 802 quem
1038 715 1287 780 valeant
1312 716 1604 780 emittere
1633 716 1895 780 dextrae:
2018 733 2025 738 ’
2254 711 2259 716 ’

284 807 287 812 ’
344 819 510 884 -Illis
539 819 866 884 dissimiles
896 828 959 883 et
990 830 1203 883 nostro
1233 830 1517 904 tempore
1545 829 1730 882 natae.

364 922 531 984 Nam
559 943 759 1007 genus
787 920 907 983 hoc
934 919 1085 982 ‘vivo
1104 920 1240 1005 jam
1268 919 1665 983 decrescebat
1691 921 1997 984 Homero.

365 1022 572 1085 Terra
599 1021 796 1085 malos
824 1009 1107 1086 homines
1133 1031 1305 1082 ‘nunc
1333 1019 1565 1084 educat
1592 1032 1788 1106 atque
1815 1020 2095 1107 pusillos.

2252 1012 2355 1087 ‘70

365 1123 543 1209 Ergo
574 1123 778 1200 DeuS,
809 1122 1201 1209 quicumque
1230 1120 1546 1207 adspexit,
1570 1121 1735 1187 ridet
1764 1135 1826 1187 et
1855 1123 2011 1187 odit.

451 1224 517 1285 A
547 1222 936 1287 deverticulo
964 1233 1291 1308 repetatur
1318 1221 1555 1287 fabula.
1588 1233 1929 1311 postquam

369 1324 688 1388 Subsidiis
718 1325 913 1402 aucti,
944 1347 1092 1410 pars
1122 1324 1332 1388 altera'
1349 1346 1641 1410 promere
1669 1325 1908 1390 ferrum

362 1424 610 1502 Audet,
641 1437 704 1489 et
730 1423 972 1488 infestis
1002 1426 1665 1516 pugnam-‘instaurare
1696 1427 1970 1513 sagittis:

364 1525 584 1610 Terga
611 1525 785 1610 fugae
813 1525 997 1589 celeri
1027 1524 1482 1611 praestantibus
1502 1527 1823 1604 omnibuS‚
1846 1527 2107 1606 instant,

364 1626 493 1703 Qui
522 1626 727 1691 vicina
756 1627 971 1691 colunt
1001 1629 1314 1692 umbrosae
1348 1629 1638 1715 Tentyra
1665 1629 1910 1715 palmae'.
1972 1639 1975 1642 '

2259 1532 2362 1596 ’75

369 1727 644 1793 Labitur
672 1727 819 1792 hinc
848 1728 1134 1815 quidam,
1163 1727 1356 1793 nimia
1382 1729 1720 1794 formidine
1751 1755 2008 1802 cursum
2218 1797 2223 1804 ,

367 1829 799 1916 Praecipitans‚
830 1828 1244 1915 capiturque:
1291 1840 1388 1893 ast
1415 1828 1600 1893 illum
1629 1830 1694 1894 in
1720 1831 1996 1918 plurima
2029 1843 2267 1897 sectum
2346 1843 2351 1846 “

365 1931 604 1995 Frusta
627 1943 693 1995 et
723 1929 1089 2020 particulae,
1125 1941 1197 1993 ut
1227 1930 1446 1994 multis
1474 1941 1768 1995 mortuus
1796 1954 1962 1997 unus
2288 1927 2295 1933 ’
2344 1927 2345 1930 “

366 2030 739 2108 Subficeret‚
772 2043 981 2095 totum
1010 2030 1284 2094 conrosis
1312 2031 1558 2094 ossibus
1588 2031 1718 2096 edit

271 2185 276 2188 .
370 2132 620 2195 Victrix
651 2133 878 2196 turba:
927 2152 1041 2193 nec
1070 2130 1316 2194 ardenti
1347 2130 1597 2195 decoxit
1628 2140 1808 2209 aem,

273 2278 371 2327 nisi
409 2278 665 2343 epitheton,
704 2279 743 2327 si
776 2293 961 2328 sensum
990 2283 1187 2342 spectes,
1228 2277 1291 2325 ad

273 2346 531 2393 seditionem
550 2343 844 2392 referendum
862 2349 949 2390 est.
968 2344 1183 2398 seditioni,
1208 2341 1290 2389 do-

274 2408 400 2457 etius
416 2423 560 2474 quam
581 2409 818 2456 seditionis.
877 2408 1006 2460 Tela,
1031 2420 1177 2454 arma.

344 2475 426 2522 65.
446 2487 575 2548 seqq.
611 2473 723 2520 Non
755 2479 853 2520 tam
887 2470 1086 2540 grandia
1108 2469 1294 2535 jaciunt

271 2553 409 2594 saxa,
432 2537 594 2602 qualta
611 2537 723 2585 olim
743 2537 905 2585 heroes
935 2534 1113 2584 misisse
1139 2534 1293 2601 perhi-

277 2604 467 2652 bentur.
530 2602 712 2650 Heroes
738 2600 978 2650 Homerici
1007 2615 1133 2664 saepe
1158 2600 1230 2664 (v.
1250 2615 1293 2649 c.

275 2668 343 2716 n.
384 2668 478 2716 IV.
518 2667 631 2715 517.
664 2666 726 2714 V.
761 2666 873 2713 303.
905 2678 1004 2728 seq.
1027 2664 1150 2713 VII.
1181 2665 1295 2712 264.

276 2732 442 2796 seqq.)
479 2745 611 2785 saxa,
650 2744 801 2794 eaque
832 2728 1070 2785 inmania,
1092 2728 1293 2793 jaciunt,

277 2808 428 2860 quum
450 2794 545 2842 alia
576 2793 801 2842 deficiunt
833 2808 963 2842 arma
985 2795 1057 2842 vel
1082 2792 1141 2840 ad
1161 2808 1294 2857 mag-

275 2874 344 2908 na
362 2856 610 2907 conamina
631 2874 727 2906 non
758 2857 1037 2906 subficiunt:
1071 2857 1196 2921 quod
1228 2856 1292 2906 ad

278 2923 294 2971 i
332 2938 409 2971 sos
427 2936 612 2986 quoque
631 2924 761 2971 Deos
776 2923 1050 2971 transfertur
1069 2922 1131 2970 Il.
1151 2922 1293 2970 XXI.

347 2989 393 3036 3.
438 3000 537 3049 seq.
621 2985 683 3033 Id
753 2986 912 3035 uidem
944 2984 1079 3035 nobis
1111 2985 1295 3033 videtur

275 3065 446 3118 parum
481 3049 644 3098 decere
677 3051 737 3098 be
777 3059 982 3111 atorem;
1032 3049 1118 3098 sed
1150 3063 1294 3114 quam

276 3116 484 3165 maxime
513 3115 726 3177 cong-ruit
755 3115 958 3164 moribus
983 3113 1175 3162 heroum
1207 3113 1291 3161 ho-

277 3180 462 3229 minum
494 3194 571 3234 ue,
592 3179 672 3243 qui
704 3187 753 3228 et
783 3180 921 3228 rudes
941 3183 1051 3226 sunt
1069 3185 1119 3225 et
1135 3177 1205 3227 ira
1223 3177 1290 3226 se-

274 3259 427 3295 roces.
534 3258 595 3291 on
614 3245 757 3308 plane
776 3244 919 3292 etiam
939 3257 1064 3291 vana
1084 3249 1155 3289 est
1175 3241 1293 3290 fides

273 3307 360 3358 illa
394 3314 442 3357 et
474 3306 631 3372 opinio
658 3307 718 3356 de
747 3306 893 3356 vastis
954 3306 1176 3358 riscorum
1207 3305 1291 3354 ho-

275 3372 457 3421 minum
516 3388 572 3421 co

2248 2035 2362 2112 ,80

1354 2278 1467 2327 304.
1501 2278 1623 2325 XII.
1654 2279 1767 2325 447.
1798 2293 1896 2341 seq.
1930 2281 2064 2344 Virg.
2094 2285 2208 2330 AEn.
2242 2286 2362 2332 XII.

1353 2343 1467 2390 900.
1500 2349 1549 2390 et
1583 2355 1687 2407 sup.
1722 2340 1784 2390 ad
1818 2344 1912 2392 VI.
1941 2345 1991 2393 9.
2073 2346 2152 2393 71.
2188 2347 2361 2395 Facete

1353 2413 1495 2472 poeta
1523 2404 1658 2464 dicit,
1691 2405 1730 2453 si
1759 2405 1864 2470 quis
1895 2408 2104 2457 Deorum
2128 2409 2364 2468 homines,

1354 2485 1472 2535 quos
1503 2479 1662 2531 nostra
1691 2478 1807 2518 aetas
1839 2471 1944 2530 fert,
1977 2474 2222 2539 adspiciat,
2255 2491 2365 2524 eum

1353 2537 1517 2590 ridere,
1547 2536 1676 2599 quod
1710 2542 1809 2583 tam
1836 2537 2010 2600 pusilli,
2034 2546 2083 2586 et
2108 2542 2240 2587 odisse
2268 2554 2364 2597 eos,

1356 2599 1483 2663 quod
1504 2607 1602 2647 tam
1631 2598 1746 2648 mali
1765 2600 1875 2649 sint.
2330 2598 2335 2605 ’
2354 2612 2357 2617 ’

1390 2669 1400 2678 ·
1422 2662 1503 2711 72.
1530 2664 1678 2713 Poeta
1709 2664 1875 2713 retexit
1902 2665 2044 2713 telam
2075 2665 2367 2723 narrationis,

1355 2724 1469 2775 inde
1508 2742 1538 2775 a
1574 2744 1618 2776 v.
1651 2728 1731 2776 65.
1764 2728 2027 2793 abruptam.
2105 2731 2369 2780 Deva-ticu-

1358 2792 1469 2848 λειω,
1493 2790 1714 2855 digressio
1734 2806 1764 2839 a
1782 2807 1831 2841 re
1862 2792 2100 2859 proposita
2125 2794 2186 2843 ad
2207 2788 2367 2853 aliam,

1354 2854 1421 2903 sic
1453 2855 1581 2904 dicta
1612 2855 1693 2920 (ut
1721 2858 2038 2920 devasorium)
2069 2872 2100 2906 a
2129 2862 2367 2917 devertere,

1355 2919 1404 2968 b.
1430 2934 1474 2968 e.
1497 2920 1559 2968 ab
1578 2936 1673 2968 uno
1694 2919 1799 2969 loco
1821 2921 1884 2970 ad
1918 2922 2069 2970 alium·
2096 2937 2147 2972 se
2177 2938 2368 2973 conver-

1356 2990 1471 3034 tere.
1532 2983 1764 3049 Adposite
1793 2998 1848 3032 ac
1878 2985 2119 3053 perspicue
2146 2988 2252 3038 Liv.
2271 2989 2365 3038 IX.

1361 3049 1439 3095 17.
1458 3056 1513 3094 ut
1536 3050 1591 3095 ab
1619 3064 1772 3096 rerum
1803 3052 1955 3097 ordine
1983 3052 2264 3110 declinarem,
2284 3071 2364 3101 va·

1351 3114 1665 3175 rietatibusque
1680 3115 1989 3178 distinguendo
2002 3130 2142 3176 opere,
2158 3126 2201 3165 et
2214 3119 2366 3184 'legen-

1354 3178 1472 3224 tibus
1487 3177 1611 3224 velut
1630 3179 1898 3226 deverticula
1916 3195 2087 3228 omoena
2112 3190 2156 3228 st
2174 3198 2202 3228 r
2250 3185 2367 3231 aiem

1353 3244 1607 3289 onimomeo
1625 3257 1881 3317 queret-em.
1946 3242 2120 3292 Fabula
2135 3254 2208 3293 est
2250 3240 2367 3294 'is'to-

1355 3305 1441 3362 ria,
1474 3312 1693 3361 natrano,
1725 3305 1822 3355 sive
1850 3306 1962 3355 ficta
1992 3307 2070 3365 sit,
2102 3309 2200 3358 sive
2237 3308 2366 3360 vera‘.

679 3371 783 3420 ‘bus
841 3369 928 3419 viri
964 3383 1126 3433 usque,
1182 3368 1290 3418 vitm
1355 3369 1434 3416 73.
1466 3372 1593 3418 aucti
1633 3370 1853 3418 Ombitoe.
1939 3372 2017 3419 74.
2058 3373 2257 3436 Sagittae
2292 3375 2365 3431 in·¹

274 3438 376 3508 eult
466 3448 524 3484 ue
563 3451 590 3485 e
610 3436 800 3500 egautia
838 3433 1048 3482 nondum
1087 3431 1290 3480 inminu-
1339 3431 1476 3495 sestoe
1518 3449 1612 3483 non
1647 3440 1756 3481 sunt
1793 3433 1993 3481 inimicas
2034 3434 2109 3482 vel
2156 3433 2364 3491 hostiles,

275 3573 326 3614 et
378 3563 429 3611 in
485 3564 763 3612 miraculum
820 3560 1082 3612 extollitur-z
1149 3556 1291 3624 idque

276 3628 432 3677 obiter
467 3622 701 3690 significat
738 3635 878 3692 poeta
916 3625 1155 3682 satiricus3
1204 3624 1292 3672 etsi

273 3692 400 3742 illud
433 3699 795 3739 consentaneum
827 3699 898 3740 est
929 3689 1148 3757 primario
1178 3702 1290 3737 con-

275 3756 400 3813 siliu,
458 3754 586 3820 quod
639 3754 759 3818 epici
812 3763 963 3820 poeta
1016 3759 1288 3818 sequuntur,

277 3820 501 3886 quodque
524 3818 587 3866 ad
619 3817 797 3867 animos
823 3833 974 3868 rerum
1000 3826 1291 3866 narratarum

277 3883 589 3934 admiratione
609 3882 894 3932 adliciendos
1041 3884 1107 3931 at'.
1156 3883 1292 3939 hune,

278 3950 443 4004 talem,
483 3949 688 4010 lapidem,
729 3949 877 4012 quales
905 3889 1113 4012 mus
1152 3949 1294 4011 quani

277 4012 481 4079 qualem)
514 4027 583 4061 sc.
612 4011 746 4061 torsit
779 4011 960 4060 Tunius
987 4011 1038 4061 in
1071 4013 1293 4068 AEneam,

280 4081 357 4139 (v.
381 4077 515 4140 Virg.
539 4078 658 4126 AEn.
682 4076 805 4125 XII.
833 4078 945 4126 896.
965 4075 1090 4139 seq.)
1111 4077 1225 4138 dios
1245 4074 1295 4124 in

283 4142 556 4198 Hectorem,
579 4142 654 4206 (v.
675 4140 816 4190 Iliad.
841 4140 970 4191 VII:
993 4141 1110 4189 268.
1140 4155 1224 4204 seq
1255 4136 1260 4143 '

282 4213 333 4255 et
368 4206 572 4269 Tydides,
597 4206 871 4261 Diomedes,
892 4205 943 4253 in
964 4128 1300 4268 atnam-<iii

287 4271 353 4319 V.
373 4270 486 4317 302.
590 4269 664 4332 q.)

346 4334 432 4382 69.
448 4332 527 4381 cf.

597 4350 691 4383 om.
712 4333 774 4382 Il.
797 4333 842 4383 1.
858 4335 970 4382 271.
987 4333 1100 4380 272.
1113 4331 1177 4380 V.
1191 4332 1302 4382 303.

545 3506 707 3548 tamen
732 3499 795 3547 ab
825 3498 1034 3546 Homero
1058 3494 1110 3542 in
1140 3496 1292 3559 majus
1354 3497 1437 3544 sed
1462 3496 1514 3545 in
1542 3499 1606 3546 ali
1639 3512 1745 3546 uem
1778 3504 1862 3544 aut
1890 3497 1953 3545 ali
1987 3495 2069 3545 uid
2095 3497 2285 3546 directae
2317 3507 2368 3548 et

1356 3558 1536 3609 inlatae.
1578 3562 1619 3611 C
1646 3597 1661 3613 .
1681 3561 1743 3609 ad
1764 3560 1871 3609 Liv.
1895 3561 1940 3608 I.
1991 3562 2040 3608 3.
2060 3566 2110 3615 et
2130 3561 2201 3610 II.
2230 3564 2310 3612 19.

1420 3625 1501 3675 75.
1521 3626 1606 3674 Ter
1635 3620 1664 3674 ὰ
1680 3625 1824 3690 sugoe
1853 3628 2176 3687 praestantibus,
2210 3625 2367 3678 danti·

1353 3687 1458 3743 bus,
1498 3692 1502 3696 “
1514 3705 1611 3754 prae
1673 3688 1845 3746 ntibus,
1896 3691 2093 3739 omnibns
2145 3690 2366 3751 Ombitis,

1355 3751 1472 3814 (nisi
1502 3754 1594 3818 leg.
1630 3753 1817 3818 Ombiis)
1842 3756 2024 3811 instant,
2058 3757 2135 3830 qui
2172 3755 2369 3820 Tentyra

1353 3817 1523 3873 colunt,
1580 3817 1806 3875 incolunt,
1859 3817 2168 3884 (Tentyntae)
2221 3823 2368 3871 vicina

1357 3881 1573 3928 umbrosae
1591 3883 1765 3942 polmoe,
1786 3883 1833 3930 h:
1856 3896 1898 3930 e‘.
1920 3883 2091 3949 palmis
2120 3885 2365 3938 umbrosis,

1357 3944 1476 4009 (nisi
1498 3944 1567 3993 ita
1586 3945 1706 4011 leg.)
1727 3945 1824 3994 sive
1844 3948 2077 4012 palmetis.
2352 3968 2355 3975 ·

1422 4010 1652 4075 77.1seqq.
1686 4010 1763 4061 Cf.
1783 4012 1972 4077 sup.‘ad
2002 4012 2148 4070 mia.
2188 4011 2369 4073 quidam

1359 4072 1675 4124 Ombitarum.
2058 4082 2075 4091 s*
2106 4076 2113 4083 ’
2270 4082 2276 4087 ”
2306 4087 2313 4097 ·

1429 4139 1634 4188 78-83.
1659 4139 1733 4188 En
1756 4138 1907 4206 plura*
1923 4136 2035 4185 dirae
2053 4134 2368 4184 inhumanita-

1364 4200 1424 4251 tis
1454 4202 1646 4260 indicia,-
1679 4219 1787 4268 quae
1818 4202 2000 4250 animus
2029 4200 2226 4262 legentis
2261 4201 2366 4249 hor·

1365 4267 1457 4315 ret!
1529 4269 1606 4316 80.
1626 4269 1882 4331 Subfioeret,
1903 4261 1996 4311 cibi
2012 4262 2115 4313 loco
2137 4280 2238 4313 esse
2271 4281 2379 4333 pos·

1366 4338 1453 4380 'et’
1992 4340 1995 4343 .
2024 4338 2029 4343 .
2302 4339 2311 4345 .

1452 4397 1560 4456 22
