2978 4920
568 293 749 378 272*

1298 276 1969 372 JUVENALIS

681 490 1048 569 Convictus,
1079 489 1366 568 thermae,
1398 490 1722 568 stationes,
1752 509 1939 553 omne
1967 488 2290 560 theatrum

678 594 780 657 De
813 591 1057 657 Rutilo.
1102 613 1251 654 nam
1278 590 1433 656 dum
1465 590 1679 655 valida
1705 613 1779 654 ac
1799 589 2111 676 juvenilia
2140 589 2425 653 membra
2649 594 2691 655 5

676 693 1035 758 Subficiunt
1066 691 1285 779 galeae,
1317 691 1603 779 dumque
1634 691 1859 755 ardent
1891 689 2217 775 sanguine,
2247 691 2478 767 fertur,

675 795 825 859 Non
854 805 1116 879 cogente
1144 792 1429 878 quidem,
1462 793 1574 857 sed
1602 815 1717 855 nec
1745 790 2122 878 prohibente
2151 791 2435 868 tribuno,

681 896 1049 982 Scripturus
1077 894 1249 980 leges
1277 905 1342 958 et
1371 894 1548 980 regia
1574 893 1771 957 verba
1803 892 2068 956 lanistae.

680 996 930 1062 Multos
957 1018 1148 1082 porro
1177 994 1377 1073 videS‚
1407 1018 1571 1081 quos
1601 1018 1769 1082 saepe
1795 993 2010 1058 elusus
2039 994 2122 1058 ad
2152 994 2361 1081 ipsum

679 1098 975 1163 Creditor
1001 1097 1334 1162 introitum
1364 1097 1522 1162 solet
1551 1109 1916 1184 exspectare
1945 1094 2213 1172 macelli,

2606 1098 2695 1159 10

678 1198 770 1263 Et
800 1196 1037 1285 quibus
1065 1197 1131 1260 in
1163 1197 1295 1262 solo
1323 1197 1579 1261 vivendi
1608 1220 1798 1261 causa
1826 1196 2041 1283 palato
2069 1206 2183 1259 est.

677 1299 997 1386 Egregius
1026 1311 1254 1377 coenat‚
1285 1299 1641 1385 meliusque
1669 1296 2056 1382 miserrimus
2089 1296 2341 1374 horum,

679 1401 769 1464 Et
800 1401 929 1466 cito
950 1424 1213 1466 casurus
1233 1400 1369 1488 jam
1397 1400 1764 1488 perlucente
1792 1398 1996 1463 ruina.

681 1503 937 1586 Interea
962 1515 1193 1589 gustus
1222 1502 1531 1568 elementa
1559 1523 1673 1589 per
1700 1500 1911 1565 omnia
1939 1514 2262 1587 quaerunt,

679 1605 1029 1690 Nunquam
1060 1605 1271 1669 animo
1300 1604 1523 1692 pretiis
1552 1603 1973 1669 obstantibus,
2021 1602 2288 1666 interius
2318 1601 2371 1665 si

591 1752 686 1809 via,
707 1752 757 1803 h.
778 1769 821 1802 e.
844 1767 1022 1812 omnes,
1045 1753 1128 1818 qui
1160 1753 1208 1801 in
1233 1752 1458 1803 conviviis
1478 1761 1605 1809 sunt,

593 1825 648 1864 ut
685 1833 793 1866 mox
825 1820 1023 1875 thermoe,
1053 1820 1256 1866 stationes
1287 1826 1335 1867 et
1369 1818 1610 1868 theatrum.

598 1881 799 1930 Therme
825 1882 875 1931 h.
897 1883 930 1930 l.
961 1882 1039 1930 vel

593 1946 786 2010 quidem
813 1945 1043 2005 homines,
1065 1961 1084 1993 1
1117 1947 1134 1994 i
1165 1946 1511 2001 convenientes,
1534 1947 1611 1993 vel

592 2010 749 2073 potius
769 2008 1089 2074 thermopolia,
1111 2016 1165 2058 ut
1194 2025 1297 2075 sup.
1319 2009 1476 2060 VIII.
1502 2010 1609 2058 168.

594 2073 676 2121 ubi
717 2090 762 2121 v.
805 2082 904 2123 not.
970 2074 1185 2123 Stationes
1233 2082 1344 2124 sunt
1388 2072 1609 2132 eveniens,

593 2136 774 2193 circuli,
813 2154 896 2187 seu
932 2137 1090 2188 omnia
1124 2140 1245 2196 loca,
1275 2140 1356 2188 ubi
1392 2138 1611 2203 frequen-

593 2209 683 2258 ter,
706 2202 782 2251 vel
803 2200 1025 2252 audiendi
1047 2204 1121 2253 vel
1147 2204 1482 2254 confabulandi
1499 2217 1611 2252 cau-

594 2280 664 2322 sa,
687 2268 934 2317 convenire
957 2275 1040 2316 aut
1070 2270 1320 2318 consistere
1343 2269 1495 2318 solent
1521 2268 1607 2317 ho·

595 2331 762 2389 mines,
783 2349 830 2381 v.
849 2349 895 2382 e.
930 2332 1057 2382 cives
1091 2342 1198 2399 post
1227 2333 1432 2397 negotia,
1465 2332 1610 2407 legati

594 2395 837 2446 civitatum
874 2397 951 2446 vel
993 2398 1365 2466 municipiorum,
1406 2398 1467 2447 de
1504 2413 1611 2462 Jure

593 2462 942 2526 respondentes,
979 2470 1243 2523 senatores3
1289 2464 1450 2528 qualia
1481 2464 1610 2513 fuere

1109 1883 1258 1947 roprie
1296 1882 1528 1936 dicuntur,
1561 1889 1612 1931 et

595 2527 884 2582 senaculum,
905 2528 1069 2586 forum,
1085 2528 1293 2594 porticus
1311 2536 1402 2577 cet.
1467 2530 1517 2577 5.
1539 2529 1626 2577 Βι

597 2590 758 2640 Rutilo
793 2593 895 2642 scil.
928 2593 1196 2656 loquuntur,
1231 2592 1521 2650 fabulantur,
1547 2592 1610 2641 ri-

596 2654 787 2795 ᾶῗῃ5-8ι.
790 2755 804 2769 .
838 2720 969 2769 Nam
1011 2721 1275 2795 mom-dum
1303 2720 1493 2796 juvenis
1522 2727 1611 2796 est,

594 2784 762 2835 dicunt
781 2800 906 2841 eum,
926 2793 1180 2834 consumtis
1210 2785 1348 2834 bonis
1379 2792 1428 2833 et
1447 2801 1609 2850 inopia

595 2857 807 2914 cogente,
830 2856 994 2914 sponte
1029 2864 1222 2914 operam
1254 2849 1472 2898 daturum
1505 2864 1608 2898 esse

595 2913 890 2974 gladiatam.
924 2913 1000 2962 cf.
1017 2927 1121 2978 sup.
1139 2912 1202 2961 ad
1221 2914 1294 2962 ΙΙ.
1315 2915 1423 2962 143.
1442 2928 1541 2977 seq.
1560 2921 1610 2962 et

596 2977 749 3027 VIII.
772 2978 1044 3027 192—210.
1076 2977 1325 3040 Subflcr'u'nt
1339 2979 1485 3043 galee
1501 2993 1608 3043 por-

594 3041 753 3090 tandae
775 3042 1008 3107 armisque
1025 3042 1301 3091 tractandis.

663 3105 709 3152 7.
740 3123 820 3155 nec
863 3107 1130 3166 prohibente
1160 3109 1335 3155 tribano
1379 3104 1609 3169 ejusmodi

595 3167 799 3218 dedecus
831 3170 974 3218 urbis.
1041 3171 1134 3219 Pro
1156 3173 1332 3219 tribuno
1361 3170 1479 3219 forte
1515 3170 1610 3234 leg.

595 3233 1482 3363 ἕν’ἷῗῖἽξ3(ῗῖἷὲῑ’ἰ’;εἷΖίἴῗῖἺ”ἓέξ
1504 3250 1609 3348 ῗᾚ

597 3331 885 3428 Impeiatori
937 3377 1050 3438 nam
1090 3334 1342 3413 tribunicia
1367 3316 1605 3439 ‘potestga

592 3427 810 3491 Augusto
841 3435 1108 3502 ceterisque·
1130 3429 1496 3494 Imperatonbus
1525 3429 1607 3477 de-

514 3518 523 3527 ·
592 3491 707 3549 lata,
741 3508 911 3542 summi
947 3491 1128 3558 imperii
1168 3493 1264 3542 vim
1308 3492 1608 3558 significatio-

595 3570 798 3622 nemque
830 3557 1055 3615 habebat,
1094 3557 1220 3608 unde
1253 3565 1302 3608 et
1335 3557 1447 3606 anni
1484 3557 1605 3623 ejus,

592 3625 834 3683 tamquam
876 3622 988 3671 anni
1036 3623 1234 3688 imperii,
1272 3622 1323 3672 in
1364 3623 1521 3672 numis
1559 3630 1608 3672 et

594 3684 844 3733 annalibus
862 3696 1180 3737 numerantur.

660 3749 708 3795 8.
742 3747 924 3796 Dicunt
967 3767 1076 3800 eum
1124 3752 1430 3816 gladiatorem
1479 3751 1606 3800 futu-

593 3825 728 3884 rum3
760 3825 871 3868 non,
906 3814 1143 3864 lanistam.
1208 3817 1486 3879 Scripturas,
1522 3815 1605 3864 de·

593 3881 864 3940 scripturus,
883 3886 1173 3943 excepturus,
1195 3881 1295 3929 scil.
1325 3888 1381 3928 ut
1405 3880 1603 3936 ediscat,

594 3941 723 4005 leges,
740 3947 978 4005 praecepta
994 3943 1105 3990 artis
1124 3943 1431 4008 gladiatorioe‚
1452 3943 1602 3992 dicta-

593 4011 660 4062 ta,
684 4006 874 4060 lauistoe,
891 4004 973 4068 qui
993 4011 1273 4056 commentari
1292 4008 1537 4056 dicebatur
1557 4020 1605 4056 et

593 4071 701 4118 dare
729 4071 915 4117 dictata.
948 4073 1078 4120 verba
1106 4073 1249 4135 regia,
1273 4072 1489 4137 superba,
1514 4071 1601 4119 im-

627 4133 820 4190 erantia,
845 4135 1036 4193 lanistoe,
1058 4135 1140 4200 qui
1171 4135 1396 4185 tironibus
1428 4135 1480 4183 in
1552 4151 1602 4184 a·

614 4215 707 4256 um,
750 4200 828 4247 vel
876 4198 1208 4255 adversarium,
1253 4216 1362 4249 cum
1411 4153 1604 4250 rudigus

591 4262 807 4326 primum,
827 4272 992 4330 postea
1007 4280 1116 4314 cum
1141 4263 1281 4328 justis
1315 4263 1455 4320 armis
1475 4264 1603 4314 inru-

591 4327 792 4387 entibus,
814 4329 1013 4381 subinde
1046 4329 1374 4381 adclamabat:
1410 4331 1604 4380 adtolle!

2619 1605 2703 1668 15

1671 1753 1816 1801 coede!
1846 1752 2054 1801 declina!
2091 1752 2235 1816 urge!
2266 1751 2481 1812 percute!
2510 1752 2591 1800 vel
2622 1761 2695 1800 et-

1672 1816 1765 1864 iam
1802 1833 1896 1865 seca
1935 1823 1985 1864 et
2022 1832 2129 1865 ure.-
2168 1814 2295 1863 unde
2336 1818 2464 1880 regia
2501 1831 2695 1880 quoque

1671 1884 1801 1929 verba
1820 1888 2014 1946 possunt
2030 1880 2238 1929 crudelia
2257 1879 2305 1928 h.
2326 1880 2361 1927 l.
2382 1895 2504 1929 esse.
2541 1882 2691 1946 Regia

1672 1945 1798 1993 enim
1829 1946 2097 1994 contemtim
2129 1944 2407 1994 dicebantur
2435 1945 2690 2002 Romanis,

1674 2009 1847 2076 quippe
1868 2010 1949 2073 qni
1976 2009 2088 2059 inde
2109 2024 2139 2057 a
2159 2009 2346 2073 regibus
2364 2009 2545 2058 exactis
2564 2026 2694 2058 sum-

1675 2089 1805 2121 mum
1822 2074 1871 2122 in
1894 2090 1973 2123 eos
1991 2074 2149 2123 odium
2170 2075 2409 2138 gerebant.

1739 2141 1789 2188 9.
1809 2154 1908 2203 seq.
1941 2140 2062 2188 Sunt
2100 2147 2328 2204 praeterea
2370 2138 2527 2195 multi,
2574 2140 2699 2203 gulae

1676 2200 1990 2268 indulgentes,
2010 2204 2091 2267 qui
2122 2203 2323 2269 pecunia
2353 2211 2519 2251 mutuo
2541 2215 2698 2254 sumta

1672 2267 1828 2317 lautas
1861 2276 2024 2317 emunt
2056 2267 2219 2333 dapes,
2255 2283 2469 2331 quosque
2502 2272 2697 2318 creditor

1672 2348 1785 2394 saepe
1812 2333 1974 2389 olum,
2005 2332 2053 2380 h.
2076 2348 2120 2381 e.
2140 2333 2366 2399 deceptus
2397 2348 2525 2381 vana
2557 2334 2694 2398 polli-

1674 2396 1894 2447 citatione
1927 2397 2185 2453 solutioniS,
2205 2396 2255 2444 in
2287 2398 2486 2454 macello,
2504 2397 2595 2446 ubi
2618 2399 2697 2448 de·

1676 2460 1822 2512 licata
1841 2462 2108 2512 venduntur
2143 2460 2350 2529 opsonia,
2376 2470 2424 2510 et
2444 2463 2598 2527 gulosi
2619 2463 2700 2512 ho·

1673 2527 1826 2576 mines
1882 2527 2144 2591 frequenter
2210 2527 2513 2585 conveniunt,
2637 2534 2640 2537 ’
2676 2556 2695 2566 -

1672 2601 1783 2650 etat,
1804 2598 1860 2640 ut
1889 2592 2049 2656 exigat
2069 2593 2130 2641 ab
2151 2590 2210 2640 iis
2228 2591 2380 2640 fenus.
2412 2592 2501 2641 cf.
2525 2592 2697 2642 Horat.

1674 2656 1774 2705 Sat.
1805 2658 1849 2705 I.
1871 2658 1921 2705 2.
1943 2657 1992 2704 7.
2019 2672 2154 2721 seqq.
2185 2664 2234 2704 et
2266 2655 2416 2721 Epist.
2440 2658 2488 2704 Ι.
2513 2658 2594 2706 15.
2616 2659 2697 2706 26.

1675 2736 1805 2784 seqq.
1870 2721 2132 2769 Macellum
2176 2719 2542 2784 frequentabant
2592 2721 2694 2770 Ro·

1672 2785 1819 2841 mani,
1863 2784 2047 2850 ipsique
2095 2782 2165 2831 ibi
2214 2785 2435 2834 emebant
2477 2785 2692 2850 opsonia,

1672 2864 1779 2913 quae
1801 2848 1946 2897 servis
1965 2850 2158 2898 domum
2179 2848 2371 2898 ferenda
2391 2850 2663 2898 tradebant.

1742 2915 1819 2963 ll.
1851 2913 1949 2971 Qui
1970 2921 2157 2962 tantum
2177 2913 2340 2962 vivunt
2361 2921 2410 2963 et
2429 2914 2590 2963 vivere
2614 2932 2694 2964 vo-

1670 2977 1793 3035 lunt,
1816 2985 1870 3026 ut
1905 2977 2050 3027 edant
2078 2986 2128 3026 et
2159 2978 2363 3027 serviant
2396 2979 2560 3042 gu1ae;
2594 2979 2697 3028 διδ

1671 3041 1774 3097 θεὶς
1813 3044 1840 3092 ἦ
1877 3042 2045 3098 κοιλία,
2079 3041 2205 3091 Phil.
2238 3043 2340 3091 III.
2378 3044 2456 3092 18.
2498 3043 2698 3092 &cram

1673 3109 1847 3171 quidem
1865 3106 2260 3165 dicebasshomt‘nes
2280 3109 2438 3155 multos
2460 3118 2697 3169 propterea

1672 3172 1782 3220 velle
1810 3174 1970 3229 vivere,
2003 3181 2059 3220 ut
2091 3173 2268 3220 ederent
2300 3180 2343 3219 et
2379 3173 2577 3220 biberent
2592 3192 2612 3231 ‚-
2653 3190 2698 3222 se

1673 3237 1813 3284 bibere
1850 3246 1982 3300 atque
2019 3252 2118 3291 esse,
2154 3244 2209 3283 ut
2246 3239 2426 3292 viveret,
2468 3238 2693 3287 Macrob.

1671 3301 1774 3349 Sat.
1795 3302 1868 3349 ΙΙ.
1890 3303 1939 3349 8.
1962 3300 2045 3350 Cf.
2066 3299 2154 3348 inf.
2174 3300 2295 3348 XII.
2319 3302 2399 3348 50.
2421 3301 2506 3348 51.

1740 3365 1826 3413 12.·
1849 3367 1959 3423 Quo
1980 3364 2086 3429 quis
2109 3364 2275 3414 horum
2294 3363 2502 3413 miserior
2532 3374 2610 3413 est
2644 3373 2693 3414 et

1671 3429 1935 3495 pauperior,
1958 3445 2014 3478 eo
2049 3428 2166 3477 vivit
2196 3432 2415 3494 egregius,
2437 3427 2490 3478 h.
2509 3445 2559 3479 e.
2593 3445 2696 3478 ma-

1672 3493 1745 3558 gis
1764 3494 1967 3558 egregie,
1990 3493 2183 3542 lautius.

1740 3560 1816 3611 13.
1852 3558 1950 3616 Qui
1963 3568 2090 3606 ‘mox
2123 3556 2187 3606 ad
2220 3555 2389 3605 incitas
2419 3557 2496 3605 vel
2533 3564 2693 3607 extre·

1670 3637 1798 3670 mam
1839 3622 2072 3686 redigetur
2120 3627 2459 3687 paupertatem.
2526 3621 2693 3672 Meta·

1670 3685 1831 3752 phorae
1869 3687 1929 3735 ab
1966 3680 2116 3735 hianti
2152 3691 2202 3735 et
2232 3685 2401 3734 rimoso
2434 3686 2621 3760 pariete
2653 3703 2694 3736 S.

1669 3765 1802 3800 muro
1841 3751 2014 3808 ductae,
2059 3750 2137 3800 vel
2185 3749 2247 3798 ab
2289 3749 2510 3807 aedificio,
2555 3751 2694 3816 cujus

1666 3814 1804 3864 ruina
1832 3815 1935 3880 jam
1971 3813 2198 3880 inpendet
2229 3821 2279 3863 et
2314 3813 2571 3863 manifesta
2603 3824 2694 3864 est.

1664 3881 1935 3941 perlucente,
1958 3879 2232 3946 adparente.

1738 3946 1813 3992 14.
1853 3944 2047 4002 Interea,
2091 3944 2365 4009 priusquam
2408 3941 2471 3990 ad
2515 3942 2688 3992 incitas

1669 4016 1780 4057 sunt
1797 4007 1989 4057 redacti.
2016 4018 2191 4074 gustus,
2208 4007 2390 4072 epulas,
2408 4021 2531 4070 quas
2547 4015 2692 4072 gustu

1668 4073 1927 4138 explorant.
2004 4089 2087 4135 per
2131 4074 2278 4121 omnia
2324 4073 2556 4127 elementa,
2610 4087 2695 4138 per

1668 4152 1840 4194 aerem,
1884 4152 2056 4202 aquam
2106 4145 2155 4185 et
2205 4144 2403 4184 terram:
2458 4136 2691 4193 volucres,

1659 4202 1833 4266 pisces,
1855 4209 1904 4249 et
1929 4211 2029 4251 tam
2053 4200 2192 4258 feras,
2215 4216 2358 4264 quam
2386 4199 2568 4250 fructus
2589 4209 2683 4250 ter-

1666 4282 1733 4315 roe
1756 4265 2078 4330 exquisitiores
2097 4273 2324 4329 querunt.

1735 4334 1811 4385 15.
1835 4332 1910 4382 16.
1933 4329 2218 4396 Magnitudo
2234 4327 2371 4395 pretii
2390 4344 2490 4381 non
2508 4330 2688 4389 obstat,
