2978 4920
557 338 645 408 68

1271 332 1943 403 JUVENALIS

649 514 924 576 Armato
951 506 1202 595 quoties
1232 519 1392 572 tutae
1419 506 1685 571 custode
1714 519 2012 572 tenentur
2034 509 2050 518 ’

648 616 740 678 Et
773 612 1073 677 Pomtina
1098 609 1306 697 palm,
1336 621 1400 674 et
1432 608 1785 673 Gallinaria
1811 609 2022 695 pinus.

654 716 756 780 Sic
787 713 934 776 inde
963 711 1091 775 huc
1120 733 1356 790 omne8‚
1389 722 1718 796 tamquam
1748 709 1834 773 ad
1863 708 2125 787 vivaria,
2155 721 2446 774 currunt.

652 819 798 894 Qua
823 814 1078 878 fornace
1106 836 1360 900 graves,
1392 835 1524 898 qua
1550 835 1676 876 non
1706 811 1938 876 incude
1970 815 2257 876 catenae?

651 915 980 980 Maximus
999 915 1066 978 in
1097 913 1318 977 vinclis
1345 912 1499 977 ferri
1528 912 1777 990 modus,
1809 923 1884 975 ut
1914 910 2159 989 timeas,
2188 933 2268 974 ne

2528 912 2667 976 310

651 1017 887 1080 Vomer
915 1013 1192 1092 deficiat,
1222 1037 1303 1078 ne
1331 1036 1559 1077 marroe
1589 1025 1652 1077 et
1685 1011 1930 1076 sarcula
1958 1011 2183 1076 desint.

653 1118 898 1183 Felices
928 1139 1312 1205 proavorum
1341 1129 1592 1193 atavoS‚
1623 1114 1833 1179 felicia
1859 1113 2063 1178 dicas'

655 1219 925 1297 Saecula,
958 1242 1107 1305 quae
1136 1216 1461 1314 quondam
1494 1215 1614 1280 sub
1643 1215 1904 1301 regibus
1933 1227 2130 1301 atque
2159 1214 2437 1280 tribunis

651 1321 964 1385 Viderunt
993 1343 1124 1384 uno
1153 1329 1511 1383 contentam
1543 1339 1793 1381 carcere
1822 1317 2114 1380 Romam.

739 1423 865 1486 His
894 1421 1048 1485 alias
1076 1432 1363 1507 poteram
1394 1431 1458 1483 et
1488 1418 1704 1505 plures
1734 1417 2105 1482 subnectere
2134 1439 2393 1482 causas:

2526 1418 2658 1481 315

655 1525 781 1590 Sed
802 1527 1098 1612 jumenta
1124 1534 1377 1601 vocant,
1403 1534 1467 1586 et
1499 1521 1593 1584 sol
1619 1520 1917 1585 inclinat:
1967 1519 2252 1584 eundum
2281 1533 2396 1586 est.
2430 1522 2465 1531 ‘

653 1627 821 1690 Nam
850 1624 1007 1688 mihi
1042 1634 1357 1687 commota
1375 1622 1511 1708 jam
1542 1620 1791 1685 dudum
1822 1620 2019 1684 mulio
2047 1620 2230 1705 virga

654 1726 933 1790 Adnuit.

1026 1726 1207 1809 Ergo
1236 1722 1377 1785 vale
1407 1723 1608 1786 nostri
1637 1744 1898 1799 memor,
1930 1733 1994 1785 et
2024 1721 2275 1808 quoties
2303 1734 2371 1786 te

655 1830 865 1893 Roma
897 1839 1011 1891 tuo
1041 1825 1213 1888 refici
1243 1827 1686 1910 properantem
1710 1823 1936 1889 reddet
1966 1824 2256 1909 Aquin0‚

567 2047 649 2091 nio
671 2045 815 2105 aptis,
834 2046 1066 2091 custodiis
1086 2045 1152 2090 ibi
1175 2045 1436 2105 dispositis,
1454 2046 1582 2105 pulsi

565 2111 776 2156 Romam
793 2110 1058 2155 confluunt.
1113 2109 1224 2156 307.
1253 2111 1328 2155 De
1344 2109 1582 2155 Pomtinis

561 2173 811 2234 paludibus
844 2180 893 2219 et
925 2174 1110 2233 campis
1147 2189 1189 2219 v.
1224 2176 1285 2220 ad
1322 2173 1406 2221 Sil.
1429 2172 1579 2220 VIII.

568 2238 682 2286 379.
705 2251 805 2296 seq.
874 2237 1137 2284 Gallinaria
1160 2241 1331 2298 pium,
1364 2253 1459 2284 non
1497 2239 1580 2284 illa

569 2301 687 2349 villa
707 2301 768 2347 ad
792 2301 1003 2348 Gallinae
1027 2304 1101 2347 vel
1125 2315 1297 2348 nemus
1312 2304 1579 2355 Caesarum.

568 2368 700 2427 quod
725 2367 829 2411 loco
844 2363 990 2428 juxta
1011 2366 1225 2412 Tiberim
1250 2368 1424 2413 celebri
1444 2380 1578 2426 gras-

567 2431 1107 2491 satoribusqueparutn
1142 2438 1273 2491 apto,
1298 2433 1359 2477 ad
1393 2444 1575 2476 nonum

567 2499 630 2543 ab
667 2496 791 2542 Urbe
823 2497 1054 2554 lapidem,
1088 2503 1208 2553 erat,
1232 2496 1302 2558 (v.
1340 2496 1580 2542 l-larduin.

567 2563 629 2608 sd
655 2560 781 2606 Plin.
804 2560 922 2607 XV.
938 2560 1019 2606 30.
1043 2568 1092 2606 et
1113 2561 1238 2620 lntp.
1261 2564 1393 2608 Suet.
1411 2559 1578 2607 Octav.

568 2625 652 2674 43.
674 2630 725 2671 et
745 2626 886 2672 Galb.
910 2621 976 2686 1.)
1011 2627 1094 2671 sed
1129 2626 1392 2671 Gallinaria
1424 2626 1578 2685 sylva,

566 2693 692 2737 inter
704 2690 934 2737 Vulturni
947 2703 1003 2735 ac
1017 2690 1202 2736 Literni
1215 2691 1355 2747 ostia,
1373 2690 1420 2735 in
1435 2690 1580 2735 Cam-

566 2756 711 2815 pania
742 2760 792 2800 et
835 2755 946 2800 sinu
996 2756 1237 2806 Cumano.
1270 2755 1485 2813 adeoque
1529 2753 1581 2798 in

566 2821 738 2865 eodem
760 2825 939 2875 tractu,
963 2832 1060 2874 quo
1077 2817 1299 2863 Pomtina
1311 2818 1470 2876 palm,
1494 2814 1583 2867 ὅλη

566 2879 733 2959 ὄννδίος
753 2881 830 2928 καὶ
844 2878 1078 2941 cipp-'0320
1093 2879 1142 2930 ἢν
1157 2879 1454 2946 Γιλλιηςίιν
1469 2879 1581 2931 ὅλην

569 2956 757 3002 καλῆται,
800 2947 957 2992 Strab.
994 2946 1057 2990 V.
1094 2958 1140 3003 p.
1178 2945 1286 2992 168.
1321 2946 1580 2993 81.-243-

565 3012 677 3058 308.
701 3011 959 3063 ῑῖὶυανὶτιηι,
975 3011 1329 3069 receptaculum
1347 3011 1577 3066 ferarum,

566 3076 733 3122 avium
759 3074 1080 3133 pisciumque,
1101 3075 1184 3133 qui
1217 3075 1268 3119 in
1302 3088 1360 3120 eo
1381 3076 1581 3120 aluntur

568 3148 619 3185 et
651 3140 960 3198 saginantur-3
997 3138 1085 3200 (cf.
1109 3140 1169 3183 ad
1194 3136 1291 3185 IV.
1314 3135 1416 3198 51.)
1450 3141 1579 3185 unde

569 3212 670 3249 tam
692 3209 1038 3263 parata,quam
1054 3204 1217 3262 opima
1238 3205 1403 3262 praeda
1423 3204 1579 3262 desig-

563 3269 675 3315 nari
700 3267 905 3313 videtur.

630 3332 744 3380 809.
777 3344 911 3390 seqq.
943 3332 1001 3377 In
1035 3333 1170 3377 omni
1189 3330 1386 3392 finam
1412 3345 1583 3393 graves

567 3400 739 3444 eatena
754 3396 1092 3450 conficiuntur,
1105 3397 1280 3457 quibus
1290 3404 1583 3455 grassatores

567 3462 989 3521 constringantur3
1026 3462 1109 3507 sed
1141 3462 1316 3507 horum
1353 3468 1488 3507 tanta
1509 3467 1582 3505 est

568 3527 852 3583 multitudo,
877 3532 932 3571 ut
964 3527 1062 3572 illae
1094 3525 1322 3572 omnibus
1342 3527 1581 3572 constrin÷

566 3591 737 3649 gendis
758 3604 853 3637 non
877 3591 1145 3637 subficiant.
1214 3590 1463 3636 Maximus
1482 3603 1578 3634 mo-

567 3654 671 3711 dus,
706 3655 924 3700 maxima
955 3656 1095 3714 copia
1111 3654 1248 3715 ferri
1290 3655 1339 3698 in
1378 3655 1581 3700 vinculis

569 3718 860 3766 fabricandis
892 3720 1213 3776 consumitur,
1239 3725 1293 3764 ut
1316 3720 1495 3769 timeas,
1518 3732 1580 3764 ne

567 3782 693 3828 desit
719 3794 836 3828 mox
858 3781 1064 3841 ferrum,
1088 3784 1217 3828 unde
1251 3782 1431 3828 rustica
1463 3784 1581 3829 fiant

568 3848 902 3892 instrumenta.
968 3845 1163 3902 Murra,
1185 3859 1339 3906 genus
1372 3846 1576 3905 ligonisg

569 3925 677 3971 quae
694 3923 789 3955 vox
805 3910 958 3955 Gallis
980 3910 1147 3964 etiam,
1171 3911 1309 3955 Italis
1329 3915 1380 3954 et
1404 3911 1579 3968 Hispa·

567 3976 646 4021 nis
669 3975 811 4020 hodie
833 3973 883 4018 in
907 3969 1000 4018 usu
1023 3980 1114 4022 est.
1174 3972 1337 4038 Μιρρδο
1358 3975 1582 4038 δςγιιλιῖυ

567 4035 751 4104 σιδηρῶν,
772 4038 987 4097 Hesycb.
1009 4037 1280 4085 Wakefield
1302 4041 1363 4085 ad
1389 4039 1581 4087 Lucret.

571 4103 665 4153 111.
685 4102 799 4152 255.
821 4116 849 4166 e
871 4101 978 4149 MS.
999 4103 1225 4149 cantabr.
1251 4105 1578 4163 reponendum

568 4175 712 4231 putat
725 4184 739 4213 ε
766 4167 1023 4213 Maximus
1044 4169 1096 4212 {n
1110 4167 1272 4228 vinclis
1272 4168 1410 4228 ferri
1419 4168 1580 4215 modus

568 4239 666 4283 cst.-
703 4233 869 4278 timeas
899 4245 1044 4288 nunc,
1081 4231 1244 4277 vomer
1277 4231 1486 4292 deficiat,-
1525 4249 1580 4280 ne

568 4313 741 4345 marre
752 4301 797 4352 et
812 4296 996 4359 sarcula
1012 4297 1178 4350 desint,
1195 4297 1348 4355 neque
1367 4298 1576 4356 dubitat,

567 4365 683 4422 quin
707 4364 872 4425 pulcra
892 4360 1000 4408 hac
1031 4362 1403 4409 constructionis
1425 4362 1576 4409 varie·

1647 2051 1723 2091 tas
1744 2046 1913 2093 scribis
1935 2047 2221 2105 inposuerit.

1710 2110 1822 2157 312.
1836 2126 1966 2172 seqq.
1991 2113 2137 2157 Poeta
2155 2112 2385 2171 praeclare
2403 2106 2577 2157 seculi
2586 2109 2666 2155 sui

1645 2175 1982 2221 infelicitatem
2016 2183 2066 2221 et
2098 2177 2434 2234 conruptelam
2467 2186 2661 2220 morum

1645 2241 2004 2295 comparatione
2036 2241 2179 2299 prisci
2214 2240 2307 2286 aevi
2340 2241 2572 2291 declarat,
2605 2244 2663 2282 ut

1645 2302 1793 2349 xm.
1811 2303 1891 2351 84.
1908 2317 2010 2363 seq.
2027 2311 2074 2349 et
2089 2305 2152 2350 al.
2192 2303 2368 2349 Verbis
2383 2315 2661 2364 proavorum

1644 2372 1801 2412 atavos
1832 2369 2156 2414 remotissima
2186 2367 2504 2427 designantur
2537 2374 2661 2412 tem·

1646 2444 1788 2492 pora:
1823 2433 1915 2479 nisi
1938 2434 2094 2493 legere
2116 2433 2258 2478 malis
2274 2446 2550 2493 pravorum,
2572 2432 2658 2477 ho·

1645 2498 1840 2543 minum
1859 2512 1988 2543 nunc
2010 2499 2139 2542 male
2161 2498 2456 2555 viventium,
2476 2502 2655 2550 atavos,
2674 2506 2685 2513 ·

1644 2557 1871 2622 majores.
1916 2561 2029 2608 313.
2046 2561 2146 2607 Sub
2167 2561 2408 2616 Tribunis,
2428 2556 2656 2621 tempori-

1645 2628 1735 2672 bus
1758 2626 1921 2673 liberae
1942 2627 2238 2685 reipublice.
2263 2628 2440 2686 quibus
2461 2637 2655 2671 summa

1645 2692 1742 2737 fuit
1756 2691 2082 2737 Tribunorum
2099 2692 2252 2749 plebis
2269 2699 2499 2750 potestas.
2541 2687 2651 2736 314.

1644 2759 1919 2811 contentam,
1939 2756 2053 2816 quia
2085 2757 2227 2813 pauci
2259 2762 2398 2802 erant
2428 2751 2653 2808 malefici,

1646 2833 1738 2865 uno
1768 2833 1947 2866 carcere
1979 2820 2192 2879 publico,
2224 2823 2287 2867 ab
2307 2821 2448 2867 Anco
2470 2819 2653 2865 Marcio

1642 2885 1702 2929 ad
1742 2889 1969 2929 terrorem
2005 2884 2315 2930 increscentis
2349 2885 2566 2930 audaciae
2602 2884 2652 2928 in

1642 2947 1802 2993 media
1824 2950 1943 2994 urbe
1965 2950 2027 2994 ad
2049 2948 2209 2993 forum
2234 2949 2493 3005 aedificato,
2516 2943 2654 3008 cujus

1644 3012 1919 3058 firmissima
1951 3026 2082 3071 pars,
2114 3026 2144 3057 a
2178 3012 2344 3059 Servio
2376 3013 2541 3060 Tullio
2573 3013 2656 3058 ad-

1635 3073 1786 3137 jecta,
1803 3078 1863 3122 ab
1879 3090 1937 3122 eo
1960 3075 2226 3123 Tullianum
2248 3078 2513 3124 dicebatur.
2531 3092 2577 3122 v.
2596 3076 2654 3120 ad

1644 3140 1750 3186 Liv.
1776 3140 1818 3188 Ι.
1839 3140 1918 3187 33.
1943 3147 1992 3187 et
2016 3141 2148 3201 Lips-
2173 3143 2235 3187 ad
2255 3142 2372 3187 Tne.
2404 3142 2536 3188 Ann.
2565 3139 2659 3186 lV.

1644 3205 1720 3251 29.
1791 3205 1882 3250 Sed
1916 3202 2022 3267 jam
2063 3207 2187 3252 alius
2221 3219 2383 3252 carcer
2426 3209 2488 3252 ab
2530 3208 2656 3264 App·

1647 3269 1850 3316 Claudio
1884 3270 2157 3315 decemviro
2185 3272 2236 3316 in
2262 3270 2341 3317 lx
2361 3270 2479 3329 Reg-
2517 3270 2657 3315 Urbis

1645 3347 1795 3394 prope
1812 3334 2055 3380 theatrum
2074 3334 2313 3391 Marcelli,
2330 3335 2509 3394 aliique
2528 3341 2656 3394 post·

1646 3412 1702 3444 ea
1726 3400 1785 3444 sb
1806 3398 1911 3442 aliis
1932 3400 2164 3444 exstructi
2192 3413 2404 3445 carceres
2428 3408 2477 3445 et
2498 3401 2663 3455 lautu:

1646 3464 1776 3509 miae.
1825 3462 1902 3508 cf.
1930 3462 2036 3507 Liv.
2061 3462 2157 3510 111.
2180 3463 2258 3510 57.
2281 3465 2402 3510 Plin.
2427 3463 2553 3510 vn.
2575 3462 2656 3510 36.

1647 3534 1696 3573 et
1718 3525 1935 3586 Gotting.
1959 3527 2208 3588 Anzeigen
2236 3528 2378 3576 1790.
2400 3530 2467 3587 pl.
2494 3527 2604 3574 186.

1709 3589 1823 3638 315.
1855 3605 2034 3646 camus,
2067 3606 2155 3638 cur
2194 3594 2353 3640 Roma
2394 3594 2656 3639 discedam.

1645 3655 1757 3703 316.
1790 3653 2008 3701 Jumonta
2044 3662 2208 3705 vocant
2238 3671 2338 3712 me,
2374 3658 2520 3713 muli,
2547 3654 2654 3719 jam

1644 3720 1836 3780 longius
1867 3722 2122 3780 progressi,
2147 3736 2228 3768 me
2260 3728 2463 3768 monent
2495 3729 2553 3768 ut
2583 3733 2652 3765 se·

1647 3798 1787 3845 quar.
1850 3783 1962 3830 317.
1995 3791 2217 3833 commota
2249 3787 2391 3831 mu'io
2417 3786 2556 3847 virgo
2576 3784 2657 3830 ad·

1646 3850 1764 3895 nuit.
1796 3848 1861 3894 cf.
1884 3849 1946 3894 ad
1966 3849 2113 3897 V111.
2137 3850 2249 3899 153.

1709 3913 1821 3960 319.
1834 3927 1934 3973 seq.
1955 3914 2156 3967 Quoties
2182 3915 2320 3961 Urbis
2343 3914 2486 3961 taedio
2503 3915 2655 3975 Aqui·
2737 3914 2745 3923 ‘

1645 3992 1758 4025 num
1774 3979 2041 4035 secesseris,
2045 3993 2301 4040 properans
2311 3979 2658 4039 reficissecreari

1644 4045 1862 4103 cupiens,
1894 4056 1924 4087 a
1960 4043 2146 4101 Cumis,
2175 4057 2273 4104 quo
2310 4057 2444 4090 nunc
2476 4042 2653 4105 migro,

1645 4109 1712 4160 (v.
1736 4119 1844 4166 sup.
1869 4121 1918 4154 v.
1951 4106 1998 4153 2.
2021 4116 2144 4168 seq.)
2176 4122 2248 4155 me
2279 4109 2497 4165 convelle,
2517 4109 2654 4168 qussi

1645 4174 1798 4219 avelle
1819 4172 2031 4218 invitum
2064 4186 2093 4217 a
2127 4174 2232 4219 loco
2253 4173 2338 4220 illo
2359 4174 2654 4233 gratissimo,

1642 4244 1693 4282 et
1714 4238 1852 4292 illuc,
1872 4250 1969 4296 quo
1992 4238 2247 4296 secessisti,
2270 4250 2474 4284 arcesse.
2509 4236 2655 4299 (Con-

1642 4314 1773 4347 νην-ε
1803 4301 1982 4360 legitur
2012 4300 2062 4346 in
2096 4303 2221 4356 aliis,
2244 4304 2329 4348 sed
2351 4301 2654 4362 paucioribus

1642 4361 1817 4424 libris.)
1851 4363 2038 4426 Aquino
2060 4370 2154 4421 tuo,
2179 4367 2349 4426 patrie
2385 4373 2499 4423 tue,
2525 4365 2652 4412 Latii
2695 4375 2722 4395 Δ
2794 4389 2799 4395 ·
