2978 4920
614 287 745 362 m

1323 284 1999 364 JUVENALIS

699 474 963 540 AEstuat
993 470 1216 538 infelix
1246 482 1520 558 angusto
1549 470 1752 536 limite
1779 469 2029 551 mundi,

698 578 797 642 Ut
830 577 1067 664 Gyarae
1096 574 1349 642 clausus
1379 573 1655 661 scopulis
1680 595 2008 660 parvaque
2041 573 2324 663 Seripho.

2590 578 2715 643 170

692 679 910 756 Quum
940 687 1152 740 tamen
1179 698 1219 739 a
1245 669 1806 763 figulismunitam
1838 675 2169 741 intraverit
2203 677 2450 756 urbem,

703 777 1108 864 Sareophago
1137 788 1471 841 contentus
1499 776 1639 840 erit.

702 877 1030 956 Quantula
1058 878 1181 943 sint
1210 876 1538 944 hominum
1569 877 1964 964 corpuscula.

1732 777 1917 840 Mors
1947 776 2080 840 sola
2104 777 2371 857 fatetur,

2056 877 2361 955 Creditur
2390 878 2542 945 olim

618 997 635 1016 ·'
700 978 1072 1044 velificatus
1101 979 1335 1057 Athos,
1368 991 1439 1043 et·
1460 976 1783 1066 quidquid
1815 977 2069 1042 Graecia
2095 978 2367 1044 mendax

700 1080 925 1145 Audet
954 1080 1018 1144 in
1049 1080 1350 1146 historia:
1398 1091 1790 1145 constratum
1807 1080 2125 1145 'classibus
2152 1080 2377 1159 isdem,

2583 1084 2718 1149 -175

705 1182 1248 1270 Subpositumque
1275 1182 1432 1250 rotis
1463 1182 1738 1248 solidum
1765 1205 1937 1247 mare
1963 1208 1977 1247 ε
2026 1183 2342 1249 credimus
2371 1185 2538 1251 altos

699 1282 1019 1350 Defecisse
1047 1303 1283 1363 amnes,
1313 1295 1630 1370 epotaque
1659 1282 1926 1350 flumina
1955 1282 2156 1348 Medo

701 1385 1083 1465 Prandente,
1114 1397 1178 1449 et
1206 1384 1480 1449 madidis
1510 1395 1723 1450 cantat
1753 1403 1904 1471 'quae
1935 1384 2263 1450 Sostratus
2293 1384 2426 1449 alis.

624 1508 632 1515 ·
701 1485 821 1550 Ille
852 1497 1062 1551 tamen
1090 1485 1298 1572 qualis
1327 1484 1520 1552 rediit
1556 1484 1870 1554 Salamine
1899 1483 2141 1566 relicta,

612 1666 696 1716 riae
740 1665 988 1733 cupiditas,
1056 1682 1120 1715 ua
1153 1665 1426 1720 Alexander
1457 1666 1627 1731 flagra-

611 1731 712 1788 bat,
747 1732 971 1796 proeclare
1003 1747 1033 1780 a
1067 1733 1323 1780 umbratur.
1391 1732 1505 1778 Non
1536 1747 1632 1780 uno

613 1796 724 1844 orbe
757 1804 1003 1844 contentus
1032 1804 1149 1851 erat,
1184 1803 1232 1842 et
1261 1794 1421 1861 infelix
1451 1795 1535 1845 ille
1566 1814 1630 1845 a·

613 1863 805 1917 sinubat,
828 1861 1105 1923 angebatur,
1123 1858 1315 1924 (similis
1335 1858 1453 1907 mari
1473 1860 1524 1907 in
1546 1876 1631 1908 an·

617 1932 754 1988 gusto
786 1924 1020 1982 estuanti,
1054 1924 1132 1972 vel
1162 1924 1341 1972 homini
1372 1923 1553 1972 incluso
1584 1923 1634 1973 in

615 1998 745 2038 arcto
781 1988 902 2046 loco,
934 1990 1018 2052 qui
1048 1989 1182 2037 nulla
1218 1988 1314 2037 fere
1347 1989 1635 2054 spiramenta

615 2049 787 2117 habet)
806 2054 856 2101 in
889 2061 986 2102 toto
1019 2060 1245 2101 terrarum
1271 2053 1382 2101 orbe
1413 2068 1509 2101 non
1542 2052 1632 2102 mi·

618 2132 708 2167 nus
747 2134 798 2167 se
841 2125 1126 2166 coarctatum
1179 2124 1366 2183 putans,
1409 2133 1553 2181 quam
1596 2116 1636 2166 si

653 2196 765 2231 arva
780 2181 967 2230 clausus
979 2190 1100 2230 esset
1119 2180 1288 2231 insula.
1324 2180 1402 2229 cf.
1415 2181 1638 2230 Valerius

681 2261 755 2295 ax.
784 2247 936 2296 VIII.
960 2247 1036 2294 14.
1065 2255 1158 2296 ext.
1196 2248 1246 2295 2.
1264 2246 1394 2295 Plut.
1425 2254 1473 2294 et
1498 2247 1635 2295 Curt.

621 2312 732 2360 170.
775 2312 853 2359 De
874 2310 1034 2375 Gyara
1054 2311 1131 2360 vel
1156 2310 1310 2375 Gyaro
1326 2318 1374 2358 et
1393 2310 1574 2372 Seripho
1592 2328 1635 2361 v.

617 2390 721 2441 sup.
739 2374 802 2423 ad
819 2375 862 2423 I.
881 2376 960 2425 73.
978 2383 1026 2424 et
1044 2376 1138 2426 VI.
1158 2376 1270 2424 563.
1286 2390 1385 2438 seq.
1418 2375 1514 2423 Pro
1534 2375 1632 2440 Gy-

617 2456 713 2488 aroe
744 2455 770 2489 e
805 2439 953 2489 tribus
988 2440 1104 2490 forte
1138 2438 1269 2489 libris
1311 2439 1632 2504 reponendum

621 2503 794 2569 Gyari:
827 2520 937 2554 nam
968 2505 1072 2555 haec
1104 2504 1260 2553 insula
1292 2519 1473 2569 semper
1506 2505 1632 2569 Gya·

616 2586 698 2618 rus
717 2568 900 2618 dicitur.
958 2571 1064 2618 171.
1085 2572 1239 2619 urbem
1258 2570 1459 2635 afigulis
1482 2573 1632 2618 muni-

617 2644 727 2691 tam,
784 2630 1097 2700 Babylonem,
1160 2649 1305 2700 quam
1366 2633 1635 2683 Semiramis

617 2698 896 2757 condidisse,
925 2715 1150 2763 muroque
1185 2697 1411 2748 altissimo
1444 2714 1471 2746 e
1500 2707 1636 2748 cocto

617 2756 763 2813 latere
791 2763 992 2813 cinxisse
1025 2763 1213 2813 dieitur.
1243 2764 1316 2828 (v.
1337 2761 1535 2811 Diodor.
1559 2764 1631 2811 ΙΙ.

619 2829 666 2876 7.
696 2828 799 2876 111.
828 2829 876 2876 4.
911 2828 1046 2877 Curt.
1080 2828 1146 2877 V.
1180 2829 1224 2875 1.
1258 2832 1306 2875 et
1333 2826 1561 2875 Herodot.
1591 2827 1637 2878 Ι.

626 2893 736 2944 178.
778 2892 915 2955 179.)
980 2892 1041 2940 In
1079 2892 1171 2939 hac
1207 2892 1325 2938 urbe
1363 2889 1637 2940 Alexander

618 2965 830 3005 mortuus
865 2962 951 3005 est.
985 2956 1058 3020 (v.
1088 2955 1216 3004 Plut.
1239 2954 1378 3002 Alex.
1413 2955 1543 3020 Opp.
1576 2955 1635 3005 T.

622 3019 668 3071 Ι.
720 3055 733 3068 .
754 3020 1026 3069 705-707.
1048 3018 1238 3068 Arrian.
1258 3035 1316 3068 ex
1354 3053 1366 3066 .
1387 3018 1529 3067 Alex.
1551 3018 1636 3068 lib.

621 3036 746 3135 Vfi.
767 3082 942 3134 Justin.
965 3084 1089 3134 XII.
1113 3086 1191 3133 13.
1213 3099 1309 3149 seq.
1396 3084 1505 3132 172.
1528 3100 1630 3132 con-

623 3155 775 3209 tent-us·
791 3149 875 3199 erit
898 3154 947 3195 et
977 3163 1079 3197 oese
1112 3148 1269 3197 debet.
1333 3147 1640 3214 sarcophagus

619 3210 672 3259 h.
690 3210 725 3260 l.
748 3211 1012 3277 sepulcrum
1043 3213 1120 3260 vel
1144 3227 1278 3267 urna,
1312 3226 1468 3276 propr.
1498 3212 1636 3278 lapis,

621 3274 703 3339 qui
735 3272 862 3324 circa
887 3275 1062 3324 Assum
1085 3274 1283 3325 Troadis
1313 3275 1476 3323 urbem
1509 3276 1639 3326 fissili

618 3355 742 3389 vena
763 3339 1004 3397 scinditur,
1025 3345 1074 3388 et
1100 3356 1294 3416 corpora
1312 3337 1635 3390 defunctorum

618 3403 811 3459 condita
841 3405 892 3455 in
922 3420 994 3461 eo,
1016 3413 1223 3471 exceptis
1254 3402 1489 3460 dentibus,
1514 3404 1638 3455 intra

619 3471 728 3523 XL.
749 3469 876 3520 diem
906 3469 1155 3526 consumit.
1176 3471 1302 3520 unde
1333 3469 1636 3536 ηιμὸφωγος.

612 3538 696 3596 ‚lta
720 3535 845 3583 Plin.
869 3535 939 3583 ΙΙ.
963 3536 1044 3584 96.
1064 3535 1303 3597 XXXVI.
1329 3535 1402 3583 17.
1425 3549 1463 3582 s.
1485 3537 1569 3584 27.
1588 3546 1637 3587 et

625 3598 838 3649 Dioscor.
859 3600 923 3649 V.
945 3601 1058 3649 143.

689 3663 796 3712 172.
822 3665 925 3713 173.
952 3664 1075 3713 Mors
1081 3663 1287 3728 fatetur,
1307 3660 1527 3720 ostendit,
1552 3662 1634 3713 do·

620 3723 714 3783 ces,
737 3726 809 3790 (v.
829 3743 930 3792 sup.
963 3728 1026 3777 ad
1059 3729 1132 3777 11.
1165 3730 1264 3788 17.)
1287 3745 1430 3793 quam
1462 3727 1638 3793 pusilla

619 3787 861 3864 {lominum
887 3807 1096 3865 corpora,
1119 3799 1168 3842 et
1194 3808 1338 3856 quam
1371 3793 1505 3859 parvi
1543 3792 1637 3841 sint

620 3868 728 3920 ipsi,
768 3854 850 3918 qui
897 3870 990 3903 νινι
1043 3854 1325 3921 cupiditates
1376 3857 1636 3906 animorum

617 3918 806 3984 explere
824 3926 1078 3981 nequeant.
1112 3919 1189 3968 Cf.
1210 3935 1313 3987 sup.
1335 3937 1380 3968 v.
1404 3922 1515 3971 147.
1533 3937 1635 3996 seq.

640 4003 647 4009 ·
687 3982 959 4032 174—178.
992 3982 1168 4032 Merito
1259 3994 1338 4034 eta
1368 3986 1638 4049 perstringit

605 4044 843 4110 ,ridiculas
860 4046 1134 4111 Graecorum
1156 4000 1342 4096 faffilas
1363 4051 1634 4122 (portentosa

620 4102 882 4163 Graeoomm
908 4112 1137 4161 mendacia
1168 4111 1290 4160 dixit
1313 4111 1442 4162 Phn.
1468 4114 1534 4162 V.
1561 4114 1630 4176 1.)

619 4176 680 4226 de
696 4178 871 4236 Xerxe,
892 4191 1028 4242 quas,
1046 4174 1206 4240 gloria
1225 4191 1323 4226 sum
1340 4174 1633 4240 amplifican-

612 4240 692 4292 da
711 4257 872 4299 causa,
895 4239 1149 4294 commenti
1178 4250 1306 4291 sunt.
1357 4240 1467 4306 (Cf.
1489 4242 1629 4293 XIV.

617 4306 759 4374 2⁴0.)
792 4305 1090 4359 fabulantur
1121 4303 1265 4365 enim,
1300 4306 1629 4369 Xerxende·

1694 1665 1791 1714 cies
1812 1662 1984 1729 septies
2004 1673 2205 1714 centena
2236 1664 2386 1714 millia
2406 1664 2627 1731 peditum
2645 1682 2717 1716 ar·

1694 1744 1865 1787 masse,
1888 1730 2175 1794 naviumque
2194 1728 2416 1778 habuisse
2430 1729 2602 1780 decem
2632 1751 2721 1793 μυ·

1693 1791 1844 1861 (σίδας
1863 1812 1877 1854 3
1911 1797 2075 1851 Athon,
2100 1792 2380 1843 altissimum
2407 1794 2718 1846 Macedonioe

1696 1868 1920 1917 montem,
1949 1874 1977 1907 e
2010 1856 2268 1907 continenti
2302 1857 2583 1916 abscissum,
2616 1877 2722 1926 per.

1696 1922 1872 1972 fossum
1927 1924 2140 1988 marique
2193 1922 2385 1970 inmisso
2425 1924 2718 1986 velificatim,

1695 1986 1745 2036 h.
1770 2003 1814 2036 e.
1836 1987 2065 2036 classibus
2097 1986 2532 2050 transnavigatum3
2566 1990 2722 2039 iisdem

1694 2052 1902 2102 elassibus
1920 2061 2210 2109 constratum,
2232 2060 2464 2116 opertum,
2485 2069 2632 2110 mare,
2648 2054 2722 2104 vel

1699 2115 1824 2167 viam
1878 2133 1930 2165 er
1960 2132 2089 2165 mare
2110 2124 2321 2173 stratam,
2344 2125 2388 2163 et
2418 2118 2632 2174 solidum,
2653 2127 2720 2169 to-

1698 2187 1799 2229 tum
1899 2181 2225 2254 ellespontum,
2269 2190 2537 2230 constructo
2590 2182 2720 2231 navi·

1698 2244 1788 2293 bus
1820 2254 1963 2312 ponte
2002 2254 2220 2310 junctum
2253 2246 2330 2293 vel
2361 2246 2720 2296 contabulatum

1699 2324 1816 2364 esse,
1840 2318 1888 2359 et
1916 2312 2185 2373 subpositum
2214 2312 2339 2368 rotis,
2362 2310 2598 2367 curribus,
2620 2311 2720 2377 qui·

1696 2373 1787 2421 bus
1807 2390 1867 2423 ex
1888 2375 2009 2423 Asia
2038 2374 2090 2423 in
2121 2376 2363 2440 Europam
2394 2375 2633 2424 exercitus
2664 2374 2722 2425 sit

1696 2438 2023 2501 transmissus3
2073 2437 2164 2504 (cf.
2202 2440 2395 2489 Lucret.
2434 2438 2540 2489 III.
2581 2440 2723 2493 1042.

1698 2504 1824 2567 seq.)
1846 2506 1941 2557 alta
1948 2507 2153 2569 flumina
2175 2502 2565 2569 (Scamandrum,
2590 2506 2720 2556 Ono·

1697 2567 1919 2626 chonum,
1952 2570 1999 2618 A
2035 2569 2229 2617 idanum
2247 2576 2297 2617 et
2318 2568 2621 2633 Echedorum
2645 2586 2723 2638 ap.

1698 2633 1926 2683 Herodot.
1947 2634 1994 2683 V
2028 2635 2072 2682 Ι.
2092 2635 2171 2682 42.
2199 2634 2334 2698 196.)
2351 2643 2479 2697 epota
2498 2635 2717 2699 defecisse,

1698 2711 1921 2756 cessasse,
1964 2701 2212 2762 prandente
2255 2714 2312 2747 ac
2353 2696 2549 2748 bibente
2591 2700 2721 2749 Medo

1701 2761 1978 2826 Persicoque
1999 2762 2205 2812 exercitu
2217 2778 2232 2821 ;
2266 2772 2311 2810 et
2342 2780 2445 2826 qua·
2480 2763 2580 2813 alia
2611 2782 2717 2813 can-

1699 2833 1782 2879 tat,
1817 2826 1884 2874 fin
1917 2827 1970 2884 ·t,
2002 2825 2383 2884 comminiscitur,
2406 2827 2483 2893 (v.
2517 2843 2625 2893 sup.
2660 2827 2720 2877 ad

1699 2889 1793 2938 IV.
1816 2843 1931 2956 353
1962 2891 2201 2940 Sostratus.
2234 2891 2314 2940 Cf.
2335 2891 2638 2942 wernsdorf.
2660 2892 2719 2943 ad

1699 2953 1878 3003 Himer.
1914 2955 2001 3004 Or.
2022 2957 2096 3004 ΙΙ.
2129 2973 2179 3022 p.
2200 2957 2315 3005 408.
2348 2955 2550 3004 Diodor.
2573 2957 2670 3006 XI.
2689 2959 2721 3007 2

1696 3021 1813 3067 -5·.
1833 3028 1881 3068 et
1913 3019 2140 3069 Herodot.
2165 3021 2290 3069 VII.
2312 3020 2396 3069 20.
2429 3035 2533 3085 seq.
2565 3021 2720 3071 VIII.

1705 3084 1749 3130 1.
1771 3098 1866 3147 seq.
1934 3084 2028 3133 Hic
2049 3100 2077 3133 e
2109 3092 2241 3132 otum
2263 3099 2450 3157 quoque
2473 3084 2624 3139 tradit
2650 3085 2721 3134 la·

1702 3161 1809 3196 cum
1834 3149 1977 3197 XXX
1996 3157 2069 3199 sta
2103 3149 2267 3197 iorum.
2322 3150 2471 3207 Hinc,
2495 3156 2545 3197 et
2562 3165 2626 3198 ne
2642 3165 2725 3198 ea·

1702 3209 1813 3263 dem
1844 3227 1916 3261 res
1947 3210 2021 3262 bis
2059 3212 2363 3279 exprimatur,
2397 3231 2444 3263 v.
2483 3214 2597 3264 177.
2611 3229 2725 3327 ⁰{³¹20¹

1701 3292 1849 3326 amnes
1867 3277 2028 3325 malim
2048 3279 2185 3327 lacus.
2257 3278 2365 3327 178.
2398 3278 2592 3327 Sostrati
2663 3279 2673 3289 ’

1700 3339 1829 3390 fuere
1858 3341 2031 3407 plures,
2054 3341 2140 3390 sed
2168 3341 2309 3408 hujus
2340 3348 2514 3406 praeter
2544 3342 2580 3392 J
2584 3359 2726 3393 uven.

1699 3419 1856 3463 nemu,
1888 3405 2016 3470 quod
2049 3405 2212 3462 sciam,
2247 3405 2539 3454 mentionem
2575 3405 2717 3456 facit:

1698 3468 1826 3521 unde
1856 3485 1951 3519 non
1983 3470 2135 3519 habeo
2167 3470 2341 3529 dicere,
2373 3478 2537 3520 utrum
2567 3470 2725 3521 malus

1698 3532 1854 3599 poeta,
1879 3550 1942 3584 an
1962 3533 2268 3592 declamator,
2285 3551 2349 3587 an
2366 3542 2518 3591 vates,
2533 3550 2599 3584 an
2622 3551 2723 3586 are·

1700 3599 1887 3663 talogus
1908 3599 2065 3655 fuerit,
2087 3608 2135 3649 et
2165 3615 2250 3649 cur
2272 3592 2317 3647 Β
2346 3601 2540 3649 madidae
2573 3600 2725 3650 tribu·

1702 3670 1840 3726 antur
1870 3665 1974 3721 alae,
2005 3678 2125 3731 quas
2156 3663 2372 3713 nonnulli
2406 3661 2471 3712 ad
2503 3662 2725 3714 sudorem

1700 3727 2014 3785 recitantium,
2039 3728 2122 3777 alii
2146 3729 2209 3777 ad
2242 3729 2444 3777 furorem
2478 3735 2727 3793 poetarum

1700 3792 1777 3841 vel
1797 3800 1977 3850 vatum,
1996 3808 2092 3867 quo
2110 3791 2321 3843 concitus
2339 3799 2389 3841 et
2405 3791 2547 3856 qnasi
2566 3793 2727 3843 ebrius

1701 3857 1937 3907 Sostratus
1973 3854 2114 3908 nimis
2149 3856 2244 3909 alte
2276 3856 2444 3907 volans
2476 3855 2728 3909 veritatem

1699 3920 1936 3985 fidemque
1966 3921 2172 3971 historia>
2199 3920 2465 3978 excesserit,
2501 3921 2585 3971 alii
2621 3938 2729 3973 vero

1699 3985 1763 4037 ad
1792 4001 1948 4035 veram
1980 3986 2269 4042 ebrietatem,
2295 3989 2362 4040 (v.
2383 3984 2446 4034 ad
2476 3985 2603 4037 XV.
2623 3986 2725 4050 47.)

1733 4065 1805 4098 uae
1835 4049 2053 4100 eumdem
2085 4049 2359 4117 produxerit
2387 4048 2636 4111 effectum,
2658 4067 2727 4101 re·

1714 4123 1867 4167 erunt.

1764 4180 1874 4231 179.
1910 4178 1997 4227 Ille
2030 4188 2194 4237 tamen,
2223 4178 2440 4229 barbarus
2467 4193 2571 4234 rex,
2605 4178 2731 4229 Xer-

1694 4257 1795 4301 xes,
1817 4244 1979 4310 qualis,
2001 4259 2145 4308 quam
2175 4241 2303 4309 turpi
2335 4241 2470 4308 fuga„
2498 4245 2642 4292 rediit
2679 4242 2728 4293 in

1694 4323 1891 4373 mgnum
1926 4319 2083 4369 suum,
2113 4308 2338 4357 Salamine
2364 4303 2545 4383 folieta,
2569 4307 2728 4359 victus
