2978 4920
880 316 1147 387 szsn
1196 324 1296 386 ET
1328 304 1814 391 'JUvENAm'S
2271 328 2402 392 sm

303 488 496 568 itate,
522 488 771 575 gennano
796 483 1173 554 'urbanitatis
1197 486 1579 571 veritatisque
1616 486 1821 567 colore,
1849 486 2011 554 nullo
2030 490 2181 557 'fuco
2221 491 2408 571 inlito,

321 585 824 670 ingenii-ubertate
849 601 1027 667 atque
1059 592 1352 669 elegantia
1390 586 1668 666 quadam=
1689 591 2040 662 admirabili,
2065 595 2410 655 inventionis

319 689 708 764 pulcritudine
749 708 820 746 ac
859 689 1136 758 novitate,
1165 688 1491 765 imaginum
1517 689 1758 746 veritate
1797 698 1857 746 et
1896 684 2241 765 proprietate
2277 708 2410 749 sen-

296 768 639 845 tentiarum
681 806 752 845 ac
795 786 1126 854 verborum,
1169 776 1502 860 argumenti
1554 786 1845 859 exquisito
1895 785 2120 844 delectu
2161 797 2224 845 et
2262 790 2412 846 scita

319 883 690 950 tractatione,
718 891 856 959 apta
897 881 1040 938 serie
1081 891 1142 938 et
1181 880 1575 938 conlocatione
1606 898 1797 937 rerum
1827 888 1887 937 et
1905 881 2184 939 orationis
2210 882 2413 945 adeas
2465 911 2474 918 ν

306 977 880 1048 ‹adcommodatione,
903 966 1321 1035 continebatur.
1406 968 1554 1034 Hae'c
1578 968 1860 1053 conrupti
1869 979 2149 1037 sermonis
2173 979 2411 1050 indoles,

306 1073 451 1130 -haec
490 1081 787 1130 oratorum
829 1083 1247 1149 poetarumque
1271 1072 1474 1140 oratio,
1504 1081 1890 1129 consentanea
1914 1083 2039 1130 erat
2064 1075 2233 1163 genio
2255 1075 2415 1134 illius

312 1170 449 1238 ἐνὶ,
476 1188 593 1244 quo
616 1170 925 1227 homines
907 1188 969 1225 m
997 1169 1119 1226 dies
1155 1170 1346 1244 magis
1384 1188 1422 1227 a
1461 1178 1673 1227 natura
1711 1168 2074 1238 recedebant,
2099 1176 2415 1248 eorumque

320 1264 559 1341 ingenia
598 1284 715 1322 non
757 1266 1003 1356 amplius
1049 1265 1339 1340 diligenti
1358 1263 1701 1324 Graecorum
1747 1265 1993 1323 lectione
2032 1276 2093 1324 et
2134 1264 2417 1328 adcurata

310 1359 601 1419 *humanae
627 1372 852 1419 naturae
875 1378 1186 1435 rerumque
1224 1362 1550 1438 cognitione
1590 1360 1916 1431 alebantur,
1944 1361 2045 1419 sed
2071 1356 2413 1438 grammati-

312 1468 525 1516 corum
544 1457 972 1532 rhetorumque,
990 1456 1328 1515 stolidorum
1349 1448 1690 1534 plerumque
1712 1457 1901 1515 inanis
1926 1456 2200 1516 doctrinae
2222 1468 2414 1518 osten·

329 1542 606 1622 tatornm,
633 1554 997 1612 institutione
1022 1562 1388 1630 praepostera,
1415 1561 1476 1611 et
1515 1552 1760 1611 adsidua
1783 1553 2143 1611 declamandi
2167 1557 2414 1614 recitan-

296 1638 504 1722 ''dique
524 1638 1377 1709 consuetudine‘formabantur.
1446 1647 1617 1706 Conf.
1653 1645 1882 1706 Petron.
1912 1648 2040 1707 Sat.
2063 1668 2146 1726 pr.
2311 1660 2316 1665 ’

411 1743 524 1804 His
566 1750 908 1837 temporibus
934 1751 1128 1806 vixere
1158 1745 1475 1816 PEaSmS,
1504 1749 1605 1822 qui
1646 1766 1828 1805 annos
1852 1749 1951 1804 vix
1993 1749 2419 1827 duodetriginta

325 1851 502 1899 natus
527 1842 669 1901 obiit
694 1863 842 1902 nono
868 1845 1103 1920 imperio
1130 1840 1377 1900 Neronis
1404 1860 1581 1911 anno,
1611 1852 1670 1899 et
1696 1840 1731 1898 J
1740 1857 2080 1900 uvmuus
2085 1885 2106 1913 ,
2133 1846 2234 1919 qui
2259 1856 2416 1904 octo-

325 1938 596 2012 genarius
622 1941 696 1997 ab
724 1929 1067 1998 Hadriano
1051 1958 1112 1995 ιιι
1139 1936 1451 2014 AEgyptum
1478 1939 1689 1996 missus
1713 1946 1774 1996 et
1799 1938 1970 2014 paulo
1994 1949 2125 2014 post
2161 1951 2417 2000 mortuns

292 2027 303 2035 ⁴
325 2043 437 2090 est
523 2032 629 2093 Ille
668 2033 985 2093 VolaterriS
1026 2036 1087 2091 in
1138 2033 1366 2092 Etruria
1411 2035 1604 2092 nobili
1630 2053 1838 2110 genere
1873 2045 2066 2103 natus,
2107 2020 2420 2114 opibusque

329 2132 558 2225 magnis
600 2135 933 2202 innutritus„
957 2143 1161 2210 postea
1189 2131 1390 2190 Romae
1429 2132 1733 2209 disciplina
1772 2132 1911 2190 usus
1949 2144 2040 2190 est
2073 2130 2420 2196 Palaemonis

327 2218 588 2302 primum
617 2229 999 2317 grammatici
1028 2232 1089 2284 'et
1127 2223 1377 2302 Virginii
1419 2224 1555 2283 Rufi
1601 2226 1862 2296 rhetoris,
1910 2227 1985 2283 ab
2026 2246 2179 2284 anno
2224 2239 2420 2289 autem

330 2325 525 2380 oetatis
549 2323 770 2381 decimo
790 2333 956 2382 sexto
982 2322 1194 2380 Annaei
1216 2320 1481 2392 Cornuti,
1504 2322 1825 2399 philosophi
1852 2320 2052 2392 Stoici,
2070 2324 2234 2398 cujus
2253 2325 2442 2391 lateri‘

330 2417 586 2477 adhaesit
609 2429 897 2495 perpetuo.
963 2417 1101 2476 Fuit
1125 2409 1480 2477 verecundiae
1504 2418 1823 2516 virginalis,
1849 2418 1927 2492 (si
1953 2416 2228 2478 Suetonio
2253 2420 2424 2481 aliive

292 2499 301 2508 ⁵
326 2514 473 2571 vitae
499 2515 623 2587 ejus
651 2516 869 2571 auctori
896 2513 1036 2571 fides
1059 2514 1327 2571 habenda
1328 2516 1375 2589 ,)
1398 2508 1623 2572 m'entis
1650 2533 1941 2608 generosae
1965 2524 2024 2572 et
2051 2514 2125 2573 ad
2149 2519 2423 2576 severita-

330 2618 451 2666 tem
493 2609 791 2700 pronioris,
818 2628 1038 2666 morum
1078 2610 1588 2678 sanctissimorum,
1616 2610 1717 2666 uni
1757 2628 1955 2683 oequus
1978 2611 2177 2667 virtuti
2201 2622 2262 2668 et
2285 2631 2423 2670 con-

330 2714 498 2762 Stans
516 2693 783 2761 vitiorum
803 2706 1011 2773 hostis,
1028 2704 1129 2762 sed
1155 2702 1371 2761 felicior
1391 2702 1536 2761 forte
1558 2702 1801 2761 Zenonis
1819 2713 1880 2761 et
1900 2704 2228 2781 Chrysippi,
2248 2724 2424 2781 qnam

334 2797 543 2858 Lucilii
568 2809 628 2858 et
655 2798 885 2859 Horatii
909 2802 1181 2859 imitator.
1266 2799 1478 2859 Satirae
1504 2801 1629 2875 ejus
1654 2819 1788 2869 non,
1816 2791 1881 2856 ut
1907 2794 2266 2870 Horatianae,
2289 2822 2424 2861 mox

317 2896 396 2952 -in
419 2889 638 2971 vulgm
666 2896 1002 2965 edebantur,
1032 2894 1134 2954 sed
1174 2896 1417 2971 singulae
1461 2896 1678 2954 amicis
1704 2905 1952 2963 tantum,
1978 2895 2192 2969 quibus
2220 2895 2424 2956 eadem

324 3000 465 3047 -erat
502 3011 682 3061 menS,
726 3003 786 3049 et
816 2991 896 3049 de
936 3010 1179 3067 quorum
1226 2990 1337 3048 fide
1378 2991 1487 3067 ipsi
1527 2991 1856 3057 constabat,
1904 2987 2181 3059 cornuto,
2220 2989 2424 3064 Basso,

338 3083 529 3144 Plotio
556 3081 821 3146 Macrino
847 3098 907 3145 et
929 3081 1079 3157 aliis,
1099 3081 1556 3157 innotescebant,
1573 3097 1635 3144 et
1653 3104 1848 3144 omnes
1867 3081 1935 3143 eo
1953 3085 2182 3144 demum
2204 3098 2427 3148 mortuo

334 3177 814 3258 divulgabantur3
856 3203 1032 3259 quam
1060 3184 1131 3240 ob
1158 3202 1396 3241 causam
1419 3183 1596 3240 libere
1620 3178 1846 3258 poterat
1866 3181 2129 3252 scribere,
2150 3183 2428 3261 quidquid

297 3269 303 3274 ⁷
335 3276 662 3353 indignatio
686 3278 950 3336 dictaret.
1018 3276 1054 3335 J
1061 3278 1343 3348 nvenalis,
1371 3278 1536 3346 nulli,
1563 3277 1628 3334 ut
1650 3276 1949 3348 Horatius,
1969 3279 2429 3356 philosophorum

295 3365 300 3369 ⁴
333 3369 513 3430 sec'tae
537 3371 648 3430 fuit
673 3373 958 3441 addictus,
983 3370 1067 3447 (v.
1094 3370 1222 3430 Sat.
1250 3369 1422 3429 XIII.
1455 3371 1769 3445 121.‘seq.)
1793 3389 1900 3428 nec
1925 3369 2155 3429 inferior
2180 3374 2428 3449 ingenio,

294 3479 295 3482 ’
336 3455 410 3526 ac
435 3470 689 3545 superior
712 3468 907 3529 forsan
932 3468 1223 3543 exquisita
1236 3465 1445 3525 rerum'
1470 3467 1797 3542 cognitione
1824 3477 1998 3542 atque
2022 3467 2300 3537 doctrina,
2328 3471 2432 3529 'sed

335 3562 660 3622 adfectator
682 3581 1114 3639 nonnumquam
1133 3563 1294 3631 artie,
1311 3563 1488 3638 q'uam
1506 3561 1605 3619 'diu
1627 3562 2121 3636 diligenterquein
2142 3561 2429 3624 rhetorum

325 3657 554 3716 'scholis
578 3657 931 3717 exercuerat.
1003 3655 1163 3715 Idem
1186 3677 1301 3715 non
1325 3655 1560 3714 funesta
1583 3665 1816 3714 tantum
1834 3656 2434 3737 reipublicaetempora
2541 3701 2546 3708 .

336 3755 505 3824 vidit,
532 3755 639 3814 sed·
666 3754 861 3813 felicia
896 3772 1142 3830 quoque,
1167 3753 1388 3827 quibus
1419 3757 1508 3810 ea'
1532 3771 1605 3810 ex
1623 3773 1630 3780 ’
1645 3752 1928 3810 diuturno¹
1954 3754 2123 3828 quasi
2160 3756 2364 3813 morbo
2394 3775 2434 3813 a

342 3849 717 3929 Vespasiano
747 3852 997 3929 primum
1041 3869 1113 3908 ac
1152 3847 1303 3919 Tito,
1349 3858 1412 3905 et
1452 3848 1670 3906 deinde*
1707 3868 1746 3906 a
1773 3846 2012 3919 ·Nerva,
2067 3846 2322 3923 Traiano
2340 3872 2348 3884 ·
2369 3860 2434 3910 et

349 3945 667 4018 Hadriano,
694 3947 965 4006 remediis
1003 3944 1286 4004 interdum
1311 3945 1826 4003 vehementioribus
1866 3951 2144 4014 recreata,
2169 3945 2434 4002 omnibus

338 4042 465 4101 'fere
524 4042 809 4121 partibus'
837 4042 1129 4100 convaluit
1151 4044 1197 4097 ι’
1239 4039 1389 4098 unde
1439 4041 1652 4099 satiras
1703 4059 1948 4117 quoque,
2000 4058 2147 4118 quas
2202 4041 2435 4115 juvenis

345 4137 673 4215 scripserat,
729 4148 791 4197 et
840 4137 952 4195 ‘din
1019 4157 1093 4195 ne
1153 4138 1375 4195 modico
1402 4147 1411 4157 “
1439 4137 1672 4212 quidem
1738 4138 2015 4196 auditorio
2050 4159 2054 4166 ·
2081 4137 2434 4195 committere

326 4243 335 4256 '⁴
350 4235 527 4293 au'sus
550 4237 698 4306 erat,
727 4246 850 4293 tum
873 4234 1164 4310 in'vnlgus
1190 4241 1315 4291 tuto
1341 4232 1528 4303 edere,
1545 4233 2159 4309 ·t'um·politius··limare
2182 4230 2384 4308 potuit.

430 4329 678 4402 Exthis,
706 4339 835 4406 quae
875 4316 952 4390 de⁴
988 4330 1350 4407 temporibus,
1368 4329 1646 4406 ingenii&
1668 4328 1881 4389 'studiis
1922 4329 2284 4400 moribusque
2312 4321 2433 4383 H‘o-
