2978 4920
585 295 720 370 2113

676 478 925 550 Obvius
952 475 1226 547 adsiduo
1253 475 1679 564 Syrophoenix
1710 476 1881 548 udus
1909 474 2157 552 amomo

677 583 922 661 Currit,
956 580 1263 646 Idumaeae
1297 569 1721 666 Syrophoenix
1750 577 1957 642 incola
1983 589 2209 664 portae,

1300 282 1970 356 JUVENALIS

2558 578 2684 643 160

676 684 973 771 Hospitis
1000 682 1258 747 adfectu
1288 680 1639 746 Dominum
1670 681 2043 767 Regemque
2074 679 2334 760 salutat,

674 789 767 854 Et
797 809 945 852 cum
973 784 1177 851 venali
1210 786 1427 871 Cyane
1458 783 1786 850 subcincta
1812 783 2052 870 lagena.
2146 843 2152 856 ,

765 891 1077 955 Defensor
1103 888 1312 975 culpae
1339 887 1513 954 dicet
1540 888 1720 965 mihi,
1750 886 2016 952 fecimus
2046 898 2109 962 et
2139 909 2255 951 nos

675 995 842 1059 Haec
861 995 1147 1080 juvenes,
1194 1004 1346 1057 esto,
1393 990 1612 1058 desisti
1639 1012 1886 1076 nempe,
1918 1012 2033 1054 nec
2061 988 2235 1056 ultra

675 1095 921 1161 Fovisti
950 1117 1245 1159 errorem.
1291 1094 1484 1158 breve
1512 1092 1618 1178 sit,
1651 1092 1826 1179 quod
1857 1090 2131 1178 turpiter,
2159 1091 2375 1158 audes.

2554 1047 2682 1155 {65

676 1198 985 1275 Quaedam
1016 1219 1160 1260 cum
1190 1195 1398 1282 prima
1424 1206 1785 1280 resecentur
1813 1192 2076 1260 crimina
2101 1193 2317 1264 barba.

680 1298 968 1385 Indulge
988 1299 1237 1362 veniam
1263 1295 1499 1384 pueris.
1589 1294 2021 1384 Damasippus
2049 1294 2137 1360 ad-
2163 1293 2306 1362 illos

678 1401 1105 1464 Thermarum
1136 1399 1357 1463 calices
1385 1398 1818 1484 inscriptaque
1847 1396 2043 1464 lintea
2071 1396 2273 1475 vadit..

675 1503 984 1566 Maturus
1011 1500 1202 1578 bello,
1229 1499 1562 1566 Armeniae
1595 1497 1925 1585 Syrioeque
1956 1497 2212 1570 tuendis

675 1602 1017 1681 AmnibuS‚
1042 1614 1106 1666 et
1130 1602 1359 1665 Rheno
1380 1611 1576 1686 atque
1600 1601 1797 1666 Istros
1853 1601 2170 1670 Praestare
2192 1600 2512 1672 Neronem
2559 1602 2684 1672 170

679 1705 986 1769 Securum
1014 1703 1185 1768 valet
1213 1704 1351 1767 hoec
1380 1716 1551 1767 aetaS.
1598 1702 1780 1768 mitte
1813 1701 2021 1780 Ostia,
2057 1704 2295 1780 Caesar,

658 1924 768 1971 158.
792 1922 959 1979 Quum,
991 1922 1296 1985 aurigatione,
1320 1921 1395 1969 vel
1429 1921 1474 1969 in
1511 1922 1596 1969 ali·

590 1987 717 2051 quod
739 1995 942 2052 tempus,
962 1987 1035 2034 vel
1060 1987 1317 2034 inminente
1351 1994 1502 2041 nocte,
1526 1986 1597 2034 in-

589 2051 818 2108 termissa,
856 2052 1000 2111 placet
1036 2052 1282 2106 Laterano,
1314 2052 1496 2111 popinas
1528 2052 1601 2098 in-

588 2125 809 2171 staurare,
826 2122 1051 2180 repetere,
1069 2114 1224 2163 denuo
1241 2113 1462 2162 invisere:
1489 2130 1600 2162 nam

591 2188 641 2229 et
671 2180 892 2229 hocfacit
924 2180 1139 2245 exemplo
1174 2178 1387 2236 Neronis,
1413 2178 1473 2228 de
1503 2196 1600 2243 quo

591 2260 638 2292 v.
667 2245 858 2294 Sueten..
892 2260 936 2292 c.
973 2245 1053 2292 26.
1088 2246 1337 2309 pervigiles,
1375 2259 1479 2307 quae
1552 2259 1602 2292 er

590 2316 739 2358 totam
781 2318 966 2358 noctem
1008 2317 1189 2383 patent,
1226 2309 1303 2357 vel
1338 2308 1388 2356 in
1429 2260 1602 2371 quilius

583 2388 675 2439 per
716 2382 900 2423 noctem
942 2372 1139 2437 vigilant
1179 2381 1227 2423 et
1267 2372 1403 2438 genio
1442 2373 1600 2422 indul-

587 2445 722 2504 gent,
743 2439 827 2503 ,qui
858 2453 939 2486 eas
970 2438 1281 2503 frequentant,
1312 2448 1366 2486 ut
1395 2439 1603 2505 pervigili

579 2513 688 2569 ,tm
706 2503 792 2551 inf.
811 2504 925 2551 XV.
940 2505 1017 2551 43.
1036 2513 1084 2551 et
1103 2505 1257 2569 vigiles
1260 2503 1482 2568 fenestre
1499 2520 1602 2569 sup.

593 2568 697 2617 III.
729 2569 841 2618 275.
910 2569 1018 2617 159.
1053 2569 1355 2632 Syrophoenir,
1386 2569 1605 2617 taberna·

592 2631 689 2681 rius
728 2648 768 2682 s.
811 2632 1173 2695 unguentarius:
1216 2649 1327 2680 nam
1368 2648 1427 2682 ex
1470 2632 1607 2698 Syria

592 2696 772 2762 optima
800 2697 1106 2746 mittebantur
1144 2704 1401 2761 unguenta,
1436 2705 1484 2745 et
1521 2697 1603 2761 qui

591 2774 653 2810 ea
675 2763 1051 2825 componebant.
1137 2764 1291 2811 Vetus
1341 2759 1478 2825 Syria
1517 2761 1606 2810 fuit

589 2825 777 2892 triplex,
789 2825 931 2893 2⁰3!oe
943 2824 1100 2883 Κοίλη,
1118 2825 1313 2882 Φοινίκη,
1330 2824 1605 2878 nal-meino.

593 2890 691 2940 Sed
726 2891 903 2956 passim
940 2891 1081 2938 etiam
1121 2890 1289 2938 incolae
1329 2890 1605 2954 Coelesyriae

582 2963 819 3020 *vocantur
851 2955 1190 3017 Syrophoenicen
1255 2956 1487 3002 Amomum
1507 2953 1600 3002 fru-

593 3027 689 3075 tex,
720 3019 960 3068 Armeniae
991 3018 1278 3084 potissimum
1315 3034 1372 3067 ac
1405 3018 1602 3075 Mediae,

594 3091 648 3131 et
684 3081 854 3130 deinde
891 3092 1183 3146 unguentum
1225 3083 1337 3131 inde
1372 3091 1605 3147 paratum.

593 3149 779 3195 adsiduo
797 3161 881 3211 pro
900 3147 1112 3196 adsidue.
1164 3149 1325 3195 Obvius
1344 3150 1491 3196 currit
1513 3149 1605 3197 La·-

593 3219 772 3265 temno,
812 3211 949 3258 laetus
985 3210 1087 3275 ejus
1121 3211 1326 3260 adventu
1362 3212 1606 3261 blandius-

593 3290 689 3342 qqle
709 3290 818 3324 eum
836 3283 1129 3340 excepturus.

664 3342 772 3391 160.
796 3341 937 3388 Parta
969 3339 1169 3387 Idumaea
1200 3346 1360 3402 portus
1389 3339 1466 3388 vel
1498 3356 1606 3405 opp.

594 3405 786 3470 aliquod
818 3404 1061 3461 Idumaeae,
1082 3421 1165 3470 per
1197 3403 1341 3469 quod,
1365 3411 1606 3468 tamquam

778 3507 791 3529 ,
844 3468 1263 3519 transvehebantur
1312 3485 1489 3519 merces
1543 3485 1602 3518 ex

621 3535 735 3587 adia
752 3543 799 3584 et
815 3533 1010 3586 Perside
1024 3534 1076 3583 in
1094 3536 1238 3584 Rom.
1255 3533 1500 3599 imperium
1516 3543 1532 3593 3·
1552 3544 1604 3583 ut

582 3610 721 3661 porta
737 3601 899 3663 Syenes
916 3599 1001 3651 inf.
1023 3601 1118 3649 XI.
1138 3601 1246 3648 124.
1268 3599 1349 3647 ubi
1362 3615 1516 3648 sermo
1534 3610 1605 3648 est

592 3662 660 3715 de
688 3663 905 3715 dentibus
938 3664 1194 3731 elephanti,
1214 3663 1295 3728 qui
1329 3680 1387 3712 ex
1415 3663 1605 3713 AEthio-

591 3725 674 3792 pia
691 3727 1027 3793 inAEgyptum
1056 3737 1105 3778 et
1133 3729 1246 3778 inde
1279 3729 1484 3777 Romam
1517 3729 1602 3778 ad·

591 3791 882 3843 vehebantur
913 3807 995 3856 per
1022 3795 1245 3858 Syenem.
1268 3793 1450 3857 penius.
1473 3793 1526 3841 in
1549 3792 1600 3841 fi·

591 3855 736 3907 nibus
755 3855 1016 3920 AEthiopiae
1035 3864 1085 3905 et
1104 3856 1320 3930 AEgypti,
1337 3873 1420 3923 per
1439 3873 1601 3920 quam,

590 3927 837 3985 tamquam
845 3927 1054 3994 portam,
1075 3929 1297 3973 transitus
1324 3928 1397 3971 est
1426 3921 1476 3969 in
1497 3921 1604 3970 illas

589 3993 753 4037 tetras.
819 3983 1042 4033 Similiter
1076 3985 1174 4035 sere
1193 3989 1347 4044 janua
1382 3985 1604 4037 Baiarum

591 4049 811 4103 dicuntur
829 4048 1000 4099 Cumae
1024 4063 1128 4114 sup.
1150 4050 1253 4097 111.
1275 4051 1321 4097 4.
1353 4049 1444 4101 nisi
1473 4061 1605 4110 porta

591 4115 697 4168 h.-l.
714 4131 800 4182 pro
819 4115 935 4165 urbe
952 4113 1107 4178 posita
1124 4122 1212 4168 est,
1233 4122 1286 4162 ut
1306 4114 1356 4162 in
1383 4113 1526 4163 sacris
1546 4114 1603 4165 li-

588 4195 851 4248 terisaebm
869 4201 917 4244 et
934 4189 1055 4250 Ἦ·
1120 4192 1343 4250 Idume-a,
1364 4209 1469 4258 qum
1498 4211 1605 4259 pro-

590 4261 822 4327 prie-pan
838 4259 1024 4310 Jndaeae
1045 4265 1133 4314 est,
1150 4256 1299 4324 poetis
1315 4266 1417 4309 tota-
1436 4259 1605 4309 dicitur

595 4327 625 4374 J
631 4326 788 4378 νᾶα.
859 4322 1187 4386 ffiicffimois
1207 4322 1410 4389 adfectu,
1429 4324 1605 4377 blundo

1661 1921 1888 1987 cauponis
1919 1936 2146 1970 sermone.
2213 1920 2458 1969 Dominum
2492 1922 2680 1987 Regem-

1663 2004 1745 2048 que
1764 1988 1930 2035 salutat
1953 1987 2256 2039 Lateranum,
2280 1993 2331 2034 ut
2365 2002 2443 2051 ap.
2465 1986 2678 2037 Martial.

1666 2051 1709 2099 1.
1735 2052 1844 2099 112.
1871 2053 1914 2099 l.
1936 2050 2028 2099 IV.
2048 2051 2128 2098 83.
2143 2050 2233 2115 (al.
2253 2050 2361 2113 84.)
2376 2054 2423 2100 5.
2449 2052 2513 2099 X.
2537 2053 2615 2101 10.
2634 2054 2680 2100 5.

1663 2117 1748 2163 den
1765 2118 1978 2181 gniidgen
2002 2113 2157 2162 Herm
2177 2117 2274 2163 und
2304 2116 2442 2163 hohen
2467 2116 2678 2174 Cenaei-‚-

1665 2179 1864 2228 Bahrdt.
1932 2180 2041 2226 162.
2077 2179 2244 2242 Cyane,
2285 2180 2570 2236 tabernaria,
2608 2181 2678 2238 ve]

1665 2243 1843 2292 famula
1861 2250 1909 2292 et
1931 2242 2255 2307 prostibulum.
2286 2246 2532 2301 subcincta,
2556 2261 2681 2293 more

1665 2324 1840 2363 eorum,
1874 2307 1958 2371 qui
1990 2314 2150 2371 togam
2181 2308 2483 2371 subcingunt,
2514 2311 2575 2357 ut'
2600 2314 2678 2357 ex-

1664 2371 1870 2438 peditius
1897 2372 2162 2421 ministrare
2183 2372 2256 2419 vel
2282 2389 2400 2437 opus
2419 2373 2679 2437 quodcum-

1702 2453 1757 2486 ue
1777 2437 1929 2488 facere
1949 2446 2144 2501 queant,
2162 2436 2376 2503 adeoque
2397 2438 2580 2488 sedula.
2604 2435 2680 2489 cf.

1699 2504 1758 2550 V.
1781 2504 1859 2550 24.
1885 2504 2061 2567 lagena,
2084 2502 2208 2550 vino.
2652 2504 2661 2511 “

1737 2568 1844 2615 163.
1866 2567 2086 2631 Defensor
2102 2568 2264 2633 culpae,
2288 2567 2371 2631 qui
2394 2566 2512 2617 vitia
2531 2567 2679 2635 homi·

1668 2647 1782 2681 num
1802 2647 2026 2681 excusare
2047 2640 2191 2688 amat,
2213 2634 2287 2681 vel
2320 2632 2404 2695 qui
2425 2632 2678 2698 Damasip-

1662 2712 1780 2762 pum
1802 2695 2029 2752 defendit,
2050 2696 2151 2761 ejus
2171 2696 2366 2745 amicus.
2514 2700 2515 2705 ’

1736 2763 1844 2809 166.
1865 2779 1966 2809 cum
1978 2763 2131 2822 prima
2149 2763 2283 2811 barba
2303 2770 2572 2819 resecentur,
2582 2761 2681 2826 jam

1670 2825 2198 2939 adpx‘ssiggwnfci'v‘u‘
2231 2825 2567 2939 ²³⁰s¹⁶i⁰3²o¹²t³³⁴
2603 2823 2677 2900 (³¹2

1670 2905 1700 2938 a
1833 2925 1845 2938 .
1967 2925 1980 2938 .
2144 2925 2156 2938 .
2261 2925 2276 2939 .
2343 2906 2368 2938 e
2482 2906 2615 2941 amas
2663 2918 2682 2929 ·

1666 2969 1756 3019 pus
1786 2956 1928 3003 etiam
1961 2970 2103 3010 nunc,
2127 2904 2268 3004 aemseg:
2295 2954 2398 3018 jam
2415 2908 2680 3018 provecti}

1669 3019 1889 3069 eumdem
1916 3019 2028 3069 vitae
2059 3035 2246 3068 cursum
2279 3019 2505 3082 sequitur.
2575 3020 2681 3068 168.

1674 3083 1978 3140 Thermarum,
2021 3083 2451 3149 thermopoliorutn,
2476 3085 2550 3136 ‘ut
2600 3082 2683 3131 inf.

1671 3149 1765 3196 XI.
1794 3150 1841 3198 4.
1912 3150 1971 3197 In
2007 3148 2082 3195 his
2117 3156 2171 3196 ut
2201 3148 2459 3212 plurimum
2491 3147 2683 3200 bibendi

1670 3212 1817 3261 locus,
1882 3214 1944 3262 In
1962 3213 2129 3263 iisdem
2167 3213 2379 3261 homines
2400 3219 2449 3260 et
2468 3213 2604 3262 otiosi
2637 3221 2683 3261 et

1671 3291 1876 3341 nequam
1917 3285 1999 3328 aut
2034 3276 2084 3324 in
2121 3278 2242 3326 furto
2278 3277 2538 3327 exercitati.
2605 3276 2682 3327 cf.

1671 3341 1831 3391 Plaut.
1852 3342 1985 3391 Trin.
2007 3343 2100 3390 IV.
2118 3344 2165 3391 3.
2187 3344 2234 3391 6.
2257 3358 2353 3406 seq.
2373 3343 2448 3395 11.
2467 3358 2566 3406 seq.
2601 3342 2682 3391 In·

1667 3409 1836 3468 scripta
1867 3410 2004 3456 lintea
2035 3405 2170 3463 forte,
2206 3414 2258 3455 ut
2290 3406 2594 3470 catagraphon
2628 3408 2681 3454 li-

1665 3487 1771 3518 mem
1796 3473 1975 3521 Catuli.
1997 3472 2157 3520 XXV.
2181 3474 2228 3520 7.
2250 3472 2357 3519 vela
2382 3471 2584 3535 popinis,
2609 3470 2678 3521 lsu'·

1666 3536 1918 3600 panarsswus
1967 3535 2253 3600 thermisque
2304 3536 2519 3610 obpansa
2570 3544 2677 3584 ante

1667 3600 1803 3658 ostia,
1826 3609 1968 3664 atque
1987 3608 2041 3649 ut
2067 3601 2322 3665 plurimum
2353 3600 2503 3650 lintea
2519 3608 2570 3648 et
2591 3615 2677 3649 acu

1700 3664 1811 3722 icta,
1852 3666 1928 3714 vel
1964 3665 2201 3730 inscriptio
2237 3668 2393 3714 rerum
2431 3664 2499 3713 ibi
2538 3678 2678 3715 vena·

1666 3681 1799 3785 iium.
1839 3730 1914 3779 vel
1952 3729 2264 3787 meretricum,
2307 3728 2357 3776 in
2399 3728 2534 3777 cellis
2609 3745 2679 3777 re-

1665 3795 1906 3851 stantium,
1940 3802 1993 3843 ut
2025 3796 2186 3844 titulus
2218 3795 2416 3858 Lycisce
2449 3810 2556 3860 sup.
2574 3745 2677 3843 RH.

1672 3860 1776 3907 123.
1801 3859 1894 3908 Sed
1914 3875 1997 3907 cur
2017 3858 2123 3908 haec
2143 3860 2310 3909 lintea?

1736 3924 1843 3973 169.
1884 3922 2099 3972 Maturus
2137 3925 2260 3980 bello,
2304 3923 2355 3971 h.
2394 3926 2439 3972 ε’.
2470 3921 2678 3983 militiae3

1660 3985 1758 4050 jam
1793 4005 1850 4038 ea
1889 3996 2029 4037 aetate
2061 3996 2148 4045 est,
2188 3997 2242 4036 ut
2277 4003 2362 4055 pro
2401 3988 2567 4054 patriae
2605 4003 2676 4041 sa-

1666 4051 1764 4101 lute
1783 4068 1993 4118 pugnare
2024 4067 2224 4116 eamque
2257 4051 2680 4103 armis‘defendere

1663 4126 1828 4180 queat.
1868 4118 2088 4165 Armeniae
2106 4118 2338 4181 Syriaeque
2357 4119 2576 4174 amnibus,
2599 4116 2679 4163 Ti·-

1667 4181 1788 4244 gridi
1818 4191 1869 4231 et
1902 4181 2149 4248 Euphrati,
2182 4181 2393 4237 terminis
2427 4180 2573 4230 Rom.
2592 4181 2679 4231 im*

1728 4246 1783 4294 rii
1814 4247 1863 4294 in
1898 4246 2109 4304 Oriente,
2130 4255 2186 4294 ut
2219 4246 2403 4301 Rhenus
2421 4253 2472 4297 et
2508 4247 2624 4295 Ister
2640 4260 2679 4291 s.
2738 4274 2741 4281 ·

1723 4311 1923 4363 anubius
1937 4311 1987 4362 in
2005 4312 2208 4381 Europa.
2227 4311 2306 4363 of,
2325 4326 2432 4377 sup.
2453 4308 2517 4361 ad
2535 4327 2581 4360 v.
2601 4311 2676 4359 51·-
