2978 4920
537 330 668 399 306

1250 320 1928 388 JUVENALIS

632 518 889 594 Quanto
920 509 1266 578 Faesidium
1295 509 1518 574 laudat
1545 506 1779 571 vocalis
1799 516 2100 592 agentem

636 614 954 705 Sportula.
1044 612 1171 677 Dic
1199 610 1402 677 senior
1428 609 1610 675 bulla
1638 608 2028 695 dignissime,
2059 609 2286 686 nescis,

632 719 811 786 Quas
838 716 1066 780 habeat
1099 716 1371 778 Veneres
1400 711 1605 775 aliena
1632 709 1948 797 pecunia?
1993 710 2216 789 nescis,

638 820 841 896 Quem
871 828 987 880 tua
1014 813 1378 901 simplicitas
1404 812 1603 876 risum
1634 810 1830 895 vulgo
1857 822 2134 889 moveat,
2164 832 2367 898 quum

2560 811 2654 874 35

640 917 871 1003 Exigis
899 940 941 980 a
966 938 1312 1002 quoquam,
1343 937 1422 977 ne
1451 913 1716 999 pejeret,
1743 923 1808 975 et
1840 923 2029 998 putet
2057 910 2206 975 ullis

640 1023 801 1084 Esse
829 1018 1091 1105 aliquod
1120 1039 1358 1082 numen
1387 1014 1641 1102 templis
1671 1035 1925 1099 araeque
1955 1013 2259 1078 rubenti?

639 1119 973 1197 Quondam
1002 1117 1123 1182 hoc
1151 1116 1465 1203 indigenae
1496 1114 1795 1178 vivebant
1824 1135 2021 1192 more,
2051 1114 2231 1200 prius
2260 1134 2455 1200 quam

644 1223 932 1286 Sumeret
961 1231 1272 1306 agrestem
1303 1218 1512 1306 posito
1540 1215 1898 1281 diademate
1926 1215 2153 1279 falcem

644 1325 957 1388 Saturnus
983 1321 1271 1407 fugiens:
1320 1331 1473 1385 tunc
1504 1340 1709 1405 quum
1738 1317 2117 1403 virguncula
2145 1319 2192 1380 J
2195 1339 2347 1394 un0‚

557 1527 607 1567 et
624 1518 828 1566 brevitas
844 1515 1054 1565 adfectui
1073 1515 1306 1565 convenit.
1355 1517 1452 1563 Nos
1471 1530 1571 1564 sce-

558 1583 834 1631 ieratissimo
856 1582 1059 1629 vivimus
1094 1580 1281 1637 seculo,
1303 1594 1396 1643 quo
1421 1579 1575 1627 ubivis

559 1655 609 1695 et
628 1646 835 1710 quotidie
867 1653 937 1694 tot
966 1653 1192 1708 tantaque
1223 1643 1421 1708 grassari
1441 1643 1572 1691 vide-

562 1726 670 1759 mus
698 1712 891 1766 scelera,
914 1717 963 1757 et
980 1716 1139 1756 tamen
1172 1716 1269 1756 tam
1298 1708 1473 1774 stupidi
1495 1723 1572 1757 su—

564 1791 687 1832 mus,
711 1784 780 1832 ut,
802 1773 842 1821 si
893 1772 978 1822 uid
997 1773 1111 1821 mali
1134 1781 1216 1821 aut
1236 1773 1420 1838 injuriae
1440 1772 1575 1820 nobis

565 1840 729 1888 aliisve
762 1838 867 1888 adei
903 1845 970 1895 at,
992 1837 1212 1886 continuo
1243 1853 1339 1902 prae
1368 1844 1444 1886 stu
1507 1853 1574 1893 re,

567 1911 618 1952 et
680 1912 924 1967 tamquam
987 1902 1192 1949 novitate
1259 1900 1433 1949 miracu
1455 1916 1577 1963 oque

568 1967 787 2021 adtoniti,
847 1968 1069 2013 hominum
1121 1967 1378 2028 Divumque
1420 1967 1582 2028 fidem,

569 2046 724 2097 opem,
746 2033 951 2084 σι’σιιηιω,
983 2029 1281 2094 inploremus‚
1312 2029 1447 2093 quasi
1479 2028 1582 2079 haec

567 2095 793 2143 inusitata
827 2094 935 2147 sint,
971 2108 1059 2141 nec
1105 2107 1285 2157 semper
1327 2100 1376 2141 et
1411 2092 1584 2157 ubique

568 2159 726 2208 obvia.
791 2159 885 2205 Pro
919 2160 1075 2205 Deum
1104 2167 1238 2221 atque
1269 2159 1494 2205 homiuum
1510 2160 1579 2220 fi·

567 2225 665 2271 dem
681 2225 703 2270 .'
741 2222 814 2271 vel
832 2224 938 2279 Dii,
954 2224 1119 2269 obsecro
1137 2223 1470 2286 venramfidem
1488 2231 1582 2271 cet.

573 2285 891 2335 admirationis
919 2284 1322 2350 quiritationisque
1355 2286 1582 2343 formulae,

570 2360 627 2399 ut
662 2359 855 2399 nostrae:
905 2367 985 2398 um
1021 2353 1094 2398 des
1136 2351 1353 2399 Himmels
1393 2353 1581 2399 millen!

569 2433 649 2465 um
682 2418 834 2466 Gottes
866 2416 1050 2464 willeri!
1086 2416 1166 2463 Ita
1194 2416 1481 2465 exclamasse
1514 2415 1582 2465 vi-

571 2481 708 2529 detur
734 2480 989 2531 Calvinus:
1023 2480 1150 2528 unde
1172 2496 1248 2529 nos
1274 2483 1436 2529 demus
1464 2480 1583 2528 mol-

569 2545 661 2594 lius
681 2545 856 2593 dictum
876 2560 960 2609 pro
975 2554 1029 2592 tu
1049 2547 1147 2592 cies.
1395 2580 1402 2588 .

637 2613 717 2659 32.
736 2612 855 2659 Haec
871 2617 919 2657 et
932 2607 1066 2663 ἶωὸς
1083 2617 1132 2657 et
1146 2610 1430 2676 anguem&
1441 2607 1585 2658 dicta.

578 2674 758 2728 Quanto
772 2676 975 2723 clamore
994 2675 1037 2720 F
1033 2675 1230 2736 oefidium
1245 2674 1368 2722 male
1383 2683 1585 2739 agentem

573 2753 740 2788 causas
771 2740 849 2788 vel
884 2747 1176 2804 perorantem
1216 2738 1265 2786 in
1297 2739 1396 2787 foro
1428 2741 1586 2786 laudat

575 2805 750 2860 malis,
784 2804 1009 2859 clamosa,
1043 2803 1256 2863 sportula,
1291 2801 1339 2849 h.
1365 2819 1409 2850 e.
1440 2803 1586 2852 clien-

573 2873 677 2916 tum
698 2868 991 2931 aliorumque
1021 2866 1263 2914 hominurn
1289 2868 1443 2921 turba,
1463 2883 1586 2940 prae-

574 2931 670 2980 mio
690 2932 913 2997 sportulae
934 2931 1185 2987 conducta,
1221 2937 1274 2978 ut
1306 2929 1477 2979 dicenti
1505 2931 1589 2979 ad·

581 2995 808 3044 clamaret
839 2996 1020 3050 Pulcre,
1057 2995 1193 3051 Bene,
1228 2994 1384 3058 σοφὸς,
1417 3002 1508 3044 cet.
1546 3011 1592 3042 v.

578 3073 685 3170 Eup.
705 3060 765 3107 ad
790 3061 833 3108 Ι.
860 3061 905 3108 1.
927 3075 1029 3124 seq.
1061 3068 1110 3108 et
1141 3061 1201 3108 de
1231 3061 1429 3122 sportula
1463 3059 1525 3109 ad
1548 3060 1591 3107 Ι.

613 3126 660 3171 5.
681 3139 729 3170 se
767 3157 780 3171 .

532 3204 533 3207 ¹
644 3188 724 3234 33.
733 3138 889 3234 anlse
911 3185 1137 3236 Calvinus
1164 3187 1496 3251 sexagenarius
1520 3187 1584 3252 (v.

579 3266 684 3315 sup.
704 3267 751 3298 v.
777 3252 850 3299 16.
879 3250 981 3314 17.)
1016 3251 1186 3299 dicitur
1215 3256 1356 3301 senior
1380 3254 1586 3315 dignissi-

579 3331 679 3363 mus
696 3315 836 3372 bulla,
860 3314 908 3363 h.
926 3331 969 3362 e.
992 3315 1073 3378 qui
1096 3315 1215 3363 inter
1233 3331 1401 3381 pueros
1419 3315 1589 3363 refera-

582 3387 656 3427 tur
709 3387 895 3452 propter
947 3379 1296 3445 simplicitatem
1347 3394 1595 3442 rerumque

579 3444 876 3509 inpentiam3
929 3443 1073 3497 niem
1112 3444 1272 3512 γέρως
1323 3459 1436 3493 nam
1471 3446 1596 3491 bulla

583 3524 831 3574 puerorum
862 3507 1063 3572 insigne.
1097 3526 1143 3559 v.
1177 3525 1281 3575 sup.
1311 3508 1374 3558 ad
1397 3510 1462 3558 V.
1485 3509 1596 3557 164.

583 3576 726 3620 senior
768 3574 1041 3637 ἱμφατιιιὸς,
1083 3579 1137 3621 ut
1181 3574 1298 3622 Tun'
1335 3575 1479 3622 vetule
1517 3587 1594 3638 ap.

586 3637 719 3693 Pers.
742 3639 787 3685 1.
809 3640 889 3689 22.

652 3701 733 3748 34.
769 3703 892 3756 Quas
912 3703 1066 3750 habeat
1092 3703 1291 3757 Veneres,
1312 3703 1594 3767 voluptates,

586 3762 805 3825 gratiam,
837 3773 1144 3822 venustatem,
1176 3767 1453 3821 inlecebras,
1482 3766 1532 3814 h.
1553 3780 1597 3815 e.

590 3842 733 3890 quam
752 3835 886 3889 grata
907 3830 1043 3876 nobis
1063 3830 1125 3877 sit
1141 3838 1190 3878 et
1204 3830 1448 3895 jucunda?

655 3891 895 3939 34-119.
914 3892 1146 3942 Praeclare
1161 3895 1297 3943 docet
1309 3901 1467 3969 poeta,
1486 3909 1598 3941 con·

590 3964 755 4021 ruptos
787 3955 949 4004 saeculi
986 3956 1059 4003 sui
1098 3973 1249 4007 mores
1289 3958 1599 4022 vitiorumque

589 4020 844 4075 licentiam,
868 4035 973 4083 quae
1004 4035 1153 4085 remp.
1185 4023 1330 4072 Rom.
1358 4021 1597 4081 invaserit,

594 4102 653 4134 ex
690 4092 929 4134 contemtu
964 4083 1215 4147 religionis,
1255 4094 1499 4150 tamquam
1540 4103 1597 4135 ex

589 4149 810 4214 primario
839 4150 984 4206 fonte,
1006 4149 1210 4207 fluxisse,
1240 4150 1364 4198 hanc
1398 4165 1505 4198 vero
1524 4150 1595 4199 in-

591 4215 940 4278 religiositatem
957 4230 1016 4264 ex
1035 4213 1359 4279 superstitione
1373 4221 1421 4262 et
1436 4213 1599 4280 inepta

592 4287 755 4328 natam
787 4294 887 4329 esse
915 4279 1168 4354 theologia,
1202 4295 1307 4345 quoe
1336 4279 1597 4344 phantasiae

591 4343 782 4406 quidem
801 4345 1007 4410 prebeat
1024 4345 1266 4403 alimenta,
1285 4344 1371 4399 sed
1389 4352 1595 4395 mentem

2569 1318 2659 1380 40

1637 1521 1931 1581 conrumpat,
1947 1524 1990 1562 et
2004 1512 2106 1577 jam
2124 1514 2278 1577 mago,
2297 1510 2445 1577 plebi,
2464 1510 2528 1558 sit
2545 1528 2657 1561 con·

1638 1579 1804 1627 temtui
1845 1594 1902 1627 ac
1945 1576 2177 1634 ludibri03
2222 1575 2434 1625 homines
2475 1575 2659 1641 itaque,

1638 1643 1865 1708 quamdiu
1886 1643 2083 1707 simplex
2114 1640 2270 1689 adhuc
2302 1640 2443 1688 fuerit
2476 1641 2660 1703 religio,

1637 1708 1718 1772 pie
1740 1724 1795 1756 ac
1828 1714 1989 1756 sancte
2011 1704 2197 1762 vixisse,
2230 1713 2279 1753 at
2303 1713 2556 1770 postquam
2585 1706 2660 1753 iu—

1672 1773 1830 1822 enium
1857 1778 2101 1838 poetarum
2133 1785 2240 1817 eam
2262 1769 2424 1818 multis
2446 1770 2661 1834 argutiis,

1661 1837 1814 1885 abulis
1842 1835 2091 1902 pravisque
2119 1834 2417 1899 opinionibus
2440 1834 2499 1882 de
2521 1843 2664 1883 natu-

1641 1916 1711 1956 ra,
1750 1900 1864 1957 vita,
1908 1900 2117 1948 moribus
2157 1906 2206 1946 et
2248 1898 2430 1962 ingenti
2467 1914 2668 1948 numero

1647 1966 1858 2014 Deorum
1889 1962 2234 2019 deformaverit,
2258 1979 2288 2011 a
2317 1962 2478 2027 probis
2509 1963 2663 2027 majo-

1646 2045 1750 2077 rum
1780 2029 1987 2078 moribus
2019 2027 2082 2075 ad
2113 2027 2390 2091 inpietatem
2413 2035 2463 2075 et
2484 2027 2667 2076 scelera

1647 2093 1890 2143 defecisse.
1956 2093 2075 2140 ΗΕΘ
2101 2091 2242 2155 igitur
2263 2090 2599 2153 θεολσγοῦμικ
2619 2101 2670 2141 et

1647 2167 1912 2206 commenta
1945 2165 2191 2221 poetarum
2212 2157 2374 2216 multis
2393 2156 2670 2206 deridentur

1648 2222 1826 2270 salibus
1847 2222 2141 2285 facetiisque,
2163 2220 2246 2269 sed
2266 2229 2315 2269 et
2334 2220 2486 2268 nimia
2505 2220 2662 2270 forsan

1646 2285 1824 2350 ingenii
1844 2285 2157 2350 orationisque
2182 2284 2387 2340 luxurie,
2405 2295 2456 2334 et
2484 2284 2668 2348 judicio

1647 2352 1791 2416 paulo
1813 2350 2032 2414 iniquiori
2047 2349 2108 2399 de
2130 2349 2420 2414 mythologia
2439 2358 2535 2398 vet.

1713 2417 1793 2465 37.
1836 2414 1978 2464 Stulti
2022 2430 2079 2464 ac
2123 2413 2357 2481 simplices
2410 2422 2538 2471 sunt,
2583 2413 2666 2478 qui

1649 2480 1779 2529 Deos
1831 2487 2051 2528 verentur
2089 2479 2394 2555 perjuriorum
2435 2479 2667 2528 vindices.

1647 2560 1743 2592 aroe
1771 2546 1950 2593 ‘rubenti
1983 2560 2049 2593 se.
2087 2560 2216 2608 igne,
2251 2543 2327 2592 vel
2364 2542 2520 2609 potius
2559 2559 2669 2594 san-

1647 2609 1790 2673 guine
1808 2608 2118 2657 victimarum.

1713 2675 1924 2722 38—52.
1939 2673 2128 2722 Festiva
2143 2672 2275 2720 aurei
2286 2672 2449 2721 seculi
2460 2672 2670 2738 descrip-

1649 2736 1735 2796 tio,
1768 2754 1860 2803 quo
1893 2738 2158 2792 Ausonum,
2196 2737 2409 2811 adeoque
2446 2737 2668 2801 Aborigi-
2755 2739 2760 2743 '

1650 2816 1763 2850 num
1806 2803 2173 2866 Latinorumque
2207 2801 2370 2864 religio
2407 2800 2668 2850 admodum

1651 2866 1848 2931 simplex
1881 2866 1985 2923 fuit,
2010 2875 2058 2915 et
2124 2873 2254 2914 raeter
2284 2867 2561 2922 Saturnum,
2582 2867 2614 2915 J
2617 2882 2668 2914 a·

1654 2947 1784 2986 num,
1808 2930 1977 2980 Picum
2010 2939 2059 2979 et
2120 2945 2297 2978 aunum
2329 2929 2451 2979 alios
2481 2930 2668 2994 ignora·

1655 2995 1723 3043 vit
1760 2996 1922 3055 Deos3
1973 2995 2055 3060 qui
2091 3002 2257 3059 postea
2291 3009 2352 3042 ex
2395 2995 2671 3044 Graecorum

1653 3059 1943 3134 mythologia
1992 3059 2158 3108 adsciti
2200 3068 2326 3107 sunt.
2411 3061 2672 3124 Indigenae,

1649 3124 1789 3189 prisci
1831 3124 1997 3173 incolae
2040 3121 2187 3181 Latii,
2225 3122 2528 3187 Aborigines,
2572 3139 2668 3172 nou

1650 3196 1835 3236 tantum
1857 3189 2082 3256 iyxeigm,
2104 3188 2188 3236 sed
2209 3187 2355 3236 etiam
2372 3188 2670 3251 αὗτίχθοης,

1652 3253 1917 3316 sisnandi,
1936 3256 2012 3302 hoc
2031 3270 2165 3308 more,
2183 3253 2274 3300 hac
2288 3252 2591 3317 simplicitate
2613 3269 2672 3302 ac

1653 3317 1765 3372 fide,
1804 3318 1980 3384 pietate
2013 3326 2061 3366 et
2098 3316 2347 3366 sanctitate
2390 3318 2513 3374 vite,
2551 3320 2671 3366 vive-

1655 3384 1777 3438 bant,
1802 3398 1945 3432 aurea
1968 3388 2122 3438 aetate,
2144 3397 2239 3446 qua
2270 3382 2488 3444 regnavit
2508 3381 2671 3431 Satur-

1655 3463 1760 3503 nus,
1789 3450 1917 3508 prim
1948 3463 2079 3511 quom

1657 3518 1827 3559 exutus
1843 3526 2002 3576 regno,
2006 3511 2201 3575 fugiens
2218 3512 2469 3558 diademate
2482 3512 2672 3571 aqna-seo

1655 3585 1842 3623 sumeret
1900 3585 2112 3641 agrestem
2150 3575 2346 3639 falcem,
2403 3574 2669 3639 symbolum

1656 3637 1847 3688 messis:
1896 3654 2006 3688 narn
2039 3639 2140 3705 ipse
2168 3640 2399 3688 Saturnus
2429 3638 2521 3687 fuit
2543 3654 2669 3704 sym-

1657 3702 1820 3752 bolum
1846 3702 2051 3753 melioris
2082 3704 2208 3762 vitae,
2227 3703 2364 3768 cujus
2393 3703 2526 3777 origo
2546 3719 2577 3751 a
2597 3718 2670 3751 sa·

1658 3767 1802 3824 tione,
1822 3783 1974 3818 messe
1992 3768 2294 3832 frugibusque
2314 3768 2521 3816 inventis
2538 3782 2670 3833 repe-

1658 3833 1804 3881 tenda
1834 3842 1921 3889 est,
1944 3841 1993 3882 et
2023 3832 2134 3882 hinc
2154 3832 2439 3897 Aborigines
2471 3831 2571 3896 agri
2605 3830 2670 3879 vi·

1661 3903 1815 3961 teque
1865 3898 2045 3947 cultum
2097 3897 2310 3946 docuisse
2366 3896 2575 3960 fingitur.
2627 3912 2673 3944 v.

1661 3962 1740 4010 He
1807 3977 1833 4010 e
1851 3965 1901 4010 in
1921 3964 2041 4011 Exc.
2057 3962 2151 4012 1v.
2167 3969 2216 4010 et
2232 3963 2298 4010 V.
2317 3959 2381 4009 ad
2401 3962 2538 4025 Virg-
2556 3962 2672 4009 AEn.

1663 4026 1738 4074 VI
1773 4061 1786 4074 .
1818 4034 1868 4074 et
1909 4030 1960 4074 in
1999 4027 2116 4074 Exe.
2155 4026 2230 4073 ΙΙ.
2267 4025 2328 4074 ad
2364 4025 2482 4073 AEn.
2521 4025 2676 4074 VIII.

1662 4091 1934 4139 314-329.
1959 4090 2036 4140 ef.
2054 4105 2159 4154 sup.
2184 4090 2280 4138 VI.
2302 4091 2478 4138 1—13.

1726 4155 1806 4205 40.
1832 4156 1912 4203 41.
1949 4155 2094 4211 Tunc,
2123 4171 2260 4216 quum
2287 4156 2437 4203 adhuc
2471 4153 2671 4214 Jupiter,

1660 4232 1753 4281 quo
1771 4227 2001 4282 regnante
2021 4226 2246 4282 argentea
2258 4218 2349 4266 fuit
2371 4226 2504 4274 aetas,
2511 4220 2667 4280 privo·

1657 4291 1749 4337 tus,
1790 4290 1932 4347 regno
1975 4283 2182 4333 nondum
2237 4290 2434 4347 paterno
2473 4285 2668 4356 potitus,

1660 4346 1863 4398 aleretur
1879 4352 1930 4399 in
1952 4351 2087 4399 Idaeis
2104 4350 2263 4417 astris,
2284 4362 2436 4412 neque
2464 4361 2566 4412 jam
2586 4361 2670 4395 ux-

2109 3445 2206 3502 hie,
2240 3459 2271 3492 a
2302 3446 2425 3494 Jove
2456 3445 2557 3494 filio
2586 3461 2671 3495 suo
