2978 4920
1008 327 1456 400 SATIRA
1530 325 1688 391 vn.

2270 324 2419 402 ..278

418 563 590 660 ET
618 615 758 680 spes
785 607 850 658 et
879 595 1043 659 ratio
1072 593 1432 658 studiorum
1461 590 1529 654 in
1554 591 1803 654 Caesare
1833 599 2119 653 tantum:

422 694 610 759 Solus
631 696 797 759 enim
828 693 1039 759 tristes
1067 694 1187 759 hac
1223 703 1600 780 tempestate
1632 692 1939 756 Camenas

413 798 749 883 Respexit,
781 820 984 884 quum
1007 798 1143 885 jam
1172 796 1448 860 celebres
1477 794 1743 880 notique
1771 805 1978 880 poetae

415 898 803 970 Balneoluma
821 898 1067 976 Gabiis,
1101 899 1327 962 Romae
1358 896 1709 968 conducere
1737 894 1959 959 furnos

412 1001 798 1064 Tentarent:
845 1024 962 1065 nec
989 1000 1237 1065 foedum
1266 999 1397 1077 alii,
1427 1020 1543 1062 nec
1574 1011 1764 1083 turpe
1785 1008 2086 1084 putarent
2365 996 2407 1057 5

407 1104 738 1168 Praecoues
767 1104 928 1182 fieri,
960 1125 1187 1189 quum,
1218 1101 1483 1167 desertis
1514 1101 1890 1187 Aganippes

407 1204 717 1283 Vallibus,
750 1204 1029 1269 esuriens
1058 1203 1360 1290 migraret
1386 1203 1453 1267 in
1484 1201 1648 1266 atria
1682 1200 1844 1265 Clio.

404 1304 595 1383 Nam,
628 1304 679 1368 si
712 1306 929 1370 Pieria
955 1304 1277 1390 quadrans
1307 1304 1425 1369 tibi
1457 1302 1674 1368 nullus
1703 1303 1770 1366 in
1794 1302 2020 1367 umbra

378 1500 796 1548 Excellentissima
818 1502 992 1556 Satira,
1020 1500 1160 1564 cujus
1183 1503 1327 1549 lectio

310 1566 527 1611 maxime
570 1568 954 1613 commendanda
994 1574 1068 1613 est
1118 1568 1197 1625 iis,
1242 1568 1327 1626 qui

311 1642 418 1680 rem
434 1629 696 1684 litet-ariam
715 1631 1149 1691 scholasticamque
1163 1633 1326 1678 fovere

315 1700 366 1738 et
397 1700 597 1752 possunt
629 1702 679 1739 et
713 1696 967 1745 debebant.
1031 1695 1155 1748 Quae
1191 1697 1324 1742 enim

315 1756 350 1802 J
354 1757 642 1804 uvenalrsde
656 1759 833 1805 misera
854 1761 1124 1806 studiorum
1143 1760 1327 1805 studio-

317 1834 578 1881 sorumque
621 1823 894 1869 conditione
938 1824 1225 1884 disputavit,
1264 1826 1327 1870 ad

320 1892 485 1931 nostra
495 1899 688 1946 quoque
707 1894 927 1947 tempora
946 1888 1193 1933 transferri
1216 1901 1327 1948 pos-

319 1956 436 1996 sunt
458 1951 559 1996 fere
590 1952 798 2009 singula.
863 1952 956 1998 Sed
988 1953 1067 1998 cui
1089 1966 1183 1997 non
1212 1958 1329 1997 nota

317 2021 434 2059 sunt
448 2014 553 2064 haec
571 2015 650 2073 pia
670 2016 904 2062 desideria
917 2017 941 2062 Ρ
962 2023 1011 2062 et
1023 2030 1166 2076 quam
1182 2016 1327 2063 multi

320 2090 377 2122 ea
410 2075 527 2138 jam
561 2080 721 2125 surdis
761 2080 1039 2128 cecinerunt
1082 2078 1319 2126 auribus.

316 2143 432 2187 Sint
463 2142 764 2197 Maecewtee,
788 2157 879 2189 mm
910 2144 1119 2202 dearum,
1145 2146 1324 2200 Flaccc,

312 2205 724 2253 Maronea—De
748 2215 981 2267 tempore,
996 2223 1094 2267 quo
1111 2211 1217 2255 haec
1237 2209 1323 2254 Sa·

314 2271 407 2318 tira
423 2271 492 2315 sit
507 2272 703 2329 scripta,
718 2271 815 2319 vid.
833 2285 948 2318 mox
966 2273 1028 2318 ad
1043 2269 1150 2334 ejus
1166 2273 1319 2332 princ.

314 2336 639 2392 comparetur
666 2342 838 2380 autem
865 2349 979 2382 cum
1013 2349 1071 2383 ea
1105 2337 1319 2390 Martial-

349 2429 423 2513 ,sl
459 2476 591 2523 seqq.
626 2464 987 2523 Argumentum
1020 2465 1189 2513 Satirae
1213 2463 1320 2527 jam

311 2494 489 2588 primis
512 2529 726 2574 versibus
757 2529 1048 2577 continetur.
1116 2530 1193 2574 De
1226 2543 1323 2588 quo

308 2599 496 2639 autem
505 2592 687 2639 Caesare
706 2593 755 2638 h.
771 2594 806 2640 l.
822 2606 981 2641 sermo
994 2596 1076 2648 sit,
1089 2607 1184 2640 non
1209 2607 1322 2640 con-

311 2657 554 2704 statinter
578 2658 701 2703 viros
718 2659 898 2704 doctos.
952 2659 1163 2708 Quidam
1185 2659 1322 2704 innui

311 2727 488 2780 putant
509 2721 776 2777 Neronem,
799 2723 946 2768 multi
961 2721 1322 2781 Domitianum,

311 2785 397 2841 alii
428 2785 617 2841 Titum,
651 2787 733 2833 alii
767 2800 861 2832 non
909 2788 1038 2834 male
1084 2787 1346 2841 Nervam„

312 2849 399 2913 (de.
410 2864 507 2909 quo
519 2851 734 2907 Martial,
749 2851 968 2912 Contigit
979 2852 1321 2911 Αιιεοιιίωρνο-

312 2926 469 2959 ceram
481 2916 757 2962 mitissimus
767 2915 887 2963 aaloe
898 2916 1067 2962 Nerva
1078 2931 1096 2961 .·
1110 2917 1217 2963 licet
1229 2920 1323 2962 toto

309 2991 436 3023 mmo
446 2976 807 3040 Heliconesrui)
821 2981 1043 3040 plerique
1061 2987 1227 3026 tamen
1244 2993 1321 3026 re·

309 3042 437 3089 etius
474 3046 549 3090 vel
586 3044 914 3101 Hadrianum,
936 3045 1011 3091 vel
1032 3041 1323 3105 Trajanum,

308 3105 395 3164 qui
430 3106 769 3154 bibliothecam
811 3108 1011 3167 Ulpiam
1041 3109 1240 3163 struxit,
1273 3116 1323 3155 et

308 3170 370 3216 de
401 3184 501 3230 quo
532 3186 579 3218 v.
614 3171 743 3219 Plin.
773 3174 949 3232 Paneg.
971 3188 1036 3219 =c.1
1058 3171 1141 3219 4⁷.
1208 3173 1325 3232 Spes

306 3235 607 3291 studiorum„
622 3237 937 3296 praemiorum
970 3251 1031 3284 ex
1064 3238 1125 3283 iis
1151 3249 1322 3287 ,conse-

310 3300 638 3357 quendorum.
700 3301 824 3347 ratio
865 3302 1149 3359 studiorum,
1181 3303 1234 3348 h.
1278 3315 1322 3347 e.

307 3363 450 3420 ratio,
476 3377 625 3422 quare
647 3365 870 3412 homines
894 3379 946 3412 se
962 3367 1142 3412 dedant
1159 3367 1322 3412 studio

304 3427 576 3477 literarum.
607 3429 658 3474 iu
686 3429 874 3477 Gmare
904 3443 969 3477 sc.
1005 3431 1099 3476 sita
1130 3437 1221 3478 est.
1276 3430 1325 3477 2.

309 3490 558 3546 Camenae,
576 3493 772 3544 Musas
820 3495 1101 3554 liter-atque,
1146 3496 1324 3551 metes,-

305 3556 589 3614 neglectas,
604 3565 656 3604 et
689 3572 802 3616 quae
823 3558 969 3604 nullis
1000 3559 1215 3618 praemiis
1255 3560 1324 3606 fo·

307 3625 498 3665 ventur.
535 3622 755 3682 respexit,
777 3629 935 3679 curat,
959 3622 1168 3682 benigne
1189 3623 1323 3672 foret

304 3681 474 3730 literas
493 3685 630 3739 solue,
648 3700 770 3746 quas
791 3687 965 3747 reliqui
982 3687 1192 3751 civitatis
1208 3700 1318 3747 pro

304 3750 986 3874 cefflelql'irfflgtispoetarum
998 3816 1211 3863 conditio
1224 3817 1320 3863 illis

306 3877 626 3935 temporibus
631 3879 966 3931 adumbratur.

368 3937 417 3984 4.
442 3953 545 4000 seq.
569 3941 761 3991 Summi
785 3941 893 4005 jam
917 3950 1089 4004 poetae,
1115 3924 1317 4009 pauper-

308 4009 417 4049 tate
442 4006 616 4062 eoacti,
650 4007 822 4054 Romae
855 4015 906 4054 et
938 4010 989 4054 in
1023 4010 1132 4055 aliis
1162 4009 1329 4055 Italia>

302 4067 512 4127 oppidis
520 4084 580 4119 ex
601 4073 807 4117 sordidis
828 4073 1112 4119 ministeriis
1130 4079 1184 4119 et
1201 4074 1319 4119 arti·

305 4133 401 4178 bus
413 4133 599 4180 victum
615 4143 959 4196 quaestumque
971 4137 1062 4183 sibi
1076 4144 1318 4197 quaerunt.

299 4194 559 4244 balneolum
576 4199 906 4253 diminutive
919 4200 1097 4249 dicitur
1128 4208 1323 4262 propter

299 4272 553 4311 summam
558 4271 851 4323 egestatem,
864 4270 918 4309 et
930 4264 1091 4313 Gabiis
1103 4273 1320 4314 contem·

297 4325 416 4392 tim,
448 4327 510 4374 de
543 4340 698 4391 parvo
730 4334 783 4376 et
814 4330 1006 4381 deserto
1037 4331 1233 4390 oppido,
1266 4338 1334 4381 ut

1390 1516 1498 1563 sup.
1521 1501 1617 1548 VI.
1639 1500 1718 1547 56.
1727 1499 1923 1561 samos,
1941 1508 1997 1548 ut
2029 1514 2205 1562 panem
2228 1515 2403 1562 coque-

1389 1573 1500 1618 rent
1524 1566 1853 1614 vendendum.

1452 1630 1500 1678 6.
1524 1630 1783 1684 Proeeones,
1807 1644 2015 1691 quorum
2044 1630 2160 1677 vitae
2175 1644 2331 1691 genus
2349 1637 2401 1677 et

1388 1695 1485 1741 vile
1497 1701 1599 1742 erat
1610 1701 1659 1740 et
1676 1703 2026 1752 quaestuosum.
2061 1694 2256 1756 defi-rtis
2266 1695 2402 1754 Aga-

1392 1760 1556 1831 nippes
1588 1757 1801 1813 vultibus,
1825 1759 2007 1804 missis
2018 1759 2212 1813 studiis,
2247 1760 2405 1805 valere

1384 1819 1537 1884 jussis
1581 1822 1759 1877 Musis,
1791 1837 1904 1883 quae
1946 1830 2309 1872 commorantur
2349 1824 2403 1869 in

1391 1887 1585 1932 vellibat
1602 1887 1826 1933 solitariis
1841 1895 1891 1933 et
1912 1889 2117 1933 amoenis
2139 1888 2404 1934 recessibus

1393 1950 1659 1997 Heliconis.
1692 1951 1766 1997 cf.
1785 1964 1900 1997 mox
1923 1952 1982 1996 ad
2010 1966 2056 1999 v.
2076 1950 2123 1997 8.
2147 1951 2402 2011 Aganippe

1392 2017 1504 2061 fons
1537 2013 1810 2071 Heliconis,
1843 2016 1894 2061 in
1920 2013 2126 2113 Boeotia,
2150 2016 2306 2063 Musis
2326 2029 2401 2062 sa·

1391 2093 1488 2126 cer.
1572 2107 1575 2110 ι

1456 2144 1503 2191 7.
1524 2142 1646 2200 Clio,
1663 2158 1761 2190 una
1777 2158 1805 2190 e
1829 2143 2008 2202 Musis,
2031 2109 2078 2191 ti.
2103 2146 2135 2190 1.
2158 2109 2297 2192 docte
2311 2157 2400 2203 pro

1389 2214 1547 2266 poeta.
1599 2209 1649 2253 in
1670 2210 1797 2255 atria
1818 2208 2030 2255 divitum
2049 2210 2402 2268 nobiliumque,

1389 2270 1828 2333 (Anticbambern)‘
1816 2286 1865 2318 tn
1888 2273 2067 2332 quibus
2085 2274 2286 2320 clientes
2312 2285 2419 2331 pa·-

1387 2344 1585 2388 tronum
1610 2338 1840 2393 salutare,
1864 2338 1941 2385 vel
1973 2338 2211 2397 sportulas
2236 2344 2398 2395 petere

1386 2406 1436 2452 et
1456 2397 1678 2459 a'dcipere
1700 2403 1935 2448 solebant.
1974 2401 2051 2448 Cf.
2073 2402 2159 2447 inf.
2180 2416 2230 2449 v.
2252 2399 2329 2446 91.
2348 2407 2400 2447 et

1387 2479 1492 2528 sup.
1512 2467 1573 2511 ad
1597 2463 1640 2510 1.
1659 2465 1739 2514 95.
1761 2466 1840 2513 96.
1861 2465 1987 2526 inpr.
2014 2467 2230 2513 Martial.
2244 2466 2295 2513 1.
2318 2465 2396 2513 71.

1391 2528 1470 2577 12.
1491 2543 1590 2588 seq.
1609 2536 1659 2575 et
1681 2529 1780 2577 111.
1799 2529 1879 2577 38.
1907 2531 1984 2577 11.
2013 2530 2089 2578 12.
2284 2562 2291 2567 -
2388 2557 2397 2565 ·

1423 2625 1428 2633 -
1450 2592 1630 2641 8—16.
1647 2595 1698 2641 Si
1714 2596 1875 2641 studio
1898 2596 2147 2643 literarum
2169 2602 2221 2641 et
2244 2596 2398 2654 poeti-

1385 2673 1456 2705 σεε
1479 2672 1578 2705 non
1596 2672 1757 2718 parare
1782 2660 2075 2720 possis‚quae
2091 2660 2401 2719 subpeditent

1386 2725 1447 2769 ad
1471 2724 1680 2780 victum,
1705 2729 1857 2771 satius
1888 2732 1980 2778 est,
2003 2725 2302 2783 praeconium
2323 2726 2398 2773 fa.

1385 2800 1495 2834 cere
1517 2793 1565 2833 et
1590 2794 1691 2834 tam
1716 2789 1802 2835 vili
1833 2788 2103 2835 ministerio
2125 2789 2273 2834 vitam
2292 2789 2400 2836 ino-

1387 2853 1615 2914 piamque
1668 2853 1887 2909 tolerare,
1930 2866 2079 2913 quam
2123 2866 2210 2912 per
2257 2853 2398 2899 inho-

1386 2923 1551 2963 nestas
1571 2923 1625 2962 et
1643 2919 1798 2965 malas
1818 2923 1946 2964 artes
1958 2916 2151 2964 divitias
2163 2930 2398 2976 querere.

1386 2979 1444 3026 St
1467 2980 1552 3026 tibi
1582 2981 1846 3028 ostendatur
1876 2980 2034 3026 nullus
2054 2980 2309 3040 quadram,
2332 2995 2396 3029 ne
2416 3010 2423 3015 -

1387 3056 1551 3162 32:33?
1556 3044 2206 3186 ᾆῖῗῖῖωἳὶΐῗίἒῷἓίἶ
2220 3044 2397 3168 affin

1387 3185 1500 3232 pars
1515 3175 1652 3228 assis,
1676 3180 1773 3220 tres
1805 3175 1981 3230 uncias,
2003 3173 2134 3220 unde
2165 3180 2216 3219 et
2237 3177 2398 3220 urua-

1386 3239 1507 3291 cv’ue,
1531 3252 1569 3283 s.
1595 3239 1792 3284 triane-is
1816 3239 2009 3285 dicitur.
2080 3237 2273 3299 Umbra,
2293 3237 2396 3291 vita

1386 3304 1681 3360 umbratilis,
1697 3303 1900 3349 obscura
1922 3301 2216 3362 ignobilitas,
2228 3305 2314 3359 (ut
2330 3304 2393 3361 al,

1386 3379 1477 3412 nox
1489 3374 1539 3412 et
1552 3364 1764 3427 tenelmr)
1785 3367 1971 3422 Pieria,
1986 3366 2304 3420 eruditorum,
2317 3366 2395 3415 wel

1386 3437 1517 3477 artes
1547 3433 1793 3489 ingenuae,
1824 3444 1936 3492 quae
1969 3430 2019 3474 in
2054 3429 2249 3486 umbra,
2269 3430 2317 3474 h.
2351 3442 2398 3479 e.

1386 3494 1520 3541 domi
1538 3501 1586 3540 et
1607 3495 1659 3540 in
1676 3496 1858 3549 schola,
1881 3494 1982 3539 sive
2003 3493 2053 3537 in
2076 3493 2175 3539 otio
2190 3499 2240 3538 et
2254 3498 2397 3540 tran·

1387 3558 1649 3616 quillitate,
1683 3564 1983 3604 tractantur:
2028 3556 2156 3602 unde
2184 3557 2397 3605 erudito·

1385 3635 1498 3668 rum
1515 3618 2253 3684 umbra,uqnbracula,umbratilie
2262 3635 2394 3669 exer-

1382 3686 1540 3732 citatio
1559 3693 1608 3732 et
1628 3685 1774 3731 otium
1789 3687 1892 3741 soli,
1908 3684 2094 3745 pulveri
2113 3691 2163 3731 et
2185 3687 2321 3743 aciei,
2341 3690 2391 3736 h.

1381 3764 1427 3797 e.
1442 3749 1846 3797 administrationi
1859 3751 1976 3810 reip.
1996 3749 2292 3811 publicisque
2309 3767 2396 3800 ne·-

1382 3815 1529 3874 gotiis
1546 3817 1888 3875 obponuntur,
1911 3821 1967 3861 ut
1982 3813 2071 3861 inf.
2090 3828 2135 3860 v.
2159 3815 2272 3871 105.
2291 3831 2397 3878 seq.

1382 3879 1613 3929 causidici
1635 3879 1873 3926 historicis
1891 3880 2056 3937 uaenbra
2069 3880 2397 3939 gaudentibus

1384 3944 1463 3993 Sic
1484 3951 1536 3991 et
1552 3944 1639 3990 inf.
1661 3959 1704 3991 v.
1729 3942 1836 3991 173.
1859 3943 2142 4006 adpugnum
2164 3944 2394 3991 rhetorica

1383 4008 1609 4056 aescendit
1620 4008 1674 4055 ab
1688 4009 1870 4068 umbra,
1888 4010 1934 4055 b.
1953 4024 1994 4056 e.
2018 4023 2049 4055 a
2072 4009 2170 4054 vita
2191 4011 2397 4062 obscura

1384 4081 1433 4120 et
1447 4073 1753 4130 scholastica,
1775 4088 1887 4133 quae
1904 4075 2051 4120 famae
2074 4078 2122 4117 et
2143 4073 2392 4120 celebrita-

1385 4140 1450 4184 tis
1470 4152 1644 4198 expers
1675 4142 1770 4193 est,
1792 4140 1855 4184 ad
1875 4139 2061 4193 forum,
2082 4136 2158 4181 vel
2181 4134 2397 4189 adecla-

1384 4203 1700 4260 mationibus,
1721 4203 1755 4250 i.
1742 4216 1816 4271 ‚e-
1831 4202 2148 4256 orationibus,
2168 4200 2229 4251 de
2248 4198 2399 4244 rebus

1385 4267 1510 4314 fictis
1522 4267 1572 4312 ln
1586 4267 1746 4314 schola
1761 4264 2153 4322 exercitationis,
2145 4274 2294 4308 causa
2304 4261 2390 4306 ba-

1384 4324 1535 4389 bitis,
1557 4331 1620 4378 ad
1662 4343 1849 4379 causas
1867 4327 2058 4390 publice
2097 4333 2159 4375 et
2191 4326 2243 4383 in
2283 4326 2399 4372 toro
