2978 4920
1012 317 1454 386 SATIRA
1523 323 1679 386 VII.

390 510 585 575 Sidus
613 521 674 575 et
704 508 936 574 occulti
966 505 1253 573 miranda
1280 506 1565 593 potentia
1591 506 1755 574 fati?

2267 328 2390 393 195

390 615 604 679 Servis
631 636 825 703 regna
852 613 1123 690 dabunt,
1147 611 1415 700 captivis
1447 612 1612 676 Fata
1639 611 2014 701 triumphos.

388 715 573 780 Felix
603 715 708 779 ille
738 725 949 780 tamen
977 736 1167 779 corvo
1196 723 1456 800 quoque
1485 712 1685 776 rarior
1713 707 1875 779 albo.

389 815 701 880 Poenituit
733 815 968 880 multos
996 838 1176 879 vanae
1207 812 1565 898 sterilisque
1592 813 1931 894 cathedrae,

391 917 567 983 Sicut
601 916 1063 1004 Thrasymachi
1091 916 1322 1004 probat
1351 915 1563 979 exitus
1592 927 1786 1002 atque
1819 917 2094 981 Secundi

391 1018 774 1083 Carrinatis:
821 1031 884 1083 et
906 1018 1078 1082 hunc
1108 1018 1355 1104 inopem
1387 1015 1658 1094 vidistis,
1694 1018 1983 1098 Athenae,

2265 1019 2390 1082 205

390 1120 500 1184 Nil
530 1132 763 1206 praeter
790 1119 1031 1206 gelidas
1062 1139 1234 1184 ausae
1262 1116 1549 1181 conferre
1577 1119 1833 1183 cicutas,

391 1220 504 1297 Di,
528 1222 840 1307 majorum
871 1221 1115 1286 umbris
1145 1232 1399 1285 tenuem
1429 1229 1492 1281 et
1523 1217 1652 1282 sine
1680 1219 1959 1306 pondere
1987 1232 2243 1299 terram,

396 1320 846 1407 spirantesque
873 1344 1086 1385 crocos
1115 1333 1178 1386 et
1207 1321 1272 1384 in
1304 1341 1465 1384 urna
1494 1333 1876 1406 perpetuum
1906 1344 2038 1400 ver,

302 1533 411 1566 rum
432 1532 520 1585 ope
537 1518 828 1568 tribunatum
860 1517 1026 1583 plebis,
1050 1526 1317 1585 praeturam,

302 1583 628 1652 pontificatum
685 1583 1071 1647 consulatumque
1124 1581 1321 1649 adeptus

304 1656 410 1709 est3
452 1648 645 1698 tandem
682 1665 712 1696 a
748 1649 824 1697 M.
846 1648 1053 1696 Antonio
1097 1649 1321 1697 adversus

305 1712 510 1760 Parthos
542 1713 724 1768 missus,
746 1712 806 1761 de
828 1712 998 1777 quibus
1065 1712 1206 1760 rimus
1239 1711 1318 1759 tn*-

302 1775 570 1843 umphavit.
635 1777 828 1833 Tullius,
871 1792 964 1824 non
1007 1728 1190 1833 (ficere,
1235 1776 1318 1825 sed

302 1842 495 1890 Servius
538 1841 725 1904 Tullius
773 1857 854 1890 rex
901 1841 1223 1889 Romanorum
1272 1849 1321 1889 et

300 1919 455 1953 servae
475 1906 550 1955 vel
570 1922 626 1955 ca
660 1906 767 1955 tivae
799 1906 950 1953 filius:
988 1919 1099 1953 nam
1119 1906 1182 1953 ad
1210 1921 1317 1954 eum

302 1977 526 2036 spectant
544 1986 622 2021 ver
657 1987 686 2020 a
708 1988 753 2018 v.
776 1972 863 2018 20]
877 2004 891 2025 ,
916 1973 1047 2018 servis
1077 1987 1217 2035 regna
1237 1973 1318 2017 da-

301 2036 419 2082 bunt
435 2036 566 2098 sitta,
594 2042 643 2083 et
674 2036 856 2097 reliqua
888 2037 1070 2096 captivis
1085 2035 1201 2099 fata
1232 2038 1316 2082 tri·

297 2100 489 2160 amphos
530 2101 699 2147 dabunt
743 2098 805 2146 ad
847 2097 1140 2146 Ventidium.
1204 2100 1319 2147 200.

302 2164 439 2217 Quia
469 2164 614 2218 aliud,
638 2178 770 2225 quam
790 2163 911 2209 sidus
929 2169 1020 2209 cet.
1041 2162 1091 2209 h.
1113 2177 1158 2209 e.
1178 2177 1321 2224 quam

299 2227 533 2291 exempla
545 2227 617 2275 vis
634 2225 799 2275 sideris
813 2224 1032 2280 natalitii,
1050 2227 1121 2289 (v.
1135 2241 1237 2289 sup.
1259 2225 1341 2288 ad,

297 2310 354 2341 v.
383 2289 493 2339 194.
514 2289 638 2353 seq.)
662 2297 710 2338 et
773 2289 958 2337 otentiae
991 2287 1215 2336 mirandae
1238 2289 1323 2338 fati

296 2353 524 2405 obculti‘!
589 2354 705 2402 202.
780 2356 868 2400 elix
899 2355 991 2408 ille,
1021 2353 1149 2408 talis,
1171 2354 1324 2417 qualis

296 2415 655 2480 Quintilianus.
708 2433 833 2466 corvo
878 2419 1027 2465 rarior
1064 2418 1176 2473 albo,
1216 2433 1323 2482 pro-

293 2484 441 2534 verb.
472 2490 528 2530 ut
558 2481 708 2531 simile
739 2497 845 2546 sup.
865 2482 958 2531 VI.
982 2481 1094 2530 165.
1148 2480 1325 2530 Corvos

295 2563 666 2612 nonnumquam
708 2547 841 2594 albos
880 2545 1093 2601 inveniri,
1134 2555 1327 2594 monent

300 2612 591 2667 Aristoteles
628 2620 676 2660 et
712 2611 894 2661 Coelius
921 2610 1130 2675 Rhodig.
1154 2610 1324 2659 XVII.

299 2679 487 2790 11203.
524 2741 756 2796 cathedroe,
799 2738 929 2787 sellae
975 2739 1320 2804 magistrorum,

303 2806 364 2854 h.
387 2821 430 2855 e.
453 2804 689 2854 rhetoricae
719 2801 1030 2868 professionis,
1052 2805 1244 2860 sterilis5
1277 2821 1324 2853 v.

302 2886 416 2939 sup.
434 2870 556 2918 adv.
573 2872 652 2919 49.
698 2870 813 2921 204.
837 2869 1169 2931 strasymachi,
1191 2864 1323 2916 Rhe-

207 2942 212 2943 ’
301 2935 424 2984 toris
452 2933 579 2999 apud
598 2933 929 2996 Athenas,‘qui
958 2932 1209 3007 suspendio
1240 2948 1323 2997 pe-

306 2999 421 3058 riit3
465 3006 561 3047 vet.
600 2998 759 3047 Schol.
825 2999 947 3048 Eum
989 2997 1150 3064 inopia
1191 2996 1321 3045 labo-

306 3061 741 3112 rantem'rhetorica
773 3061 1056 3125 professione
1077 3059 1325 3118 destitisse,

306 3133 474 3176 monet
501 3126 729 3176 ‹Philostr.
784 3125 859 3173 Cf.
894 3124 1097 3183 Quintil.
1137 3124 1236 3173 111.
1274 3127 1321 3174 1.

311 3193 396 3240 10.
420 3192 469 3240 3.
488 3194 537 3241 4.
558 3198 606 3240 et
625 3190 814 3240 SuidaS.
863 3189 1089 3238 Secundus
1112 3190 1325 3237 Carrinas

311 3256 485 3312 rhetor,
573 3272 681 3304 uem
735 3255 799 3303 ad
858 3253 1031 3302 incitas
1081 3253 1325 3302 redactum

308 3320 517 3368 Athenis
627 3336 753 3368 mam
785 3316 1025 3382 migrasse,
1048 3325 1095 3366 et
1129 3317 1177 3366 in
1204 3321 1325 3367 exsi-

305 3382 430 3432 lium
468 3401 499 3434 a
535 3384 758 3448 Caligula
796 3383 990 3431 missum
1017 3396 1142 3439 esse,
1180 3398 1326 3445 quum

312 3456 481 3497 contra
532 3457 754 3514 tyrannos
814 3447 1136 3505 declamasset,
1190 3447 1329 3494 refert

305 3512 416 3561 -Dio
433 3513 571 3562 LIX.
592 3515 671 3562 20.
707 3512 787 3562 Cf.
808 3513 924 3560 Tac.
959 3511 1088 3560 Anu.
1111 3511 1225 3560 XV.
1247 3512 1326 3560 45.

308 3576 474 3642 ibique
493 3577 622 3644 Lips.
1131 3594 1134 3597 ’

377 3642 494 3691 205.
509 3642 763 3690 206.·Haec
780 3640 949 3689 acerbe
964 3639 1093 3688 dicta
1107 3639 1159 3686 in
1171 3637 1325 3688 Athe·

312 3704 528 3755 nienses:
563 3706 680 3764 Vos,
708 3703 1040 3761 AthenienseS,
1074 3703 1237 3768 (aeque
1269 3718 1326 3753 ac
1387 3720 1392 3724 ·

311 3770 571 3834 Romanh)
593 3772 712 3834 hunc
728 3769 997 3819 Secundum
1014 3767 1325 3825 Carrinatem,

316 3835 557 3900 (aliosque
609 3835 731 3884 viros
779 3832 1012 3897 literatos)
1055 3833 1116 3881 ab
1168 3831 1327 3898 iuopia

314 3900 480 3948 vexari
509 3898 635 3966 passi
666 3899 794 3955 estis,
826 3912 914 3946 nec
945 3897 1137 3963 praemia
1172 3906 1328 3946 contu-

312 3965 433 4013 listis
452 3964 503 4012 in
525 3964 735 4012 doctores
761 3962 1022 4028 juventutis
1043 3969 1225 4018 vestrae,
1246 3959 1330 4010 sed

318 4031 529 4084 cicutam,
554 4043 802 4085 venenum,
819 4036 929 4092 ‘quo
962 4026 1129 4074 hausto
1165 4028 1331 4075 Socra-

313 4101 406 4149 tes,
437 4101 597 4142 tantus
627 4093 713 4150 vir,
745 4092 937 4142 interiit.
1002 4091 1143 4138 Hunc
1176 4091 1333 4139 Carri-

318 4166 480 4207 natem
510 4172 613 4207 esse
642 4156 934 4214 crediderim,
957 4170 1051 4203 non
1078 4157 1333 4211 Socratem,

1382 1515 1638 1581 aliquando
1674 1516 1952 1568 rhetoricam
1989 1520 2201 1568 docuisse
2238 1519 2397 1571 tradit.

1382 1581 1441 1628 Id
1477 1582 1518 1629 si
1549 1582 1626 1630 vel
1666 1582 1822 1629 minus
1861 1592 2111 1640 constaret,
2139 1594 2299 1632 tamen
2336 1599 2394 1633 ex

1381 1654 1540 1693 nostra
1574 1646 1951 1711 interpretatione
1983 1658 2091 1716 apte
2129 1648 2398 1698 laudaretur

1381 1707 1431 1759 h.
1452 1709 1485 1758 1.
1507 1709 1589 1757 ubi
1614 1726 1708 1758 non
1739 1720 1838 1759 tam
1872 1713 1991 1762 inter
2024 1713 2233 1762 rhetoras
2253 1723 2300 1762 et
2321 1731 2395 1762 so-

1383 1773 1580 1840 phistas,
1603 1791 1746 1840 quam
1766 1776 1888 1824 inter
1909 1787 2217 1843 praeceptores
2235 1779 2397 1844 inopes

1382 1838 1591 1888 refertur.
1662 1841 1837 1888 Cicuta·
1858 1857 1940 1889 cur
1968 1845 2134 1907 gelidoe
2159 1843 2394 1900 dicantur,

1383 1903 1521 1953 docet
1541 1903 1728 1952 Plinius
1752 1907 1913 1954 XXV.
1939 1908 2015 1957 13.
2038 1924 2077 1956 s.
2095 1908 2176 1956 95.
2198 1910 2244 1956 4.
2315 1909 2394 1955 Ci-

1382 1978 1488 2016 cuta
1521 1985 1686 2032 quoque
1713 1985 1928 2018 venenum
1954 1982 2033 2030 est,
2049 1973 2231 2034 publica
2250 1974 2396 2021 Athe-

1379 2035 1599 2081 niensium
1648 2049 1778 2094 poena
1829 2037 1987 2084 invisa.
2061 2036 2216 2086 Semen
2269 2038 2397 2086 habet

1379 2097 1806 2146 noxium—Semini
1831 2110 1873 2147 et
1894 2099 2028 2165 foliis
2059 2100 2398 2166 refrigeratoria

1380 2163 1469 2207 vis:
1503 2178 1607 2224 quos
1636 2172 1804 2219 enecat,
1826 2166 2050 2227 incipiunt
2080 2168 2230 2230 algere
2248 2169 2303 2214 ab
2321 2184 2395 2215 ex-

1384 2227 1679 2273 tremitatibus
1703 2229 1908 2287 corporis.
1974 2229 2183 2279 Remedio
2201 2240 2278 2287 est,
2297 2236 2393 2293 pri·

1384 2297 1569 2350 usquam
1587 2293 1816 2349 perveniat
1837 2294 1897 2339 ad
1915 2294 2090 2351 vitalia,
2106 2297 2203 2342 vini
2228 2305 2397 2344 natura

1386 2352 1712 2416 eacaffactoria.
1780 2355 1864 2402 Sed
1892 2358 1940 2403 in
1962 2360 2063 2405 vino
2089 2369 2195 2419 pota
2208 2364 2397 2408 inreme-

1386 2419 1562 2465 aiebatis
1581 2420 1855 2467 mistimatur
1872 2426 1964 2468 cet.

1450 2481 1726 2530 207—210.
1761 2485 1994 2533 Praeclare
2036 2494 2196 2535 monet
2273 2496 2397 2543 oeta,

1387 2553 1567 2656 guanto
1591 2546 1772 2609 aequius
1792 2548 2141 2613 sapientiusque
2166 2550 2222 2612 ju
2257 2551 2396 2600 icium

1422 2625 1448 2658 e
1468 2609 1698 2674 dignitate
1752 2620 2053 2677 raeceptorum
2081 2615 2236 2678 prisci,
2256 2630 2400 2679 quam

1386 2675 1686 2730 recentiores,
1753 2676 1934 2724 tomani
1972 2676 2184 2735 tulerint,
2228 2694 2399 2743 eosque

1385 2745 1493 2803 post
1530 2747 1723 2788 mortem
1762 2740 1906 2789 etiam
1937 2741 2157 2790 colendos
2192 2742 2323 2801 dicit,
2353 2753 2400 2792 et

1386 2809 1545 2852 amore
1566 2803 1776 2868 votisque
1797 2806 2154 2870 prosequendos.
2331 2820 2337 2825 ·

1452 2868 1566 2916 207.
1600 2868 1684 2916 Dii
1716 2885 1781 2917 sc.
1817 2868 1942 2925 date,
1965 2886 2003 2919 s.
2025 2871 2155 2919 dent.
2181 2874 2400 2933 majorum

1384 2935 1570 2989 umbris,
1602 2934 1848 2990 Manibus,
1882 2950 1999 2997 quos
2029 2945 2208 2984 veteres
2243 2936 2397 2988 Graeci

1389 3012 1447 3045 ac
1466 2996 1676 3045 Romani
1696 2999 1929 3062 putabant
1948 2999 1998 3047 in
2031 2999 2143 3111 ipsis
2174 3002 2400 3066 sepulcris

1391 3075 1486 3109 una
1505 3075 1615 3108 cum
1636 3061 1792 3111 cinere
1814 3063 1876 3110 ali
1909 3072 2056 3112 uantu
2077 3081 2157 3112 um
2178 3067 2399 3123 residere,

1385 3123 1582 3190 ipsaque
1622 3128 1745 3175 mole
1792 3143 1886 3192 pon
1920 3129 2011 3177 eris
2051 3128 2221 3191 adfici3
2273 3133 2400 3180 unde

1387 3190 1593 3237 solennis
1623 3198 1830 3239 veterum
1863 3193 2083 3256 precandi
2115 3195 2329 3254 formula,
2349 3196 2400 3244 in

1383 3254 1614 3318 sepulcris
1643 3255 1785 3304 etiam
1817 3256 1956 3305 obvia
1975 3259 2025 3307 S.
2045 3258 2102 3306 T.
2121 3259 2182 3306 T.
2208 3260 2263 3307 L.
2284 3260 2332 3308 h.
2352 3276 2398 3308 e.

1389 3321 1445 3367 sit
1473 3321 1553 3366 tibi
1581 3328 1702 3367 terra
1729 3323 1849 3376 levis,
1869 3329 1916 3369 et
1939 3322 2024 3371 Gr.
2048 3321 2188 3385 κοῦφη
2211 3325 2276 3386 γῆ
2297 3325 2398 3372 τοῦ·

1390 3401 1464 3430 τον
1485 3383 1733 3440 anaba-w,
1758 3384 1834 3433 vel
1855 3388 1910 3432 sit
1931 3387 2036 3433 levis
2054 3403 2192 3448 cespes
2208 3395 2290 3433 aut
2304 3391 2399 3449 cip-

1386 3463 1487 3508 pus,
1501 3454 1550 3494 et
1566 3450 1755 3496 molliter
1768 3465 1859 3496 ossa
1876 3451 2034 3497 cubent
2051 3449 2126 3497 vel
2142 3452 2365 3512 quiescant
2382 3470 2401 3510 ,-

1390 3518 1443 3557 ut
1494 3519 1658 3559 contra
1694 3511 1984 3560 inimicorum
2029 3514 2395 3564 exsecrationes:

1390 3578 1447 3623 sit
1483 3578 1566 3622 tibi
1602 3584 1722 3623 terra
1754 3579 1921 3640 gravis,
1956 3587 2117 3642 urgeat
2150 3594 2238 3637 ossa
2271 3581 2398 3641 lapis,

1390 3641 1570 3687 duriter
1583 3657 1675 3688 ossa
1694 3643 1868 3689 cubent.
1902 3640 1976 3689 Cf.
1995 3641 2056 3690 ad
2074 3643 2206 3691 Pers.
2225 3644 2268 3692 I.
2284 3647 2366 3696 37.

1452 3704 1565 3752 208.
1612 3705 1810 3753 Veteres
1867 3720 1961 3752 non
2009 3705 2148 3755 modo
2196 3712 2401 3761 tumulos

1389 3775 1676 3817 mortuorum
1703 3786 1726 3817 s
1761 3769 1874 3817 arsis
1903 3769 2093 3819 floribus
2124 3774 2402 3840 corollisque

1389 3823 1638 3890 ornabant,
1659 3787 1874 3882 sefhinc
1894 3834 2036 3883 etiam
2057 3837 2308 3888 credidisse
2330 3843 2401 3890 vi·

1392 3897 1581 3955 dentur,
1600 3898 1651 3946 in
1682 3898 1850 3947 iisdem
1885 3899 2019 3948 flores
2046 3916 2194 3957 suave.
2225 3903 2404 3954 olentes

1394 3970 1560 4027 sponte
1582 3965 1729 4021 nasci,
1752 3964 2018 4028 Manesque
2042 3966 2198 4015 adhuc
2222 3968 2404 4016 coronis

1396 4027 1656 4091 annuisque
1705 4028 2009 4078 libationibus
2057 4030 2298 4085 delectari,
2353 4042 2403 4080 et

1391 4098 1496 4140 ‘vere
1522 4102 1732 4154 perpetuo
1765 4093 1872 4141 frui.
1906 4094 1984 4142 Cf.
2008 4093 2069 4142 ad
2103 4095 2233 4143 Pers.
2257 4096 2300 4142 Ι.
2322 4096 2404 4144 39.

1396 4157 1477 4205 40.
1545 4157 1708 4205 Crocus
1737 4166 1786 4206 et
1818 4166 2073 4221 unguenta,
2104 4157 2224 4222 inpr.
2257 4159 2403 4209 croci-

318 4236 416 4286 qua
457 4220 641 4286 vulgari
680 4221 915 4271 sententia
949 4220 1062 4269 ordo
1092 4220 1336 4269 verborum
1399 4234 1479 4276 na,
1502 4237 1596 4269 non
1629 4221 1767 4269 modo
1788 4220 1838 4269 in
1867 4220 2091 4269 conviviis
2111 4229 2159 4268 et
2191 4222 2401 4280 theatris,

239 4294 242 4297 ’
320 4287 554 4334 turbatur.
620 4286 752 4337 Nota
785 4284 988 4334 Socratis
1007 4293 1055 4333 et
1086 4293 1339 4350 paupertas
1400 4285 1484 4333 sed
1518 4283 1661 4333 etiam
1693 4285 1741 4333 in
1774 4286 2013 4333 funeribus
2046 4282 2258 4333 adhiberi
2287 4288 2406 4336 sole-

322 4357 376 4400 et
393 4356 516 4400 mors
535 4351 611 4401 vel
631 4365 690 4400 ex
711 4349 918 4406 Laertio,
939 4348 1021 4412 qui
1055 4360 1160 4397 eum
1194 4348 1337 4399 etiam
1399 4349 1535 4404 bant,
1556 4356 1606 4396 et
1632 4350 1708 4396 vel
1737 4363 1846 4412 rogo
1879 4347 2078 4403 infundi,
2103 4348 2176 4396 vel
2209 4351 2435 4439 ossibus&

1513 4413 1695 4472 202
