2978 4920
1046 318 1498 391 SATIRA
1562 317 1758 392 XVI.

382 506 825 594 Digredimur,
856 503 1157 595 lentaque
1187 502 1309 588 fpri
1342 524 1709 589 pugnamus
1740 521 1949 567 arena.

341 623 348 630 ·
389 609 515 671 Ast
546 606 696 684 illis,
725 627 887 692 quos
916 625 1092 668 arma
1122 616 1373 689 tegunt,
1405 617 1470 667 et
1502 603 1758 674 balteus
1787 603 2018 679 ambit,

389 707 580 786 Quod
611 706 919 793 placitum
949 716 1044 769 est
1075 704 1252 791 ipsiS,
1283 715 1627 790 praestatur
1658 714 1914 789 tempus
1943 701 2201 789 agendi,

391 808 530 870 Nec
561 829 661 870 res
689 805 1005 870 adteritur
1036 801 1227 888 longo
1257 803 1649 890 subflamines
1665 801 1814 866 litis.

2336 805 2422 866 50

453 901 458 916 ‘
483 903 645 976 Solis
674 920 985 995 praeterea
1013 905 1293 971 testandi
1326 900 1639 970 militibus
1659 905 1773 991 jus

390 1010 551 1073 Vivo
579 1021 761 1096 patre
792 1008 1025 1072 datur:
1075 1028 1246 1083 uam,
1281 1028 1429 1092 quae
1463 1018 1616 1069 sunt
1650 1018 1836 1092 parta
1866 1006 2079 1072 labore

401 1107 680 1189 Militiae,
713 1109 953 1194 placuit
986 1130 1114 1172 non
1146 1131 1281 1172 esse
1311 1109 1378 1171 in
1410 1130 1677 1195 corpore
1708 1130 1957 1186 censue,

391 1213 598 1277 Omne
629 1225 801 1277 tenet
834 1213 1019 1298 cujus
1049 1210 1327 1297 regimen
1361 1224 1562 1297 pater.
1609 1233 1763 1297 ergo
1796 1211 2121 1275 Coranum

396 1315 739 1399 Signorum
771 1312 1088 1388 comitem,
1112 1304 1593 1398 castrorumque
1624 1334 1752 1375 aera
1780 1324 2155 1388 merentem,

2266 1289 2427 1376 '55

395 1414 706 1492 Quamvis
731 1414 867 1500 jam
892 1412 1233 1489 tremuluS,
1264 1425 1479 1499 captat
1510 1425 1712 1500 pater.
1776 1414 1975 1475 Hunc
1997 1412 2175 1476 labor
2198 1435 2425 1504 aequus

387 1516 720 1593 Provehit,
753 1529 817 1580 et
848 1514 1075 1602 pulcro
1103 1514 1318 1580 reddit
1350 1538 1468 1586 sua
1497 1514 1665 1579 dona
1695 1514 1916 1579 labori.

397 1616 613 1702 Ipsius
643 1629 814 1681 certe
845 1615 1027 1680 ducis
1059 1615 1180 1679 hoc
1211 1614 1448 1680 referre
1481 1614 1763 1692 videtur,

293 1766 543 1814 ‘lucernam
564 1774 727 1826 poscat,
749 1766 867 1814 alter
895 1764 1045 1813 urinae
1067 1763 1240 1827 injuria
1262 1763 1340 1813 vix

311 1828 482 1877 morari
531 1829 788 1887 sustineat;
842 1828 994 1877 abibis
1039 1835 1200 1877 tamen
1245 1844 1340 1877 non

308 1893 462 1941 solum
497 1908 593 1941 non
628 1892 849 1959 expedito
888 1891 1092 1957 negotio,
1135 1891 1218 1941 sed
1252 1908 1340 1942 nec

226 1968 250 1992 ⁴
307 1973 393 2070 vil>
478 1955 545 2006 ‘ta
582 1955 783 2007 actione.
827 1956 906 2007 Cf.
939 1965 1100 2007 tamen
1133 1973 1239 2022 sup.
1278 1957 1340 2006 ad

380 2085 461 2133 46.
484 2087 659 2133 Facete
699 2084 873 2134 dicitur
894 2088 1000 2146 jam
1037 2088 1337 2142 micturiente,

313 2156 414 2197 tum
435 2149 497 2197 ob
521 2149 710 2213 longam
732 2147 928 2197 sedendi
956 2157 1005 2197 et
1036 2149 1342 2214 exspectandi

317 2227 514 2267 moram,
557 2222 657 2260 tum
698 2213 758 2260 ob
807 2212 990 2275 largam
1031 2214 1148 2260 meri
1192 2213 1341 2277 potio-

314 2291 442 2325 nem.
479 2274 556 2324 Cf.
573 2277 792 2325 Macrob.
817 2276 918 2324 Sat.
937 2274 1040 2324 111.
1061 2276 1109 2324 6.

383 2340 463 2388 46.
482 2342 635 2402 parati
670 2339 732 2388 ad
767 2338 1023 2387 dicendum
1058 2352 1345 2402 causamque

319 2403 571 2468 agendam,
612 2406 894 2471 digredimur
926 2402 1100 2453 infecta
1139 2403 1207 2459 re,
1247 2404 1341 2452 fru-

317 2468 452 2525 strati
470 2469 822 2536 exspectatione
838 2468 1074 2534 judicum.

380 2535 460 2583 47.
480 2534 542 2582 In
562 2534 677 2589 foro,
701 2534 784 2582 ubi
802 2533 1060 2598 litigamus,
1082 2533 1209 2582 lente
1229 2549 1342 2598 *pro-

314 2597 442 2648 cedit
462 2598 521 2646 lis
547 2606 720 2648 nostra.
785 2598 845 2646 M
846 2598 1071 2663 etaphora
1102 2598 1251 2672 petita
1283 2598 1345 2647 ab

315 2675 459 2738 arena
500 2662 848 2728 amphitheatri,
893 2671 942 2712 et
988 2661 1344 2726 gladiatoribus,

316 2734 854 2841 quzaegopffitiifiggus
870 2797 1034 2839 contra
1057 2791 1225 2864 quovis
1245 2790 1340 2847 die,

300 2862 365 2902 ‘et
402 2856 593 2920 quando
629 2857 703 2906 vel
735 2856 918 2919 quoties
959 2855 1018 2903 iis
1054 2854 1185 2912 hbet,
1222 2863 1341 2905 tem-

316 2934 407 2983 pus
441 2935 604 2969 causae
638 2918 837 2984 agendae
869 2919 1156 2975 conceditur,
1188 2934 1343 2984 neque

234 3039 245 3049 l
319 2998 405 3037 res,
450 2999 595 3032 causa
636 2999 675 3030 s.
721 2983 861 3038 actio,
900 2985 1029 3048 longo
1066 2984 1342 3048 sufflamine,

318 3046 463 3110 longa
496 3062 645 3103 mora,
672 3050 746 3111 (v.
781 3062 885 3111 sup.
918 3046 981 3095 ad
1014 3047 1169 3096 VIII.
1208 3048 1340 3114 148.)

316 3113 563 3168 adteritur,
596 3109 799 3159 deterior
834 3111 911 3158 vel
943 3110 1073 3158 mala
1104 3110 1173 3167 fit,
1196 3128 1342 3175 quum

315 3176 442 3224 bona
479 3182 620 3231 esset,
654 3183 702 3224 et
734 3173 955 3240 perditur.
1024 3175 1237 3224 Adterere
1269 3177 1344 3226 vel

314 3250 473 3297 terere,
496 3247 550 3289 ut
584 3239 670 3289 Gr.
693 3238 849 3306 «velem
870 3246 918 3286 et
949 3237 1194 3306 inege'em,
1216 3255 1342 3289 com·

317 3304 549 3361 minuere,
601 3303 880 3357 inminuere,
933 3302 1185 3361 infirmare,
1241 3319 1344 3369 per-

318 3369 445 3418 dere.
513 3369 785 3443 Sulfiamine
804 3370 1003 3416 adterere
1024 3366 1169 3416 etiam
1188 3366 1344 3434 simpl.

317 3448 403 3546 ΞΣ)
422 3431 1031 3560 ἆὲοιιὶἓηῐαῗῆῦείἰιίιῗῗΐὲῗίοῗέξί
1049 3434 1345 3562 ξιξξὲοιξι

322 3576 413 3610 mae
454 3575 591 3611 voces
630 3578 701 3610 res
740 3569 789 3610 et
826 3561 881 3609 lis
912 3559 1189 3625 jungantur.
1255 3560 1350 3610 Sed

323 3626 410 3675 illa
430 3624 549 3675 ratio
602 3624 851 3675 restiterit.

388 3691 551 3740 51-5
587 3725 601 3740 .
625 3688 865 3739 Militibus
893 3687 1036 3739 etiam
1057 3688 1286 3754 (primum
1323 3705 1352 3738 a

321 3755 355 3804 J
361 3754 426 3802 ul.
450 3755 654 3810 Caesare,
678 3753 862 3804 deinde.
882 3755 945 3804 ab
967 3753 1202 3819 Augusto,
1222 3754 1349 3810 Tito,

325 3818 620 3874 Domitiano,
664 3834 719 3867 ac
763 3819 1056 3884 potissimum
1099 3819 1263 3867 Nerva
1302 3825 1351 3866 et

323 3882 558 3948 Trajano)
600 3881 651 3930 id
691 3881 919 3948 privilegii
963 3898 1255 3940 concessum,
1298 3890 1351 3932 ut

324 3962 433 4013 quae
457 3963 486 3996 a
503 3964 554 3998 se
585 3955 718 4008 parta
739 3954 896 3996 essent
918 3948 1063 3995 labore
1084 3949 1276 4004 militiae,
1298 3947 1348 3996 h.

321 4026 366 4060 e.
401 4011 703 4087 stipendium,
735 4011 945 4077 praemia,
966 4011 1131 4078 praeda
1162 4013 1349 4076 aliaque

326 4077 377 4134 in
417 4075 588 4124 militia
626 4092 667 4124 s.
707 4075 847 4124 ‘bello
902 4074 1154 4140 adquisita,
1197 4076 1350 4141 (quod

323 4140 469 4205 vulgo
509 4140 735 4202 peculium
774 4144 990 4188 castrense
1028 4139 1227 4204 dicitur)
1261 4159 1349 4190 non

327 4214 467 4252 essent
495 4204 548 4252 ‘in
579 4220 770 4265 corpore,
796 4218 995 4259 summa,
1015 4219 1183 4260 census,
1202 4206 1350 4255 bono-

330 4282 435 4315 rum
457 4266 560 4323 filii,
582 4282 778 4332 quorum
811 4284 935 4316 omne
964 4271 1177 4333 regimen,
1201 4268 1349 4318 domi-

332 4331 482 4388 nium,
525 4342 668 4382 teneat
703 4342 849 4396 pater,
888 4331 937 4394 h.
972 4349 1016 4383 e.
1043 4347 1145 4383 ,non
1181 4335 1348 4399 patriae

1405 1764 1628 1828 potestati
1665 1763 1872 1812 obnoxia
1906 1771 2080 1819 essent,
2118 1772 2265 1829 utque
2309 1764 2428 1813 adeo

1404 1829 1623 1876 militibus
1647 1830 1744 1875 vivo
1775 1828 1917 1877 etiam
1951 1838 2078 1889 patre
2094 1832 2181 1890 jus
2211 1839 2315 1878 esset
2349 1840 2432 1878 tes-

1407 1894 1541 1966 tandi
1577 1892 1638 1941 de
1676 1892 1767 1940 hoc
1804 1890 1992 1957 pecqu
2024 1893 2265 1942 castrensi.
2343 1895 2434 1942 His

1407 1956 1606 2020 alusque
1647 1957 1990 2020 Imperatorum
2030 1955 2255 2008 institutis
2292 1958 2432 2005 inmi-
2508 1955 2523 1966 ‘

1406 2028 1524 2070 nuta
1543 2027 1616 2069 est
1669 2021 1788 2069 atria
1809 2029 2036 2085 potestas,
2061 2021 2138 2069 cui
2160 2021 2270 2070 olim
2293 2037 2432 2070 omno

1405 2083 1491 2132 filii
1511 2036 1748 2149 pecuiium
1770 2101 1869 2134 una
1887 2100 1997 2134 cum
2022 2098 2212 2149 corpore
2247 2102 2302 2134 ac
2334 2087 2434 2138 vita

1406 2147 1672 2210 subjectum
1691 2157 1810 2198 erat.

1473 2214 1686 2261 54-56.
1720 2215 1844 2270 Quae
1876 2229 2023 2277 quum
2056 2213 2124 2262 ita
2157 2215 2268 2270 sint,
2288 2223 2434 2275 pater,

1409 2278 1607 2337 quamvis
1624 2278 1728 2336 jam
1761 2280 1977 2325 tremulus
2008 2277 2179 2341 capite,
2214 2278 2263 2327 h.
2286 2293 2328 2326 e.
2359 2293 2434 2326 se·

1410 2338 1488 2387 nio
1520 2339 1775 2395 confectus,
1816 2350 1965 2402 captat
2006 2341 2233 2389 Coranum
2268 2341 2435 2396 filium,

1409 2405 1637 2468 signorum
1675 2407 1890 2462 comitem,
1929 2404 1980 2452 in
2014 2404 2197 2455 bellum
2231 2405 2438 2471 proficis-

1409 2475 1611 2525 centem,
1635 2477 1682 2519 et
1714 2480 1956 2518 castrorum
1990 2486 2102 2527 σενα,
2132 2469 2192 2518 sti
2257 2469 2437 2527 ndium,

1408 2542 1661 2590 merentem,
1699 2533 1749 2582 h.
1782 2549 1827 2582 e.
1863 2534 2079 2591 militem,
2120 2542 2175 2582 ut
2239 2549 2342 2583 eres
2374 2537 2436 2583 ab

1410 2612 1467 2644 eo
1508 2598 1737 2646 scribatur
1775 2598 2005 2647 bonorum
2057 2597 2229 2647 militia
2280 2606 2439 2711 p'arto·

2332 2672 2440 2715 oeta

1713 2789 1723 2800 ·
1969 2742 2101 2790 seqq.
2146 2741 2203 2775 ca
2237 2733 2440 2808 tatorum

1408 2797 1532 2838 artes
1563 2797 1911 2855 perstrinxerat,
1946 2800 1997 2839 et
2027 2806 2153 2839 nunc
2217 2790 2378 2850 pcet,i
2416 2819 2434 2832 ·

1407 2869 1485 2903 sos
1507 2870 1695 2919 quoque
1714 2862 1874 2920 patres
1895 2854 2038 2904 fuisse
2059 2862 2326 2920 captatores
2344 2808 2436 2904 fiii-

1408 2934 1560 2976 orum,
1584 2927 1632 2968 et
1663 2918 1856 2983 quidem
1863 2924 1969 2982 jam
1990 2922 2212 2976 tremulos,
2236 2935 2332 2984 quo
2369 2920 2449 2970 rei

1408 2982 1666 3048 indignitas
1705 2999 1767 3033 au
1801 2992 1921 3033 etur.
1987 2983 2246 3033 Historiam
2279 2992 2439 3035 autem

1409 3048 1632 3113 temporis
1663 3048 1736 3096 sui
1805 3047 1898 3096 aud
1931 3047 2074 3098 dubie
2108 3048 2340 3113 respexit3
2391 3059 2441 3099 et

1411 3111 1614 3161 Coranus
1646 3111 1831 3161 videtur
1864 3112 1987 3161 alius
2020 3127 2137 3168 esse,
2175 3128 2321 3176 quam
2354 3115 2438 3178 qui

1408 3184 1695 3225 memoratur
1717 3177 1884 3226 Horat.
1907 3176 2010 3225 Sat.
2033 3177 2108 3228 11.
2129 3180 2176 3227 5.
2202 3178 2283 3228 57.

1474 3241 1557 3289 56.
1589 3242 1670 3291 57.
1706 3241 1878 3306 Inepta
1910 3249 1982 3291 est
2011 3241 2268 3292 sententia:
2319 3244 2441 3290 labor

1409 3307 1560 3353 reddit
1593 3323 1675 3353 sua
1709 3308 1827 3354 dona
1863 3307 2053 3365 labor-55.
2120 3314 2313 3356 raeterea
2353 3323 2441 3356 vox

1412 3369 1533 3416 labor
1565 3369 1705 3419 modo
1733 3370 1989 3435 praecessit,
2010 3378 2058 3420 et
2112 3405 2126 3420 .
2148 3371 2182 3418 1.
2207 3370 2283 3418 bis
2303 3385 2434 3435 repe·

1411 3431 1539 3482 titur.
1626 3435 1762 3482 Forte
1804 3435 1901 3498 leg.
1950 3435 2071 3481 hunc
2109 3434 2252 3498 favor
2287 3449 2441 3497 oequus

1411 3496 1591 3559 (justus
1620 3497 1907 3572 meritusque
1941 3496 2096 3560 ducis)
2132 3498 2341 3545 Provehit
2374 3499 2439 3548 ad

1415 3560 1613 3611 honores
1633 3578 1690 3612 ac
1711 3561 2008 3626 digmtatem,
2031 3571 2075 3610 et
2103 3562 2262 3623 pulcro
2291 3565 2441 3612 reddit

1414 3641 1498 3674 sua
1514 3629 1630 3675 dcma
1652 3628 1793 3675 labori
1811 3624 2008 3674 militiae.
2398 3678 2409 3683 -

1480 3691 1562 3739 57.
1580 3691 1738 3753 pulcro
1767 3691 1906 3739 labori
1937 3687 2133 3746 militiae,
2152 3690 2268 3754 quia
2298 3692 2440 3742 saluti

1416 3754 1580 3818 patrioe
1620 3754 1906 3821 inpenditur.
1982 3757 2113 3810 dona,
2157 3754 2358 3805 honores
2394 3766 2444 3806 et

1414 3819 1628 3883 praemia,
1649 3820 1813 3885 qualia
1844 3835 1953 3868 mox
1985 3835 2030 3866 v.
2064 3821 2147 3868 60.
2179 3835 2443 3870 memoran-

1415 3891 1506 3930 tur.
1527 3885 1641 3931 dona
1662 3900 1761 3939 sua,
1783 3883 1970 3950 propria
1990 3899 2047 3933 ac
2060 3882 2208 3949 justa.

1473 3946 1559 3995 58.
1581 3963 1714 4012 seqq.
1737 3949 1894 4014 Ipsius
1928 3948 2066 3998 ducis
2092 3948 2248 4004 refert,
2270 3946 2443 3997 milites

1413 4011 1670 4061 honoribus
1702 4028 1757 4062 ac
1790 4013 1998 4081 praeiniis
2033 4011 2187 4067 adfici,
2216 4009 2441 4074 quoniam

1414 4075 1483 4125 sic
1526 4092 1619 4124 non
1661 4084 1760 4126 tam
1804 4078 1951 4128 virtus
1988 4090 2150 4125 eorum
2192 4077 2440 4132 excitatur,

1417 4140 1593 4205 aliique
1647 4141 1941 4209 adliciuntur
1991 4137 2051 4188 ad
2118 4136 2442 4199 militandum,

1414 4221 1559 4270 quam
1580 4213 1683 4255 tum
1715 4206 1862 4272 ipsius
1894 4204 2027 4253 ducis
2053 4200 2239 4267 justitia
2268 4206 2438 4269 proba-

1407 4278 1507 4326 tur,
1543 4278 1642 4321 tum
1678 4286 1807 4320 amor
1840 4284 1896 4320 ac
1929 4266 2079 4331 gloria
2109 4266 2323 4321 militaris
2356 4285 2440 4320 au-

1412 4342 1565 4399 getur.

1411 2676 1533 2718 rum,
1576 2662 1653 2710 vel
1692 2662 1805 2710 olim
1887 2661 2201 2711 ariendorum.

1404 2724 1507 2790 jam
1538 2742 1644 2790 sup.
1679 2727 1804 2774 XII.
1879 2729 1928 2777 3.
