2978 4920
552 314 678 381 230

1266 301 1939 368 JUVENALIS

639 494 955 561 Omnibus
980 491 1048 557 in
1079 491 1306 556 rebus:
1354 499 1770 554 numerentur
1797 486 2029 570 deinde
2057 485 2323 556 labores.

638 598 750 661 An
778 594 962 660 facile
992 607 1056 658 et
1085 613 1359 679 pronum
1389 602 1509 667 est,
1539 611 1727 674 agere
1755 588 1927 654 intra
1952 587 2194 653 viscera
2220 611 2453 676 penem

639 698 1057 785 Legitimum,
1087 708 1284 782 atque
1310 693 1442 758 illic
1469 693 1782 786 hesternae
1812 692 2153 756 obcurrere
2182 714 2380 755 coenae
2398 696 2426 754 ἓ

641 805 873 867 Servus
902 800 1021 865 erit
1050 798 1259 863 minus
1286 797 1391 861 ille
1420 795 1632 873 miser,
1663 795 1780 881 qui
1808 793 2042 859 foderit
2071 817 2324 882 agrum,

2504 797 2648 860 ..45

639 904 845 981 Quam
874 901 1220 966 dominum.
1314 897 1440 962 Sed
1471 910 1546 962 tu
1578 919 1725 962 sane
1756 908 2045 961 tenerum
2073 909 2147 961 et
2168 919 2444 983 puerum
2474 909 2573 976 te,

638 1008 729 1070 Et
758 1005 1056 1092 pulcrum
1087 1016 1151 1069 et
1180 1003 1449 1088 dignum
1480 1001 1715 1088 cyatho
1744 1000 2033 1087 coeloque
2064 1000 2362 1088 putabaS.

639 1109 768 1172 Vos
795 1105 1022 1170 humili
1051 1104 1385 1182 adseculae,
1417 1126 1531 1166 vos
1557 1101 1979 1189 indulgebitis
2009 1111 2321 1190 umquam

646 1208 918 1286 Cultori,
941 1209 1077 1295 jam
1106 1231 1222 1272 nec
1252 1207 1475 1271 morbo
1505 1205 1740 1270 donare
1768 1205 2022 1291 parati?

641 1313 768 1389 En,
801 1311 1007 1375 cuitu
1039 1309 1305 1374 viridem
1335 1307 1704 1386 umbellam,
1734 1307 1840 1371 cui
1870 1306 2088 1371 sucina
2115 1307 2335 1371 mittas

643 1413 951 1493 Grandia,
982 1413 1210 1478 natalis
1239 1412 1491 1498 quoties
1520 1410 1709 1490 redit,
1739 1422 1854 1474 aut
1881 1410 2212 1475 madidum
2242 1431 2355 1474 ver
2404 1487 2411 1493 ⁴

2508 1259 2655 1372 Δ50

645 1507 903 1604 Incipit,
934 1529 998 1581 et
1028 1515 1502 1603 strata—positus
1530 1515 1850 1601 longaque
1877 1513 2182 1579 cathedra

643 1620 923 1682 Munera
949 1617 1235 1681 femineis
1264 1629 1498 1682 tractas
1529 1628 1768 1681 secreta
1799 1614 2124 1680 Kalendis

593 1804 701 1838 uam
721 1804 807 1853 par
826 1787 903 1836 sit.
973 1788 1178 1836 Ponatur
1209 1789 1425 1846 calculus,
1463 1790 1574 1837 sub-

557 1807 790 1902 ducantur
822 1853 1024 1901 rationes
1062 1852 1250 1918 adcepti
1281 1861 1329 1901 et
1365 1853 1576 1918 expensi.

566 1920 743 1967 Calculi
765 1926 899 1965 erant
929 1915 1096 1981 lapilli,
1120 1920 1201 1981 qui
1235 1916 1284 1964 in
1318 1917 1578 1966 rationibus

561 1983 636 2029 vel
675 1981 1020 2046 computatione
1068 1980 1427 2029 adhibebantur.
1494 1985 1573 2029 41.

563 2048 715 2093 tabula
765 2045 1112 2094 ratiocinatoria
1165 2062 1202 2092 s.
1258 2046 1576 2096 calculatoria.

565 2112 726 2185 Potest
746 2110 892 2159 etiam
911 2125 1012 2158 esse
1035 2110 1180 2158 codex
1205 2110 1393 2176 adcepti
1416 2119 1462 2160 et
1497 2128 1577 2160 ex-

623 2191 711 2223 usn.

560 2191 707 2287 pe42.
728 2241 872 2296 rebus,
911 2254 1029 2302 quas
1068 2237 1191 2287 dono
1230 2238 1347 2287 mihi
1389 2240 1577 2298 dedisti,

561 2304 654 2366 vel,
688 2302 728 2352 si
760 2302 972 2353 Virronis
1003 2303 1147 2352 verba
1179 2312 1305 2362 sunt,
1329 2304 1458 2369 *quas
1489 2306 1578 2354 tibi

565 2366 753 2417 donavi.
817 2371 896 2417 42.
931 2370 1107 2425 labores,
1142 2375 1195 2415 ut
1226 2385 1357 2429 opera
1389 2386 1495 2434 sup.
1527 2387 1575 2420 v.

563 2434 645 2484 28.
667 2434 726 2483 de
746 2433 913 2491 officio,
937 2433 985 2482 in
1007 2450 1056 2483 re
1078 2432 1202 2500 turpi
1221 2436 1443 2499 praestito.
1486 2452 1577 2483 nu-

560 2509 789 2548 merentur
809 2508 857 2549 et
876 2499 1180 2548 aestimentur.
1246 2502 1324 2548 43.
1349 2502 1428 2548 44.
1453 2501 1575 2549 Ver-

561 2564 625 2613 ba
657 2565 898 2620 obscoena,
925 2564 1009 2614 sed
1044 2572 1155 2630 apta
1194 2562 1240 2611 b.
1263 2564 1296 2613 1.
1319 2573 1368 2613 et
1388 2564 1577 2629 ingenio

562 2627 769 2703 Naevoli.
823 2630 1112 2695 Legitimum,
1125 2629 1266 2694 justae
1289 2630 1576 2694 magnitudi-

564 2708 651 2742 nis.

589 2790 592 2793 Δ
628 2759 709 2808 45.
755 2759 981 2808 Naevolus
1029 2758 1175 2807 cliens
1220 2757 1449 2816 Virronis,
1495 2757 1578 2823 qui

562 2823 735 2879 omnia,
757 2824 901 2872 etiam
931 2823 1199 2888 turpissima
1230 2823 1399 2879 officia,
1425 2823 1485 2870 ab
1519 2840 1576 2873 eo

561 2887 796 2950 exigebat.
872 2887 1038 2936 Fudere
1079 2902 1218 2936 sensu
1261 2903 1448 2952 quoque
1491 2889 1572 2936 ob-

562 2966 724 3000 scoeno
747 2952 931 3008 dicitur,
953 2959 1007 3000 ut
1026 2968 1172 2999 arare.
1195 2950 1272 2999 Cf.
1294 2951 1356 3000 ad
1380 2953 1453 3000 II.
1480 2954 1558 3001 10.

628 3018 705 3064 46.
731 3017 814 3065 Sed
840 3027 892 3065 tu
922 3034 1040 3072 sane,
1063 3016 1144 3081 qui
1173 3014 1406 3073 deformis,
1429 3020 1574 3066 senex

563 3087 614 3126 et
644 3080 848 3129 hirsutus
872 3097 938 3137 es,
961 3083 1179 3146 putabas,
1201 3088 1249 3130 te
1282 3090 1496 3130 tenerum
1518 3098 1574 3131 ac

561 3142 776 3208 pulcrum
797 3160 914 3201 esse,
938 3145 1116 3210 tibique
1148 3155 1395 3210 propterea
1427 3145 1574 3211 gratis

561 3223 749 3272 operam
779 3212 1038 3273 praestitum
1071 3210 1126 3257 iri
1161 3211 1383 3273 sperabas
1417 3226 1446 3258 a
1477 3226 1571 3268 me,

561 3271 643 3336 'qui
665 3280 846 3321 tantam
867 3275 1068 3338 ceperim
1100 3273 1387 3337 voluptatem
1419 3290 1478 3323 ex
1502 3276 1572 3324 la·

559 3337 690 3401 bore.
776 3338 890 3387 Vim
942 3339 1163 3386 sarcasmi
1207 3338 1345 3386 facile
1386 3340 1573 3389 senties.

561 3404 640 3451 47.
660 3406 709 3452 di
771 3421 849 3452 um
869 3405 1026 3467 cyatho
1047 3404 1234 3467 eoeloque
1254 3403 1451 3452 alterum
1472 3406 1575 3453 Ga·

555 3483 699 3534 nyme
733 3485 826 3525 ern,
864 3476 912 3517 et
965 3485 1100 3534 aeque
1155 3468 1423 3524 formosum,
1467 3486 1574 3518 non

559 3533 722 3581 minus
750 3534 962 3598 dignum,
998 3534 1079 3599 qui
1115 3534 1164 3582 in
1201 3532 1377 3582 coelum
1411 3551 1464 3583 ra
1500 3544 1576 3584 tus

558 3597 668 3710 {gvi
685 3599 859 3663 pocula
878 3599 1176 3648 ministrares.
1203 3598 1279 3647 Cf.
1301 3613 1403 3665 sup.
1428 3615 1457 3647 a
1509 3601 1572 3650 V.

557 3725 562 3731 ’
626 3722 705 3772 48.
726 3727 805 3775 49.
827 3729 1006 3784 Verba,
1028 3727 1209 3791 opinor,
1240 3744 1333 3776 non
1365 3728 1569 3787 Naevoli,

547 3788 643 3851 ‘sed
663 3796 833 3854 poetae,
857 3791 1104 3840 Virronem
1127 3794 1262 3856 eique
1284 3791 1460 3841 similes
1483 3793 1568 3842 ad-

560 3854 819 3918 loquentis:
869 3855 983 3917 quid
1026 3872 1109 3903 vos
1151 3857 1255 3905 aliis
1286 3856 1572 3922 pauperibus

551 3918 808 3981 ,minusque
830 3916 1013 3966 dilectis
1033 3923 1214 3968 adseclis
1233 3937 1289 3969 ac
1310 3922 1568 3980 cultoribus,

559 3982 609 4033 h.
632 3982 943 4037 acuentibus
975 3981 1224 4040 donabitis,
1260 3986 1298 4032 si
1333 4000 1392 4033 ne
1427 3989 1571 4033 morbo

558 4049 767 4112 quidem,
802 4045 989 4096 libidini
1025 4057 1207 4104 vestrae,
1249 4048 1295 4096 h.
1333 4065 1377 4097 e.
1416 4049 1568 4108 nobis,

559 4113 808 4163 clientibus
841 4113 1023 4166 vestris,
1062 4111 1144 4177 qui
1181 4121 1345 4161 vestrae
1382 4112 1570 4163 libidini

556 4178 883 4234 satisfacimus,
906 4176 1084 4242 aliquid
1106 4177 1259 4225 datis‘!

622 4246 829 4293 50-53.
851 4241 1009 4292 Etiam
1027 4242 1129 4290 haec
1162 4244 1321 4301 verba,
1345 4241 1393 4289 ni
1414 4241 1567 4301 fallor,

559 4322 651 4355 non
669 4307 919 4358 tribuenda
933 4316 1042 4356 sunt
1062 4307 1111 4355 N
1114 4308 1277 4365 aevolo‚
1296 4306 1380 4356 sed
1399 4316 1568 4373 poetae,

557 4370 706 4434 iisque
745 4372 1008 4421 continetur
1049 4372 1258 4437 lepidum
1299 4373 1565 4431 consilium,

558 4434 759 4485 Naevolo
780 4437 961 4496 datum,
984 4446 1124 4503 atque
1148 4453 1308 4489 amara
1328 4438 1486 4489 inrisio
1519 4448 1568 4488 et

1639 1784 1813 1843 forme,
1835 1794 1884 1836 et
1918 1785 2145 1841 avaritiae,
2178 1794 2226 1834 et
2258 1785 2471 1834 mollitiei
2494 1785 2658 1835 Virro-

1640 1850 1713 1899 nis
1751 1851 1954 1900 cinaedi:
2004 1867 2066 1899 en
2101 1849 2407 1899 formosulum
2446 1850 2585 1902 illum
2619 1859 2669 1900 et

1640 1915 1898 1966 delicatum
1920 1915 2264 1980 Ganymedem,
2287 1915 2364 1963 cui
2400 1924 2451 1963 tu
2484 1913 2663 1982 potiuS,

1639 1997 1787 2045 quum
1822 1988 1919 2028 tam
1951 1995 2120 2029 avarus
2150 1980 2227 2035 sit,
2249 1996 2445 2028 munera
2481 1981 2661 2036 mittas,

1643 2054 1692 2093 et
1714 2044 1905 2109 quidem
1926 2045 2200 2101 umbellam,
2223 2059 2282 2093 ne
2315 2046 2414 2093 sole
2447 2045 2665 2093 obfusce-

1644 2119 1736 2165 tur,
1778 2110 1854 2158 vel
1900 2109 2047 2159 alium
2099 2117 2316 2158 ornatum
2367 2110 2666 2166 muliebrem,

1674 2190 1787 2223 uum
1809 2175 2014 2223 mulieris
2047 2183 2095 2223 et
2116 2174 2281 2223 amicae
2316 2175 2420 2224 loco
2453 2175 2518 2222 sit
2549 2174 2660 2222 tibi!

1695 2255 1766 2287 aec
1789 2241 1931 2288 verba
1950 2247 2164 2305 spectant
2177 2238 2240 2286 ad
2257 2253 2333 2295 ea,
2352 2256 2462 2304 quae
2485 2240 2536 2287 N
2539 2255 2665 2288 aevo-

1640 2302 1715 2351 lus
1733 2320 1780 2351 v.
1801 2305 1881 2353 46.
1901 2305 1981 2351 47.
2003 2310 2051 2352 et
2082 2304 2227 2352 verba
2258 2320 2302 2351 v.
2323 2305 2403 2353 48.
2424 2312 2474 2352 et
2496 2305 2577 2353 49.
2599 2304 2661 2353 ad

1641 2383 1716 2425 ea,
1734 2384 1841 2433 quoe
1863 2368 1945 2417 ille
1968 2385 2014 2417 v.
2037 2369 2118 2417 45.
2139 2368 2336 2417 dixerat.
2404 2369 2566 2434 Vulgo
2587 2369 2661 2416 in-

1640 2431 1723 2481 nui
1758 2442 1945 2499 putant,
1976 2431 2308 2483 nihil'cinaedo
2341 2441 2440 2482 tam
2473 2433 2661 2498 ingrato

1643 2496 1915 2547 donandum
1934 2515 2052 2548 esse.
2128 2497 2328 2547 Umbella
2360 2516 2401 2548 s.
2420 2502 2664 2548 umbracu-

1643 2566 1754 2618 lum,
1786 2562 1993 2620 σκιάδιον,
2026 2563 2182 2612 velum
2216 2564 2294 2611 vel
2325 2564 2530 2612 linteum
2562 2571 2662 2628 teg-

1642 2644 1768 2684 men,
1788 2629 1915 2692 quod
1933 2631 2135 2677 umbram
2152 2627 2267 2676 facit
2284 2636 2333 2676 et
2353 2644 2498 2694 supra
2520 2636 2664 2694 caput

1640 2694 2662 2808 ἶῖἒέωὲἲέῑιίἒωέωὲἱᾜο(Ρῖζῗδᾚέἔὲ

1639 2795 1930 2888 geminisque
1950 2822 2202 2872 distinctae.
2246 2821 2325 2871 cf.
2349 2837 2452 2888 sup.
2479 2823 2544 2872 ad
2566 2823 2660 2874 v1.

1640 2889 1753 2937 573.
1788 2889 1951 2936 natalis
1979 2886 2080 2936 dies
2102 2886 2330 2942 Virronis,
2352 2903 2449 2951 quo
2470 2887 2658 2952 cognati

1639 2959 1687 2998 et
1709 2950 1851 3000 amici
1875 2952 2002 3001 dona
2021 2951 2204 3001 mittere
2225 2951 2458 3001 solebant.
2500 2955 2661 3015 quoties

1639 3032 1716 3063 ver
1730 3019 1901 3079 incipit,
1918 3017 2146 3066 Calendis
2164 3016 2372 3073 Martiis,
2385 3033 2481 3082 quo
2500 3031 2658 3067 mense

1638 3081 1759 3130 veris
1778 3078 1964 3130 initium
1985 3090 2072 3130 est.
2121 3082 2333 3130 Vernum
2356 3091 2518 3130 autem
2539 3089 2658 3130 tem·

1636 3145 2035 3260 ‘'vffi'fss'ssplzhid
2069 3145 2107 3259 ἐξ
2138 3144 2540 3260 {inrita}
2576 3146 2662 3260 ἓξ·

1637 3277 1867 3324 madidum
1886 3293 1981 3333 ver,
2002 3294 2046 3323 v.
2070 3289 2174 3340 sup.
2196 3275 2260 3324 ad
2292 3275 2388 3324 IV.
2412 3276 2657 3338 8’1.--(3ιι-ι

1640 3340 1797 3388 thedra
1817 3355 2003 3405 quoque
2035 3339 2134 3389 viro
2153 3339 2424 3388 effeminato
2447 3344 2558 3405 apte
2580 3339 2660 3388 tri-

1637 3403 1811 3454 buitur.
1830 3423 1875 3453 v.
1897 3421 2002 3471 sup.
2022 3404 2085 3453 ad
2103 3405 2147 3453 I.
2165 3405 2247 3453 65.
2270 3413 2318 3453 et
2336 3405 2432 3454 VI.
2446 3406 2529 3453 91.
2539 3408 2660 3467 posi-

1640 3477 1729 3524 tus,
1752 3469 1980 3536 repositus
2002 3468 2168 3533 jacens
2191 3470 2266 3517 vel
2296 3468 2469 3518 sedens
2498 3469 2552 3517 in
2582 3487 2657 3518 ca-

1640 3534 1812 3591 thedra,
1835 3542 2078 3609 tamquam
2099 3533 2292 3583 femina.
2358 3543 2522 3592 strata,
2546 3549 2661 3583 con-

1638 3604 1786 3647 strata
1816 3601 2052 3664 tapetibus
2079 3597 2392 3662 mollibusque
2413 3599 2660 3649 cervicali.-

1558 3710 1561 3717 ,
1637 3661 1742 3710 bus,
1807 3665 1888 3713 53.
1912 3662 2094 3729 Lepide
2122 3662 2268 3711 etiam
2299 3664 2471 3712 suadet
2502 3673 2661 3729 poeta,

1634 3734 1689 3774 ut
1709 3725 1836 3777 dona
1854 3727 1957 3776 haec
1982 3727 2227 3776 mittantur
2258 3726 2443 3776 cinaedo
2465 3730 2664 3779 calendis

1619 3790 1852 3854 femineis,
1884 3792 1935 3840 b.
1957 3809 2000 3841 e.
2027 3791 2235 3849 Martiis,
2290 3808 2364 3840 uae
2398 3801 2448 3841 et
2479 3801 2655 3841 matro-

1635 3855 1765 3905 nalia
1786 3855 2091 3905 dicebantur:
2128 3871 2239 3905 nam
2305 3856 2347 3904 is
2377 3855 2538 3905 mariti
2569 3874 2655 3907 ux-

1634 3919 1807 3978 oribus,
1849 3930 2081 3971 amatores
2113 3919 2284 3986 puellis
2314 3936 2516 3971 munera
2548 3917 2655 3970 mitss

1635 3991 1748 4042 tere,
1793 3994 1842 4035 et
1883 3993 1981 4036 tam
2021 3993 2265 4040 matronae,
2308 4000 2456 4050 quam
2499 3987 2659 4037 mariti

1634 4064 1771 4099 sacra
1800 4050 1980 4101 Junoni
2012 4050 2164 4099 facere
2196 4049 2413 4107 solebant
2434 4067 2520 4117 pro
2552 4067 2656 4099 ma-

1633 4113 1838 4188 trimonii
1871 4114 2122 4164 felicitate:
2155 4114 2285 4183 unde
2302 4114 2537 4189 femineis,
2558 4131 2657 4164 non

1632 4178 2464 4309 ἓὲἓιοξῖῗῗῖψξῗὲῗῖἓιῗῗιᾶῗῗῗῖἷ
2488 4195 2658 4311 ιῗἮῗ

1632 4310 1680 4356 2.
1702 4311 1746 4358 1.
1778 4310 1946 4357 Horat.
1968 4308 2066 4358 Od.
2088 4309 2192 4359 111.
2212 4309 2259 4356 8.
2281 4314 2328 4357 et
2350 4308 2496 4358 ovid.
2520 4309 2650 4358 Fast.

1633 4373 1736 4422 ΙΙΙ.
1764 4374 1899 4438 167.)
1921 4375 2014 4423 Sed
2047 4388 2130 4438 pro
2151 4382 2315 4422 tractas
2341 4371 2536 4423 omnino
2557 4373 2649 4437 leg.

1633 4446 1815 4498 tractat,
1843 4437 1970 4504 quod
2002 4447 2103 4491 tum
2136 4453 2168 4486 a
2197 4453 2303 4489 voc.
2335 4441 2500 4502 quoties
2531 4453 2651 4504 pen·
