2978 4920
623 331 748 393 100

1321 320 1990 387 JUVENALIS

709 497 1008 572 Cultello‚
1039 495 1237 558 donec
1266 503 1527 578 peragat
1558 493 1799 556 dictata
1825 492 2114 576 magistri

710 598 974 662 Omnia:
1022 619 1136 660 nec
1165 593 1424 657 minimo
1452 615 1599 656 sane
1621 590 1978 656 discrimine
2007 593 2202 656 refert

710 698 863 774 Quo
890 708 1076 783 gestu
1106 696 1373 781 leporeS‚
1406 705 1468 757 et
1499 716 1632 778 quo
1658 690 1894 777 gallina
1924 704 2189 755 secetur.

711 798 985 863 Duceris
1012 797 1253 882 planta,
1283 794 1462 858 velut
1491 793 1657 857 ictus
1686 793 1768 856 ab
1799 791 2084 854 Hercule
2116 794 2344 867 CacuS‚

2585 793 2712 854 125

716 904 806 966 Et
836 921 1069 986 ponere
1098 898 1273 971 foris,
1306 895 1357 959 si
1386 895 1549 980 quid
1578 892 1917 958 tentaveris
1947 916 2254 979 umquam
2338 938 2348 949 ·

712 1000 998 1076 Hiscere,
1023 1011 1348 1082 tamquam
1379 995 1613 1058 habeas
1641 994 1767 1058 tria
1785 992 2057 1057 nomina.
2120 993 2392 1071 Quando
2413 991 2715 1078 propinat

710 1100 897 1164 Virro
927 1099 1066 1177 tibi,
1099 1098 1421 1182 sumitque
1450 1096 1582 1160 tuis
1611 1106 1899 1159 contacta
1927 1094 2168 1158 labellis

718 1199 1000 1264 Pocula?
1046 1197 1190 1284 quis
1217 1208 1504 1261 vestrum
1534 1193 1902 1259 temerarius
1932 1217 2136 1280 usque
2163 1194 2345 1272 adeo,
2374 1193 2523 1278 quis

713 1300 1034 1376 perditus,
1065 1310 1141 1363 ut
1170 1297 1339 1361 dicat
1369 1295 1529 1381 regi,
1559 1294 1754 1359 bibe?
1802 1293 2088 1357 Plurima
2116 1306 2286 1371 sunt,
2317 1317 2466 1380 quae

2586 1293 2714 1355 130

712 1404 860 1467 Non
890 1400 1128 1464 audent
1157 1397 1440 1462 homines
1467 1408 1731 1483 pertusa
1757 1394 1964 1458 dicere
1993 1396 2170 1460 laena.

797 1500 1277 1585 Quadringenta
1305 1497 1422 1561 tibi
1454 1497 1506 1560 si
1536 1495 1680 1582 quis
1711 1495 1911 1572 Deu8‚
1943 1507 2055 1559 aut
2086 1495 2303 1559 similis
2334 1495 2474 1572 Dis,

712 1606 804 1667 Et
833 1601 1055 1664 melior
1083 1601 1236 1664 fatis
1265 1598 1551 1674 donaret,
1580 1595 1954 1659 homuncio:
2003 1608 2283 1681 quantus

712 1705 818 1766 Ex
847 1701 1046 1765 nihilo
1074 1702 1277 1775 fiereS‚
1310 1708 1592 1783 quantus
1621 1695 1904 1760 Virronis
1933 1696 2172 1759 amicus
2198 1700 2214 1759 2

715 1805 822 1869 Da
854 1802 1110 1869 Trebio.
1156 1823 1321 1887 pone
1350 1800 1435 1864 ad
1468 1797 1799 1862 Trebium.
1891 1798 2003 1862 Vis
2031 1798 2229 1863 frater
2257 1799 2338 1863 ab
2366 1800 2520 1886 ipsis
2585 1802 2713 1864 135

626 1952 713 1998 inf.
732 1952 793 1997 ad
808 1950 896 1997 VI.
914 1950 994 1998 63.
1016 1949 1188 1995 volanti
1204 1962 1318 1994 cum
1334 1945 1535 2005 cultello,
1549 1947 1635 2005 qui

626 2016 740 2075 agili
769 2028 914 2060 manu
943 2020 1159 2059 versatur
1184 2026 1213 2057 a
1241 2013 1454 2057 scissore.
1524 2010 1634 2058 122.

613 2079 859 2137 ωας-Μή,
893 2079 978 2136 qui
1010 2089 1122 2122 eum
1155 2082 1307 2122 artem
1341 2076 1473 2121 cibos
1507 2076 1632 2121 scin-

628 2143 776 2187 dendi
808 2143 856 2186 in
892 2141 1090 2201 pergula
1124 2153 1211 2185 sua
1242 2138 1421 2186 docuit.
1469 2139 1548 2186 Cf.
1573 2139 1635 2183 ad

627 2205 725 2250 xl.
762 2205 869 2251 136.
905 2218 1008 2264 seq.
1036 2204 1226 2257 dictata,
1258 2210 1314 2249 ut
1347 2216 1423 2262 ap.
1460 2204 1639 2249 Horat.

627 2269 784 2326 Epist.
820 2269 859 2314 1.
904 2268 950 2315 1.
987 2267 1064 2313 55.
1105 2274 1154 2312 et
1190 2267 1267 2316 18.
1303 2266 1380 2313 13.
1445 2267 1555 2314 123.
1586 2264 1636 2312 4.

1698 1946 1876 2005 amque
1891 1948 2180 1993 ebibendum
2200 1949 2376 2002 traam
2410 1928 2541 2006 quod
2559 1949 2717 1993 hono-

1699 2012 1765 2056 ris
1786 2011 1977 2070 signum
2001 2017 2118 2057 erat.
2188 2012 2296 2058 130.
2328 2013 2551 2058 Perditus
2570 2007 2708 2065 Σωὸς

1699 2088 1803 2133 pro,
1825 2075 2075 2133 inprobus,
2098 2075 2340 2130 scelestus,
2364 2081 2418 2122 ut
2439 2077 2564 2121 dicat
2586 2079 2708 2136 regi,

1684 2138 1814 2195 hibe,
1835 2138 1884 2182 h.
1907 2152 1947 2182 e.
1973 2148 2027 2184 ut
2060 2140 2201 2185 diviti
2234 2154 2291 2186 ac
2324 2141 2474 2186 nobili
2505 2148 2711 2198 patrone

1702 2203 1770 2252 (v.
1786 2203 1846 2247 ad
1861 2200 1898 2246 1.
1921 2202 2047 2260 136.)
2061 2204 2286 2261 poculum
2300 2205 2539 2264 propinet.
2599 2203 2710 2251 131.

1704 2266 1999 2323 Comparant
2038 2268 2314 2325 proverbia:
2367 2269 2508 2312 vestis
2552 2269 2709 2313 virum

630 2334 846 2381 Multum
880 2334 1083 2378 interest
1114 2332 1240 2377 inter
1271 2330 1534 2376 sectionem
1567 2331 1635 2375 le·
1686 2329 2002 2389 facit—lacer
2023 2330 2378 2388 paranate-«rib
2399 2330 2492 2396 γὰρ
2514 2329 2708 2382 «πίτυι

625 2399 756 2457 poris
777 2404 824 2443 et
846 2397 1059 2458 gallinae,
1079 2397 1155 2440 vel
1178 2396 1445 2455 plurimum
1467 2396 1635 2450 refert,

628 2464 805 2521 quibus
825 2462 1043 2523 gestibus
1062 2460 1157 2505 cibi
1189 2462 1504 2507 dissecentur.
1573 2458 1634 2505 U·

628 2535 857 2585 trumque
879 2527 1002 2572 forte
1019 2526 1141 2572 ridet
1163 2533 1322 2584 poeta.

699 2590 806 2639 125.
828 2604 928 2649 seq.
961 2589 1075 2634 Alia
1105 2590 1321 2642 adfertur
1352 2600 1519 2645 causa,
1550 2601 1637 2633 cur

626 2669 776 2702 coena‘.
806 2654 1040 2700 nobilium
1076 2653 1403 2712 ditiorumque
1424 2653 1636 2698 vitandae

626 2722 753 2765 sint:
788 2717 967 2763 duceris
990 2717 1174 2778 phata,
1198 2717 1398 2775 pedibus
1431 2716 1636 2762 traheris

627 2785 772 2836 foras,
789 2784 838 2827 vi
855 2778 1057 2841 ejicieris
1075 2794 1103 2825 e
1127 2781 1354 2835 triclinio,
1368 2780 1410 2825 si
1421 2780 1546 2827 forte
1565 2781 1637 2824 in·

628 2855 703 2893 ter
719 2846 1006 2892 coenandum
1024 2843 1218 2900 hiscere,
1233 2844 1382 2903 loqui,
1397 2857 1546 2889 ausus
1559 2844 1637 2889 fu—

625 2911 737 2961 eris,
753 2915 984 2967 tamquam
1004 2905 1165 2951 habeas
1186 2909 1278 2951 tria
1293 2909 1502 2960 uomina,
1519 2909 1568 2952 h.
1588 2922 1629 2952 e.

545 2997 552 3012 .
625 2981 876 3031 tamquam
894 2976 943 3015 et
957 2976 1010 3014 tu
1025 2970 1144 3015 civis
1159 2971 1223 3014 sis
1239 2972 1423 3028 optima
1433 2971 1540 3029 lege
1556 2971 1633 3017 vel

626 3040 886 3096 ingenuas,
897 3034 980 3092 qui
998 3033 1145 3078 libere
1161 3035 1290 3092 loqui
1308 3034 1459 3093 possit
1476 3049 1491 3080 z
1518 3048 1633 3080 nam

625 3100 815 3146 civibus
853 3098 999 3143 Rom.
1038 3097 1130 3142 tria
1172 3098 1457 3157 plerumque
1495 3105 1632 3144 erant

627 3162 845 3217 nomina,
869 3173 1164 3219 praenomen,
1185 3175 1361 3207 nomen
1383 3167 1432 3206 et
1453 3175 1632 3221 cogno-

627 3241 763 3283 men,
777 3239 833 3270 ac
844 3224 1014 3272 civitas
1029 3224 1169 3269 Rom.
1193 3222 1406 3271 multum
1425 3225 1630 3284 dignita-

629 3292 691 3336 tis
703 3286 990 3351 juriumque
1006 3289 1296 3337 conferebat.
1329 3288 1421 3333 Sed
1438 3290 1632 3344 rectius,

627 3357 819 3415 opinor,
839 3353 889 3398 in
913 3351 1063 3397 altero
1084 3353 1191 3399 cod.
1224 3353 1436 3413 Gaybac.
1457 3353 1636 3411 legitur

624 3431 901 3479 quamquam
914 3415 1079 3461 habeas
1095 3419 1191 3461 tria
1207 3418 1411 3473 nomina,
1431 3416 1480 3461 h.
1496 3429 1538 3463 e.
1560 3417 1635 3462 in-

625 3495 815 3544 genuus
848 3481 913 3525 sis
936 3493 977 3526 s.
1003 3480 1144 3538 civis,
1176 3482 1442 3528 dummodo
1472 3479 1636 3540 inopia

625 3548 824 3592 labores.
858 3544 1025 3605 Vulgo
1040 3551 1308 3604 exponunt,
1322 3555 1570 3603 tamquam
1584 3552 1634 3590 et

624 3618 680 3656 tu
704 3610 769 3653 sis
787 3608 972 3662 nobilis.
1008 3608 1198 3654 Verum
1215 3622 1312 3654 non
1330 3608 1513 3653 nobiles
1525 3615 1632 3654 tan·

625 3682 755 3729 tum,
777 3674 860 3717 sed
878 3672 1082 3730 quilibet
1103 3673 1201 3719 fere
1233 3673 1411 3719 civium
1434 3673 1528 3718 tria
1548 3673 1634 3719 ha·

624 3739 768 3783 bebat
789 3735 1013 3782 nomina:
1049 3736 1216 3782 favent
1248 3743 1413 3781 tamen
1445 3736 1517 3782 illi
1547 3750 1632 3782 ex·

625 3799 871 3861 plicationi
886 3800 1029 3845 verba
1042 3800 1242 3845 Ausonii
1260 3814 1272 3842 ε
1302 3800 1417 3847 Tres
1428 3800 1633 3860 equitum

625 3870 816 3919 turmoe,
840 3862 935 3907 tria
956 3864 1145 3909 nomina
1161 3864 1447 3909 nobiliorum.
1485 3864 1634 3911 Cacus

623 3929 681 3975 ab
713 3925 920 3973 Hercule
954 3927 1104 3984 saxia,
1138 3927 1381 3986 stipitibus
1420 3933 1468 3971 et
1500 3928 1636 3973 clava

624 3994 763 4047 ictus,
788 3996 858 4046 et,
886 4003 1038 4048 quum
1063 3992 1247 4037 occisus
1270 3997 1413 4047 esset,
1435 3992 1635 4050 pedibus

625 4072 654 4104 e
689 4056 920 4115 spelunca
954 4061 1253 4112 protractus:
1301 4056 1427 4114 quod
1460 4063 1634 4101 notum

625 4121 703 4167 vel
725 4133 753 4165 e
776 4118 915 4178 Virg·
939 4118 1047 4163 ΕΠ.
1072 4117 1338 4165 vl11.249.
1355 4133 1455 4177 seq.

692 4183 801 4231 128.
845 4182 984 4228 Virro
1006 4195 1056 4230 v.
1076 4195 1180 4242 sup.
1204 4184 1264 4228 ad
1287 4196 1332 4226 v.
1355 4181 1435 4228 39.
1458 4178 1631 4241 Propi-

625 4262 758 4307 πονε,
779 4244 1013 4312 egerim»,
1036 4258 1194 4305 propr.
1214 4245 1408 4299 dicitur,
1430 4246 1514 4304 qui
1548 4259 1632 4305 po-

624 4317 789 4370 cufum
809 4328 850 4364 a.
868 4312 1034 4358 vinum
1054 4309 1259 4356 summis
1274 4310 1453 4355 delibat
1466 4310 1630 4365 labris,

1700 2391 1801 2440 u’eir
1821 2390 1860 2439 οἵ
1892 2391 2018 2453 Myce
2039 2390 2166 2440 κενοί.
2196 2401 2245 2440 et
2271 2395 2493 2452 Theogn.
2528 2397 2595 2456 τᾷ
2616 2394 2708 2460 γὰρ

1700 2455 1822 2521 aem'p
1852 2451 2098 2520 δεδμημίυᾳ
2126 2453 2292 2506 δέδεται
2323 2458 2349 2509 ἧ
2383 2462 2596 2521 ylicem,
2617 2462 2709 2506 etsi

1701 2520 1920 2569 Πολλᾶκι
1940 2522 2021 2569 καὶ
2040 2523 2239 2589 κητυςδς
2261 2524 2367 2589 ἀνὴρ
2386 2524 2525 2585 μάλα
2548 2522 2708 2591 nu'gm

1701 2584 1831 2636 ὅταν.
1865 2585 2070 2634 homines
2098 2594 2285 2646 pertusa
2317 2590 2451 2644 Ioena,
2474 2591 2634 2636 lacera
2653 2603 2708 2635 ac

1699 2660 1831 2698 sarta
1852 2659 1983 2698 veste
2005 2652 2185 2709 induti,
2204 2653 2254 2698 h.
2279 2668 2323 2699 e.
2345 2666 2596 2713 pauperes.
2632 2654 2708 2699 cf.

1700 2717 1763 2762 ad
1787 2713 1884 2763 111.
1905 2716 2017 2762 283.

1769 2777 1879 2825 132.
1911 2794 2011 2839 seq.
2045 2780 2095 2825 Si
2128 2793 2330 2832 munere
2365 2780 2585 2827 Deorum
2626 2789 2708 2828 aut

1701 2843 1957 2890 hominum
1975 2845 2109 2889 dives
2125 2852 2320 2903 repente
2342 2846 2501 2902 fici-ea,
2514 2846 2709 2891 lamnan-

1694 2910 1784 2959 cz’o,
1809 2913 1882 2964 tu,
1906 2909 1989 2966 qui
2013 2921 2143 2953 nunc
2164 2908 2213 2952 in
2238 2915 2486 2955 contemtu
2512 2910 2637 2955 vivis
2657 2916 2705 2955 et

1697 2984 1844 3027 quem
1878 2972 2061 3017 nobiles
2096 2972 2177 3017 vix
2208 2973 2456 3017 hominem
2496 2980 2703 3031 putant3

1696 3047 1843 3094 quam
1866 3048 2073 3094 magnus
2094 3035 2348 3082 confestim
2370 3044 2420 3082 et
2443 3037 2708 3083 honoratus

1695 3097 1950 3144 evaderes!
1991 3098 2340 3159 Quadringenta
2373 3114 2441 3145 se.
2463 3102 2703 3158 sestertia,

1694 3174 1895 3208 censum
1917 3171 2211 3222 equestrem,
2238 3170 2293 3208 ut
2325 3163 2369 3210 Ι.
2405 3164 2513 3210 106.
2549 3171 2601 3210 et
2634 3165 2703 3211 11.

1697 3225 1810 3272 117.
1828 3226 1996 3271 similis
2008 3226 2135 3278 Diis,
2156 3227 2303 3273 homo
2325 3228 2481 3285 dives,
2497 3226 2707 3291 (τλοῦηι

1695 3285 1733 3335 δ’
1753 3288 1886 3354 ἀρετὴ
1908 3288 1987 3336 καὶ
2009 3285 2133 3341 ainos
2156 3286 2318 3342 ὅτηδιῖ.
2360 3288 2545 3351 Δαίμονι
2565 3289 2603 3339 δ’
2624 3290 2703 3344 οἷος

1695 3351 1831 3403 'o'neea
1861 3355 2060 3401 Hesiod.
2093 3353 2225 3420 Ἐςγ.
2251 3372 2297 3403 v.
2329 3356 2444 3404 313.
2464 3356 2603 3414 314.)
2635 3358 2711 3404 vel

1696 3418 1844 3463 homo
1856 3419 2090 3477 dignitate
2108 3427 2157 3465 et
2170 3422 2386 3479 potentia
2402 3422 2578 3466 ceteris
2593 3435 2715 3481 prae-

1697 3490 1848 3535 stans,
1871 3483 1996 3541 inpr.
2019 3481 2318 3541 Imperator-z
2353 3498 2470 3530 nam
2495 3484 2709 3545 Impera·

1700 3546 1883 3591 toribus
1904 3548 2043 3594 Rom.
2066 3548 2220 3593 divini
2248 3550 2454 3595 honores
2484 3549 2709 3596 decerne-

1698 3610 1894 3665 bantur,
1911 3616 1960 3655 et
1977 3612 2038 3656 ad
2059 3623 2141 3657 eos
2163 3614 2541 3659 transferebatur
2556 3614 2707 3669 notio,

1698 3686 1851 3733 quam,
1885 3674 2047 3719 Graeci
2073 3676 2135 3720 de
2167 3678 2359 3736 regibus
2396 3683 2446 3721 et
2479 3677 2703 3724 heroibus

1696 3737 1860 3781 animo
1882 3737 1970 3782 sibi
1989 3738 2333 3794 informabant,
2352 3752 2561 3799 quorum
2577 3744 2704 3797 βιη-

1696 3800 1788 3851 λεῖς
1812 3813 1851 3846 s.
1872 3798 2062 3853 ἄνακτες
2085 3809 2132 3847 et
2154 3799 2281 3868 ἥρωας
2304 3810 2439 3849 erant
2464 3803 2704 3858 oudam.

1696 3862 1942 3924 ὅτισίκιλω,
1982 3862 2223 3927 {vautram
2255 3865 2547 3923 Μικίνου-ιν,
2585 3872 2701 3917 θεον·

1699 3924 1800 3982 3⁸55,
1822 3931 1923 3977 θεῖον
1955 3927 2092 3991 γίγας,
2126 3929 2304 3991 ἥμῖδεοι,
2322 3927 2573 3997 &agapite-
2613 3947 2710 3980 me*

1699 3996 1810 4052 lior,
1830 3996 2100 4055 benignior,
2120 3996 2264 4057 fiatis,
2284 4010 2397 4057 quoe
2432 3996 2627 4044 voluere
2656 4006 2704 4044 te

1698 4071 1958 4118 pauperem
1981 4072 2098 4104 esse.

1764 4121 1875 4169 134.
1908 4122 1986 4169 Cf.
2008 4123 2150 4169 Ovid.
2175 4122 2308 4169 Fast.
2326 4121 2370 4169 1.
2390 4123 2502 4171 117.
2525 4132 2577 4171 et
2599 4138 2700 4184 sup.

1698 4186 1742 4232 1.
1768 4183 1877 4232 112.
1945 4186 2051 4233 135.
2074 4187 2155 4232 Da
2184 4186 2348 4233 Trebio
2367 4200 2437 4235 sc.
2458 4191 2704 4247 poculum,

1696 4251 1772 4296 vel
1816 4250 1978 4296 cibum
2020 4250 2364 4308 delicatiorem,
2401 4260 2451 4297 et
2486 4265 2606 4311 pone
2647 4254 2705 4299 ad

1703 4312 1940 4373 Trebium,
1963 4316 2107 4361 verba
2136 4315 2302 4364 divitis
2333 4316 2395 4362 ad
2417 4328 2639 4372 servum,
2656 4321 2703 4366 et
