2978 4920
574 323 616 385 4
1270 308 1949 412 JUVENALIS

666 574 1071 673 SEMPER
1094 617 1214 701 egb
1242 608 1500 673 auditor
1531 621 1820 674 tantum.
1808 613 1834 657 2
1880 630 2295 696 nunquamne
2316 632 2642 697 reponam,

664 702 959 783 Vexatus
980 694 1164 785 toties
1186 702 1371 787 rauci
1405 699 1724 790 Theseide
1756 708 1952 775 Codri
1972 713 2002 773 Ρ

666 812 918 898 Inpune
947 833 1100 896 ergo
1126 809 1283 874 mihi
1310 804 1670 875 recitaverit
1699 808 1804 873 ille
1834 820 2105 896 togataS,

665 911 797 975 Hic
825 909 1078 997 elegos?
1122 910 1360 997 inpune
1389 909 1559 975 diem
1588 907 2001 975 consumserit
2029 909 2253 997 ingens

666 1009 994 1098 Telephus
1011 1014 1040 1074 Ρ
1083 1023 1198 1075 aut
1227 1011 1455 1075 summi
1466 1008 1675 1097 ‘plena
1687 1016 1692 1019 ’
1693 1030 1830 1097 Jam
1861 1010 2142 1097 margine
2171 1011 2318 1076 libri
2624 1015 2668 1078 5

667 1111 977 1199 Scriptus,
1007 1123 1073 1179 et
1099 1110 1166 1175 in
1196 1122 1400 1198 tergo,
1429 1133 1547 1175 nec
1576 1111 1734 1175 dum
1763 1110 1982 1177 finitus
2013 1113 2269 1178 Orestes
2286 1116 2315 1175 P

645 1290 802 1339 Satira
831 1291 956 1345 hac,
983 1238 1381 1353 praefniioni·
1312 1290 1452 1351 quasi
1482 1262 1602 1337 locov

577 1356 767 1404 caeteris
787 1357 1059 1418 premissa,
1075 1359 1189 1405 salis
1209 1355 1591 1430 facetiarumque

577 1423 722 1482 plena
741 1429 835 1479 est,
857 1427 907 1466 et
928 1422 1179 1482 dispositio
1207 1417 1314 1483 ejus
1343 1420 1591 1479 preclara.

576 1483 832 1533 Juvenalis
852 1498 941 1532 nos
963 1486 1117 1541 docet,
1130 1499 1280 1548 quare
1297 1490 1347 1530 et
1362 1484 1588 1539 scribere,

579 1557 630 1596 et
667 1551 839 1596 satiras
878 1551 1190 1609 potissimum
1221 1549 1426 1596 scribere
1459 1549 1591 1607 apud

578 1615 802 1661 animum
847 1626 991 1660 suum
1037 1614 1288 1661 statuerit:
1340 1612 1592 1672 utriusque

580 1684 746 1725 autem
768 1678 957 1726 consilii
987 1685 1088 1725 tam
1122 1679 1306 1738 lepidas
1334 1676 1492 1723 adfert
1511 1688 1590 1722 ra-

583 1743 758 1800 tiones,
768 1749 824 1790 ιιι
838 1743 914 1788 vel
936 1744 1106 1789 Catoni
1125 1743 1275 1789 risum
1294 1753 1489 1787 movere
1507 1754 1591 1800 po·

580 1807 803 1854 tuissent.
855 1805 996 1854 Nihil
1014 1821 1206 1880 quoque
1221 1807 1426 1853 facetius
1442 1805 1592 1852 simul

578 1877 630 1917 et
651 1872 917 1918 modestius
948 1879 1022 1918 est
1047 1868 1234 1934 judicio
1254 1870 1359 1928 illo,
1379 1870 1509 1930 quod
1530 1869 1592 1915 de

580 1935 810 1983 facultate
823 1950 909 1981 sua
928 1937 1114 1996 poetIca
1129 1936 1233 1995 ipse
1245 1935 1339 1981 fert
1353 1947 1398 1978 v.
1418 1934 1497 1981 1⁷.
1513 1933 1592 1982 18.

581 1999 659 2046 79.
681 2000 761 2046 80.
797 2001 919 2046 nihil
937 2001 1099 2060 aptius
1119 1999 1466 2070 venustiusque
1486 1999 1588 2067 pic-

580 2058 693 2111 tura
713 2064 1010 2124 perditorum
1033 2064 1198 2111 saeculi
1214 2063 1290 2109 sui
1310 2064 1523 2119 morum,
1540 2062 1590 2109 'et

578 2129 891 2181 conversione
903 2130 966 2175 ad
980 2129 1072 2175 hoc
1086 2127 1371 2204 primarium
1382 2127 1589 2174 satiricae

577 2207 776 2270 poeseos
797 2198 1160 2254 argumentum,
1176 2188 1253 2238 cui
1271 2191 1469 2251 proinde
1484 2205 1587 2237 ma-

581 2257 715 2303 xime
749 2254 1018 2303 inmoratur
1044 2272 1090 2303 v.
1127 2253 1369 2304 22-146.
1411 2257 1589 2314 quibus

578 2318 793 2382 plurima
822 2322 1016 2368 illorum
1050 2328 1326 2381 temporum
1351 2319 1468 2365 vitia
1494 2333 1592 2366 non

579 2387 685 2432 sine
708 2387 919 2437 urbanis
948 2387 1131 2434 salibus
1162 2390 1397 2432 recenset.
1459 2384 1613 2431 Huic·

577 2451 749 2513 itaque
750 2451 927 2508 Satirae
937 2452 978 2498 si
990 2452 1248 2510 secundam
1263 2448 1591 2511 potissimum,

581 2518 776 2570 tertiam
808 2525 1104 2577 sextamque
1142 2512 1440 2578 adjunxeris,
1476 2527 1592 2558 con-

579 2575 1013 2628 summatissimam
1026 2582 1224 2628 habebis
1234 2581 1469 2640 picturam
1481 2591 1594 2625 con·

580 2641 835 2707 ruptorum
857 2647 990 2692 illius
1010 2648 1105 2694 avi
1136 2655 1347 2692 morum.
1415 2643 1594 2690 Forma

580 2710 829 2757 orationis
843 2725 971 2771 sepe
1009 2712 1217 2757 oratoria
1250 2710 1409 2770 magis
1441 2719 1613 2783 quam3

580 2776 789 2842 poetica
794 2776 961 2826 ‚videri
978 2781 1176 2833 potest.·
1178 2776 1284 2821 sed
1300 2788 1404 2833 per
1434 2772 1591 2818 maxi-

580 2852 716 2900 mam
759 2840 988 2888 carminis
1020 2843 1209 2901 partem
1247 2847 1417 2897 regnat
1448 2850 1589 2897 mag-

578 2916 700 2948 num
725 2899 861 2952 roilas
878 2910 926 2947 et
941 2915 1172 2961 generosa
1188 2901 1474 2961 indignatio,
1492 2914 1590 2960 qua

579 2976 763 3032 pravos
777 2963 927 3027 hujus
949 2966 1104 3011 aetatis
1137 2977 1298 3012 mores
1329 2966 1594 3011 insectatur

580 3037 756 3092 poeta.-
794 3032 1047 3077 Ceterum
1081 3030 1289 3078 Satiram
1323 3030 1448 3077 banc
1487 3042 1593 3075 esse

580 3096 799 3155 {nimam
811 3095 1057 3153 omnium,
1080 3108 1201 3155 quas
1219 3096 1470 3142 Juvenalis
1494 3107 1592 3140 uon

506 3171 507 3174 ’
583 3160 1050 3237 scripseritquidem,
1066 3161 1148 3205 sed
1162 3156 1474 3219 evulgaverit,
1477 3171 1590 3204 cum

581 3235 645 3272 ex
667 3238 854 3285 primis,
876 3230 984 3270 tum
1006 3229 1067 3269 ex
1090 3225 1348 3282 postremis
1364 3221 1470 3283 ejus
1488 3235 1595 3268 ver-

581 3291 657 3336 bis
679 3289 922 3349 probabile
939 3289 1010 3336 fit.
1063 3288 1319 3347 Perper-am
1342 3294 1507 3333 tamen
1529 3301 1594 3333 ex¹

579 3369 631 3401 v.
656 3353 750 3401 15.
765 3368 864 3415 seq.
897 3353 1094 3415 conligi,
1115 3365 1220 3399 eam
1253 3354 1316 3400 ad
1350 3353 1432 3398 illa
1467 3358 1592 3398 tem-

579 3432 700 3480 pora
736 3419 1056 3476 referendam
1072 3430 1197 3476 esse,
1234 3416 1411 3477 quibus
1439 3423 1592 3493 poeta

579 3485 830 3532 rhetorum
863 3483 1052 3529 scholas
1079 3481 1382 3542 frequentare
1403 3481 1486 3546 vix‘
1508 3481 1592 3527 de·

581 3550 734 3605 aierit,
749 3562 874 3594 exv.
880 3535 980 3594 24.
1003 3560 1103 3607 seq.
1127 3545 1429 3607 intelligitur.

645 3612 703 3662 V.
725 3612 768 3658 1.
786 3625 883 3672 seq.
906 3613 1081 3659 Romae
1104 3611 1219 3658 olim
1243 3618 1418 3671 poetae,
1435 3610 1588 3657 histo-⁴

578 3677 668 3724 rici
699 3683 749 3723 et
779 3684 1011 3733 oratores,
1034 3689 1375 3737 quaecumque
1387 3675 1590 3746 scripse-

578 3748 715 3801 rant,
727 3746 847 3800 ante
860 3754 1010 3800 quam
1033 3755 1101 3787 ea.
1111 3741 1176 3786 in
1181 3741 1357 3806 vulgus
1364 3735 1587 3794 ederent,

578 3805 748 3854 amicis
770 3806 968 3851 recitare
991 3806 1222 3851 solebant.
1288 3800 1429 3858 Quod
1450 3800 1588 3849 insti·

577 3875 744 3916 tutum
766 3869 906 3915 initio
919 3870 1214 3944 preclarum
1237 3869 1332 3915 fuit
1362 3875 1412 3913 et
1444 3869 1586 3915 exco-

575 3935 752 3981 lendis
770 3933 976 4006 ingeniis
1008 3934 1238 3993 librisque
1269 3934 1585 3979 emendandis

572 3997 919 4045 utilissimum.
949 3999 1090 4056 pauci
1103 3998 1232 4043 enim
1251 3998 1381 4059 iique
1395 3999 1604 4046 subacti·

565 4059 769 4126 judicii,
788 4062 879 4108 viri
922 4060 1273 4126 invitabantur,
1318 4067 1376 4107 ut
1415 4062 1582 4134 libere,

573 4129 693 4190 quid
733 4126 988 4183 sentirent,
1029 4121 1235 4185 qumque
1268 4125 1368 4171 sibi
1409 4139 1582 4185 parum

573 4192 821 4253 probanda
880 4191 1179 4247 viderentur,
1232 4198 1584 4266 expromerent.

573 4259 756 4305 Verum
789 4256 1088 4302 consuetudo
1121 4256 1212 4300 ista
1245 4268 1360 4300 mox
1393 4255 1463 4300 ita
1494 4256 1587 4301 im-

572 4324 870 4376 mutabatur,
886 4328 940 4368 ut
954 4320 1234 4368 recitatores
1249 4333 1346 4365 non
1365 4319 1585 4379 precibus

1655 1258 1869 1345 tantum,
1891 1284 1968 1335 vel
1990 1290 2146 1349 gratia
2176 1295 2227 1337 et
2253 1290 2544 1338 auctoritate
2562 1303 2674 1349 sua,

1656 1354 1740 1399 sed
1763 1352 1978 1413 praemiis
1998 1367 2193 1415 quoque
2216 1355 2492 1414 propositis,
2514 1356 2673 1415 pretio

1654 1419 1823 1471 vestis.
1835 1430 2005 1476 coenoe,
2020 1418 2347 1478 sportularum
2360 1424 2454 1466 cet.
2469 1421 2675 1467 cliente·

1652 1483 1732 1528 vel
1770 1483 1978 1529 aliorum
2016 1483 2275 1529 bominum
2307 1495 2542 1544 magnam
2576 1484 2675 1531 im·

1652 1547 1955 1607 peritumque
1977 1549 2171 1593 turbam
2188 1548 2250 1594 ad
2268 1549 2566 1596 audiendum
2583 1549 2675 1595 eli-

1653 1617 1820 1657 cerent
1835 1616 1885 1656 et
1901 1611 2040 1670 quasi
2055 1618 2273 1657 emerent
2294 1625 2353 1658 eo
2372 1613 2597 1673 oonsilio,
2615 1619 2674 1661 ut

1653 1675 1845 1735 singula
1876 1677 1938 1720 ab
1970 1675 2032 1721 iis
2063 1687 2146 1721 ore
2177 1676 2392 1735 pleniore
2419 1676 2550 1754 (hieu
2541 1679 2677 1726 voci·

1653 1740 1771 1784 bus:
1810 1737 1951 1804 ὅςθῧς,
1975 1735 2043 1798 ιδ,
2068 1736 2239 1805 ‹ie-igis,
2262 1738 2569 1802 Ιιῖσς,κιλῧς
2589 1741 2681 1790 καὶ

1656 1801 1813 1863 σοφὸι,
1836 1818 1967 1864 euge,
2001 1806 2126 1863 bene,
2157 1805 2282 1860 belle,
2305 1807 2493 1866 putore,
2522 1806 2668 1868 recte)

1656 1870 1990 1927 laudarentur,
2011 1868 2090 1914 vel
2122 1869 2370 1916 incondito
2391 1873 2674 1930 exciperen-

1654 1939 1736 1978 tur
1754 1933 1966 1980 clamore
1998 1947 2055 1979 ae
2086 1934 2286 1993 plausu.
2325 1934 2395 1996 (v.
2421 1935 2550 1982 Plin.
2575 1937 2674 1997 Ep.

1654 1995 1861 2057 11.14.)
1910 2009 1973 2044 ex
2005 2011 2103 2058 quo
2134 1997 2271 2043 inani
2307 2000 2466 2046 laudis
2504 2002 2675 2047 studio

1653 2073 1770 2107 mox
1785 2062 1956 2108 insana
1971 2062 2210 2108 scribendi
2227 2071 2276 2108 et
2292 2064 2416 2123 inpr.
2440 2066 2673 2124 poetandi

1652 2127 1871 2172 manavit
1892 2126 2061 2184 libido,
2082 2140 2195 2187 quae
2228 2127 2477 2189 ingentem
2510 2130 2676 2175 bomi-

1653 2202 1774 2235 num
1813 2189 2179 2236 multitudinem
2225 2197 2478 2268 tamquam
2520 2195 2674 2254 pesti·

1652 2251 1772 2300 lenti
1806 2254 1948 2300 sideri
1970 2255 2189 2313 adflavit,
2208 2262 2259 2301 et
2280 2257 2463 2303 mirum
2487 2258 2544 2304 in
2562 2270 2673 2305 mo-

1658 2317 1773 2363 dum
1797 2326 1939 2366 aucta
1969 2325 2045 2364 est
2064 2325 2175 2366 tum
2197 2321 2388 2367 astutia
2398 2321 2677 2382 Imperato-

1656 2394 1784 2437 rum,
1802 2383 1888 2442 qui
1900 2384 2033 2430 cives
2050 2385 2112 2431 ad
2128 2384 2285 2431 otium
2302 2397 2331 2431 a
2349 2386 2549 2433 militari
2564 2393 2670 2434 stu·

1656 2446 1737 2492 dio
1759 2448 2056 2510 publicisque
2089 2449 2295 2511 negotiis
2327 2452 2669 2513 traducebant,

1655 2515 1764 2556 tum
1796 2515 2033 2573 exemplis
2061 2513 2332 2560 Domitiani
2364 2523 2414 2561 et
2438 2515 2670 2573 Neronis,

1656 2576 1742 2633 qui
1758 2576 1996 2637 poeticam
2011 2579 2112 2636 ipsi
2111 2579 2430 2626 adfectabant
2437 2581 2675 2632 lauream.

1658 2641 1735 2687 cf.
1752 2641 2669 2701 iuf.vl1.40·-·52.etxur.ae‚33.

1659 2705 1791 2763 Hinc
1807 2706 2015 2766 lepidam
2034 2708 2180 2753 simul
2198 2713 2247 2753 et
2263 2711 2535 2758 modestam
2554 2712 2673 2758 scri-

1656 2769 2016 2817 bendicausam
2052 2771 2224 2831 repetit
2255 2781 2426 2833 poetae
2463 2776 2673 2836 abrupta

1653 2841 1817 2879 autem
1836 2836 1987 2881 oratio
2008 2836 2218 2882 adfectui
2234 2838 2476 2883 convenit.
2509 2839 2561 2887 2.
2578 2840 2672 2888 Co-

1652 2897 1729 2943 dri
1767 2895 1913 2959 hujus
1955 2913 2053 2945 non
2088 2902 2204 2947 alibi
2237 2901 2293 2947 iit
2330 2903 2539 2961 mentio,
2574 2906 2671 2951 nisi

1656 2962 1786 3009 forte-
1800 2963 1888 3008 inf.
1906 2964 2002 3011 111.
2020 2964 2134 3013 203.
2149 2979 2252 3024 seq.
2271 2966 2546 3016 ubitamen
2569 2982 2669 3020 non

1656 3028 1718 3073 de
1748 3027 1882 3087 malo
1910 3037 2070 3089 poeta,
2106 3036 2162 3075 ut
2194 3030 2248 3076 b.
2279 3030 2316 3078 l.
2346 3032 2442 3091 agi.
2460 3030 2671 3082 videtur.

1655 3092 1788 3137 rauci
1814 3093 2060 3140 recitando
2093 3101 2142 3140 et
2174 3094 2450 3152 clamando,
2484 3104 2539 3142 ut
2573 3096 2673 3145 VI.

1629 3153 1770 3203 515.
1814 3170 1912 3216 quo
1954 3156 2103 3204 simul
2144 3159 2400 3218 longitudo
2436 3161 2672 3209 carminis

1656 3219 1968 3279 significatur.
1981 3222 2526 3301 madefleeitefione
2537 3226 2670 3273 'lhe-

1656 3285 1820 3342 scidis,
1858 3288 2106 3346 tragoedia
2141 3290 2217 3334 vel
2255 3288 2508 3340 munis
2523 3291 2669 3351 epici,

1656 3350 1819 3408 qualia
1840 3351 2003 3410 plures
2024 3353 2140 3400 olim
2168 3357 2327 3413 poetae
2347 3354 2595 3422 scripsere.
2619 3371 2673 3406 v.

1657 3413 1833 3523 Hine
1865 3416 1926 3460 ad
1948 3416 2226 3476 Apollodor.
2260 3431 2307 3476 p.
2344 3415 2471 3463 433.
2491 3431 2647 3482 seq.e

1794 3491 1893 3538 seq.
1948 3480 1996 3527 3.
2030 3485 2209 3542 togatae
2239 3481 2453 3541 fabulas,
2467 3477 2527 3529 in
2562 3483 2672 3544 qui·

1573 3565 1578 3572 ·
1654 3542 1763 3587 bus
1757 3544 2099 3592 Romanorum
2120 3547 2251 3593 facta
2271 3555 2322 3592 et
2346 3545 2508 3593 mores
2528 3550 2670 3598 exhi-

1656 3607 1851 3666 bentur,
1894 3616 1953 3655 ut
1996 3611 2281 3660 eracemum
2325 3610 2377 3658 in
2423 3612 2669 3680 palliatis.-

1656 3683 1780 3718 nam
1797 3677 1924 3736 toga
1955 3674 2191 3724 Romanis
2229 3661 2423 3735 propria
2458 3676 2573 3732 fuit,
2610 3685 2668 3724 ut

1654 3727 1855 3800 pallium
1886 3738 2083 3785 Graecis.
2139 3732 2200 3785 4.
2208 3731 2452 3798 Telephus
2482 3739 2670 3813 ingene,

1652 3794 1800 3859 longa
1834 3803 1895 3847 de
1929 3797 2147 3868 Telepho
2189 3804 2423 3872 tragoedia
2455 3800 2667 3866 ejusque

1651 3866 1890 3921 recitatio,-
1901 3873 1968 3913 ιιι
1979 3861 2109 3914 moi
2401 3868 2666 3930 Utriusque

1637 3929 1828 3978 ¹t'abulae
1848 3944 1879 3977 a
1898 3933 2082 3982 multis
2089 3934 2207 3979 olim
2243 3933 2401 3992 poetis
2421 3939 2663 3982 tractatae.
2710 3952 2721 3968 ··

1648 4007 1695 4039 v.
1721 3994 1945 4057 Heynel.
1963 3998 1995 4041 l.
2010 3995 2180 4057 pul-60.
2198 3998 2309 4045 673.
2354 3997 2662 4057 ‘rragoediam

1648 4060 1709 4104 de
1729 4055 1901 4114 Oreste
1934 4068 2076 4138 poeta
2106 4068 2208 4108 tam
2242 4060 2478 4122 prolixam
2512 4062 2664 4109 fuisse

1621 4107 1783 4198 'adicit,
1800 4127 1854 4170 ut
1868 4138 1963 4171 non
1977 4126 2027 4173 iu
2042 4126 2267 4174 interiore
2287 4129 2482 4174 tantum
2506 4136 2664 4186 parte,

1651 4201 1785 4235 more
1803 4195 2042 4244 veterum,
2064 4192 2351 4238 membrana
2380 4191 2530 4238 fuerit
2552 4206 2665 4254 per·

1650 4254 1848 4313 scripta,
1870 4256 1955 4301 sed
1985 4257 2133 4302 etiam
2171 4257 2223 4301 in
2246 4259 2395 4317 tergo,
2420 4256 2471 4301 in
2494 4269 2666 4305 aversa

1651 4319 1728 4364 vel
1746 4319 1935 4367 inversa
1954 4321 2141 4376 charta,
2165 4318 2500 4385 iterun-005.
