2978 4920
873 280 1143 344 PERSn
1178 284 1291 344 ἘΤ
1332 280 1805 346 .1υ·νΕΝΑ1.ῐε.
2238 295 2395 349 xxvii

305 466 374 512 ut
418 457 557 513 sine
599 455 808 531 insigni
852 457 1028 513 totius
1078 453 1291 512 ordinis
1336 455 1758 530 perturbatione
1799 455 1896 511 vix
1943 453 2259 529 quidquam
2307 458 2395 515 vel

304 553 606 630 transponi
631 552 809 630 possit
835 552 923 610 vel
950 550 1158 621 omitti,
1186 561 1363 629 utque
1395 551 1603 609 dubius
1642 552 1744 621 sis,
1775 562 1976 609 utrum
2000 550 2232 627 singula
2255 571 2395 611 casu

306 662 379 705 ac
420 658 621 726 sponte
662 644 781 706 sint
820 640 1036 717 oblata,
1062 648 1153 706 vel
1196 660 1340 705 nata
1377 657 1629 724 repente,
1654 654 1715 705 et
1754 647 1879 705 sine
1917 646 2107 704 studio
2147 662 2217 705 ao
2257 664 2395 707 cura

302 746 452 801 ceris
479 744 775 812 mandata,
804 763 881 802 an
921 738 1225 821 diligenter
1266 752 1403 801 ante
1442 761 1708 812 excussa,
1736 752 1796 800 et
1836 743 2102 818 quaesita,
2130 744 2218 801 vel
2247 754 2393 821 βω-

306 839 606 897 meditata.
693 836 875 898 Persii
914 848 1115 897 contra
1155 842 1337 897 oratio
1374 839 1588 916 passim
1627 856 1731 896 nos
1769 840 2013 916 abrupto
2042 832 2270 897 dicendi
2294 854 2395 916 ge·-

307 951 460 1006 nere,
489 928 807 994 audacibus
844 947 907 994 et
945 936 1192 992 insolitis
1217 936 1669 1003 transitionibus,
1698 936 2214 1009 inversionibusque
2239 936 2396 994 duris

305 1033 588 1103 obfendit,
611 1045 673 1092 et
699 1052 852 1110 saepe
878 1033 952 1091 ad
974 1034 1165 1091 aliena
1189 1033 1489 1091 delabitur.
1547 1031 1861 1091 -Juvenalis
1885 1034 2144 1109 singulas
2162 1034 2392 1109 quidem

307 1140 501 1206 partes
527 1131 716 1206 magis
741 1130 1144 1187 declamatorio
1171 1140 1323 1186 more
1345 1140 1405 1185 et
1430 1128 1645 1197 ordine,-
1668 1129 1940 1187 adcurate
1964 1140 2390 1206 nonnumquam

300 1226 384 1297 (v.
414 1244 466 1282 c.
511 1227 571 1282 in
610 1224 736 1282 Sat.
773 1225 877 1301 X.)
919 1226 1072 1302 prius
1113 1225 1432 1301 designato,
1458 1224 1769 1301 copulavit,
1797 1235 1857 1282 et
1899 1225 2046 1281 alias
2087 1224 2214 1282 aliis
2253 1227 2387 1283 sub·-

290 1322 518 1394 jnnxit,
562 1326 740 1397 quam
786 1342 945 1380 nexu
991 1322 1301 1379 artificioso
1346 1323 1495 1378 inter
1540 1339 1604 1378 se
1653 1322 1950 1397 inplicuit;
2008 1322 2110 1378 sed
2159 1323 2386 1381 easdem

301 1435 531 1476 summa
555 1438 685 1476 cum
713 1428 838 1477 arte
862 1419 1018 1476 velut
1044 1420 1105 1474 in
1132 1418 1337 1474 tabula·
1356 1417 1614 1494 depinxit
1640 1434 1700 1474 ct
1725 1419 2039 1475 exornavit.

389 1506 835 1590 Descriptiones,
863 1512 1283 1580 similitudines,
1312 1525 1371 1570 ct
1411 1510 1677 1589 exempla
1717 1511 1948 1570 Horatii
1989 1512 2063 1570 ad
2105 1528 2384 1572 summam

306 1604 429 1664 {ere
452 1609 533 1665 rei
556 1617 822 1686 spectant
847 1618 908 1666 et
930 1608 1189 1666 delibant
1213 1611 1453 1684 potiora,
1479 1610 1678 1684 primis
1716 1617 1944 1665 tantum
1971 1626 2041 1665 ac
2063 1610 2383 1686 praecipuis,

304 1713 371 1758 nt
397 1704 456 1759 in
484 1704 914 1781 ichnographia,
941 1704 1107 1761 lineis
1132 1704 1339 1760 ductis.
1425 1701 1642 1761 Eadem
1670 1705 1967 1781 aptissima
2003 1708 2159 1774 sunt,
2185 1714 2246 1762 et
2270 1722 2383 1762 non

303 1798 571 1874 vulgares
597 1801 763 1858 modo
803 1819 894 1858 res
942 1819 1010 1856 ac
1052 1799 1327 1868 notiones»,
1357 1799 1456 1856 sed
1498 1800 1735 1857 subtiles
1772 1818 2000 1875 quoque
2040 1811 2100 1857 et
2138 1798 2385 1878 pbiloso³

304 1895 526 1970 pbicas‚
559 1900 788 1974 egregie
829 1898 1158 1964 inlustrant,
1203 1908 1307 1952 aut·
1346 1898 1526 1953 oculis
1567 1898 1939 1971 sensibusque
1979 1898 2284 1969 subjiciunt
2324 1907 2386 1954 et

299 1990 660 2050 confirmant.
744 1990 974 2049 Persius
1001 1993 1060 2047 in
1086 1993 1157 2048 iis
1193 2008 1347 2068 soepe
1382 1992 1469 2048 vel
1512 2002 1767 2048 sectatur
1810 1993 1983 2048 anxie
2023 1993 2386 2061 minuta,·vel

299 2085 495 2143 atiena
521 2088 804 2157 inmiscet,
826 2097 886 2146 et
903 2089 1089 2164 magis
1110 2089 1170 2143 in
1192 2089 1449 2164 partibus
1471 2087 1813 2144 exornandis
1834 2086 2380 2164 amplificandisque,

298 2196 477 2255 quam
502 2202 728 2240 summa
753 2186 830 2242 rei
858 2182 1224 2252 declaranda,
1252 2192 1564 2259 occupatus
1605 2194 1711 2240 est.
1795 2181 2094 2240 Juvenalis
2134 2202 2384 2241 errorum

298 2278 707 2356 scelerumque
733 2283 1011 2358 imagines
1054 2266 1473 2338 ardentissimis
1504 2280 1839 2356 plerumque
1877 2281 2383 2357 pinguissimisque

295 2376 585 2434 coloribus
609 2378 938 2447 adumbrat,
958 2389 1018 2435 et
1045 2380 1105 2433 in
1129 2378 1219 2433 his
1245 2379 1516 2434 eximiam
1539 2386 1720 2435 artem
1742 2379 2217 2455 gravitatemque,
2238 2380 2382 2454 (qua

298 2473 390 2530 vel
438 2473 758 2550 indignatio
800 2485 1075 2540 movetur,
1102 2493 1154 2529 v.
1194 2492 1244 2529 c.
1287 2473 1332 2528 1.
1374 2474 1469 2529 37.
1498 2492 1618 2547 seq.
1661 2475 1760 2531 45.
1789 2493 1905 2547 seq.
1947 2474 2044 2531 99.
2072 2493 2193 2551 seq.
2242 2476 2378 2533 150.

297 2586 424 2645 seq.
471 2568 547 2627 II.
587 2569 718 2627 1⁴26.
746 2589 865 2646 seq.
914 2568 1023 2625 III.
1052 2569 1149 2626 67.
1180 2586 1298 2643 seq.
1341 2569 1476 2627 116.
1504 2588 1623 2644 seq.
1668 2569 1800 2625 154.
1829 2589 1945 2644 seq.
1987 2570 2119 2626 184.
2147 2589 2267 2645 seq.
2305 2570 2377 2627 V.
2419 2561 2438 2576 ”

309 2669 403 2726 16.
432 2689 555 2745 seq.
584 2669 678 2727 39.
708 2688 827 2745 seq.
869 2670 960 2726 vel
987 2678 1329 2735 contemtus,
1356 2677 1423 2725 ut
1448 2664 1524 2721 V.
1560 2665 1690 2722 170.
1718 2683 1837 2741 seq.
1869 2664 2040 2724 XIII.
2073 2667 2204 2725 150.
2234 2673 2382 2748 seq.)

300 2766 363 2820 in
390 2764 863 2843 descriptionibus
885 2766 1165 2840 insignem
1202 2782 1387 2820 rerum
1432 2763 1832 2838 cognitionem,
1858 2763 2194 2821 varietatem
2219 2765 2379 2840 inge—

303 2860 500 2934 niique
533 2862 733 2929 aciem,
760 2862 838 2935 (v.
868 2879 918 2917 c.
949 2857 996 2915 1.
1033 2858 1163 2915 117.
1192 2878 1311 2934 seq.
1345 2855 1455 2914 III.
1483 2856 1582 2915 69.
1611 2876 1729 2934 seq.
1759 2857 1854 2915 86.
1884 2877 2003 2933 seq.
2033 2856 2115 2924 V.
2132 2860 2231 2918 52.
2258 2879 2377 2935 seq.

311 2954 445 3011 100.
473 2973 589 3030 seq.
627 2955 758 3012 132.
787 2974 907 3030 seq.
950 2951 1058 3012 VI.
1087 2972 1167 3032 pr.
1196 2952 1301 3010 IX.
1334 2954 1424 3009 12.
1452 2971 1572 3029 seq.
1596 2954 1697 3010 40.
1729 2972 1846 3030 seq.
1891 2951 2060 3011 XIII.
2091 2955 2226 3013 209.
2256 2976 2375 3033 seq.

305 3047 470 3109 X'IV.
518 3052 656 3110 288.
702 3054 847 3128 seq.)
898 3053 955 3108 in
1009 3052 1393 3128 exemplorum
1446 3050 1669 3109 delectu
1722 3052 1930 3109 subtile
1969 3052 2269 3125 judicium,
2319 3057 2376 3112 in
2419 3089 2426 3093 ·

296 3168 498 3208 eorum
537 3154 702 3228 copia
752 3154 1104 3227 exquisitam
1155 3151 1489 3220 doctrinam,
1539 3150 1640 3208 sed
1687 3153 1747 3208 in
1796 3150 1992 3227 figuris
2035 3154 2378 3211 exornandis
2471 3205 2481 3214 .

304 3247 544 3304 nimiam
585 3248 867 3306 interdum
908 3266 1102 3304 curam
1144 3247 1427 3305 ostendit:
1466 3249 1556 3305 ita
1597 3248 1671 3305 ad
1704 3248 1894 3306 vivum
1919 3262 2138 3307 resecat
2163 3253 2374 3316 omnia,

298 3341 483 3400 etiam
529 3344 882 3420 turpissima,
931 3352 991 3400 et
1037 3342 1177 3397 nihil
1224 3343 1625 3419 praetermittit,
1670 3343 1822 3418 quod
1866 3343 1957 3400 vel
2009 3345 2082 3401 ad
2127 3345 2377 3402 viridum

297 3438 517 3507 odium,
544 3440 633 3497 vel
661 3439 735 3497 ad
760 3439 1104 3497 cachinnum
1129 3437 1593 3497 commovendum
1621 3440 1810 3497 valere
1834 3451 2024 3514 queat.

387 3532 619 3593 Horatii
644 3555 825 3612 genus
850 3534 1075 3593 dicendi
1098 3533 1335 3611 vulgare
1375 3536 1608 3610 quidem
1651 3546 1709 3591 et
1752 3548 1941 3603 tenue,
1968 3533 2169 3608 (Musa
2205 3536 2377 3613 pede-

296 3630 438 3687 stris
465 3641 525 3688 et
550 3648 826 3709 sermones
860 3649 971 3708 per
1005 3630 1233 3686 humum
1262 3638 1519 3707 repentes
1543 3645 1818 3689 vocantur
1844 3630 1969 3688 Sat.
2003 3630 2074 3687 II.
2103 3633 2161 3689 6.
2197 3631 2288 3690 17.
2319 3643 2378 3689 et

305 3724 492 3802 Epist.
523 3724 601 3783 Η.
637 3727 687 3785 1.
715 3726 882 3801 250.)
907 3726 1008 3783 sed
1034 3736 1267 3793 tersum,
1297 3726 1579 3795 naturale,
1605 3728 1859 3803 elegans,
1883 3747 2084 3803 purum
2109 3730 2277 3787 rebus
2305 3730 2377 3787 ad

300 3822 440 3880 virae
464 3823 782 3880 communis
807 3841 971 3879 usum
996 3832 1056 3880 et
1079 3822 1542 3881 consuetudinem
1566 3824 1976 3899 pertinentibus
1998 3824 2375 3899 aptissimum,

301 3916 491 3975 fluens
517 3918 892 3995 aequabiliter,
922 3936 1037 3996 prae
1077 3919 1139 3975 se
1178 3916 1365 3975 ferens
1406 3917 1790 3976 felicissimam
1829 3907 2189 3988 facilitatem,
2215 3919 2379 3978 inex-

299 4013 559 4090 plicabili
596 4013 852 4090 quadam
888 4022 1214 4081 venustate,
1242 4016 1431 4090 gratia
1472 4025 1532 4071 et
1571 4014 1940 4091 simplicitate
1979 4016 2376 4091 conspicuum:

303 4105 490 4169 Persii
516 4110 754 4186 grande,
781 4093 959 4187 tropis
988 4108 1278 4178 refertum,
1308 4109 1697 4178 artificiosum,
1723 4112 2046 4180 vehemens,
2071 4111 2379 4174 minutum,

297 4206 547 4277 aridum,
567 4210 878 4275 concisum,
902 4206 1104 4265 durum
1130 4192 1556 4283 nonnumquam
1580 4216 1638 4264 et
1658 4225 1810 4282 saepe
1830 4207 2157 4264 obscurum:
2203 4203 2379 4264 Juve-

286 4301 453 4361 nalis
495 4302 745 4374 doctum,
788 4295 937 4371 acre,
981 4305 1287 4380 copiosum,
1314 4321 1412 4377 pro
1453 4321 1633 4359 rerum
1675 4302 2004 4358 diversitate
2040 4300 2280 4365 varium,
2323 4308 2382 4356 et

1255 4396 1291 4452 d
1314 4398 1348 4450 2
