2978 4920
606 336 715 395 xvi·
997 294 1144 388 'DE
1186 326 1504 388 sarnus
1541 326 1863 397 Lucan,
1908 325 2276 397 neuun,

606 501 712 576 qui
736 501 803 556 in
824 496 1010 575 Epist.
1036 495 1322 570 XV.'ejus
1344 495 1554 553 satiras
1576 495 1808 552 etsales
1827 493 2066 560 laudat:
2099 492 2319 552 Coeciria
2344 492 2558 551 Decius
2577 492 2682 551 Al-

608 598 786 663 binus,
804 592 957 651 >Urbi
986 576 1320 651 ‘et’Tu'sciae
1348 590 1517 650 Praef.
1559 591 1933 666 regnantibus
1974 588 2226 647 Honorio
2257 601 2326 647 ¹et
2364 589 2683 649 Theodosio

600 686 692 749 11.
714 689 808 746 vel
848 689 1035 764 potius
1058 698 1239 763 pater
1262 686 1386 759 ejus
1411 685 1667 743 Lucillus
1706 706 1754 742 s·
1790 684 2082 754 Lucullus,
2107 705 2279 759 quem
2321 684 2581 744 Rutilius
2621 689 2684 743 in

601 780 807 843 Itiner.
837 780 883 838 Ι.
906 781 1047 839 599.
1075 799 1194 856 seq.
1235 779 1426 837 Turno
1450 791 1512 837 et
1536 779 1806 838 Juvenali
1841 790 2068 855 aequat3
2111 781 2192 854 (v.
2217 777 2558 838 Wernsdorf
2575 781 2615 837 l.
2644 781 2684 838 l.

605 896 663 953 p.
693 874 889 936 XXII.
914 877 1064 950 seq.)
1120 875 1389 932 Rusticus
1413 874 1697 951 Elpidius,
1725 868 2064 933 Theudorici
2090 873 2277 932 ltaliae
2313 877 2464 950 regis
2503 875 2685 932 medi-

608 983 748 1039 cus3
772 973 869 1046 (ν.
893 971 1053 1029 Poet.
1090 972 1293 1029 eccles.
1321 989 1376 1046 p.
1421 969 1556 1028 757.
1598 971 1685 1028 ed.
1715 968 1824 1029 Ge.
1849 970 2123 1045 Fabricii)
2153 970 2429 1029 Claudius
2454 971 2688 1028 Marsas

620 1067 829 1135 Victor,
881 1063 1263 1123 Massiliensis
1313 1066 1505 1123 rhetor
1553 1076 1614 1123 et
1664 1077 1863 1142 poeta3
1931 1067 2009 1141 (v.
2062 1065 2406 1125 Wernsdorf
2445 1067 2486 1125 l.
2537 1067 2575 1123 l.
2628 1082 2686 1143 p.

610 1160 887 1223 val11.·
912 1181 1031 1237 seq.
1059 1172 1118 1219 et
1151 1161 1284 1220 103.
1314 1163 1461 1236 seq.)
1508 1161 1733 1220 Probus
1755 1174 1815 1220 et
1834 1163 1952 1220 alii.

781 1355 828 1422 ᾖ.
872 1349 977 1409 IV.
1019 1354 1119 1409 De
1144 1351 1361 1410 Satiris
1384 1351 1611 1422 Lucilii,
1631 1350 1886 1422 Horatii,
1913 1353 2104 1411 Persii
2126 1362 2188 1413 et
2209 1354 2525 1415 Iuvenalis.
2565 1361 2576 1369 '

689 1476 1018 1536 Declaratis
1050 1476 1186 1553 jam'
1211 1481 1387 1538 variis
1431 1479 1639 1538 Satirae
1667 1478 1834 1540 Rom.
1862 1484 2181 1557 generibus,
2210 1483 2500 1560 poetisque
2542 1488 2687 1542 sati-

614 1572 748 1629 ricis
773 1573 1015 1630 breviter
1054 1576 1369 1644 recensitis,
1398 1594 1549 1632 nunc
1592 1577 1788 1633 horum
1828 1580 2130 1655 principes,
2160 1578 2464 1652 Lucilium,
2498 1579 2689 1639 Hora-

608 1667 773 1735 tium,
799 1668 1056 1725 Persium
1094 1679 1153 1726 et
1180 1664 1215 1724 J
1224 1669 1522 1727 uvenalem
1548 1672 1696 1727 inter
1735 1691 1797 1728 se
1836 1671 2211 1742 conferamus,
2237 1694 2478 1751 quaeque
2504 1679 2687 1734 cuivis

610 1771 671 1818 et
697 1763 940 1820 virtutes
966 1773 1028 1821 et
1051 1764 1194 1820 'vitia
1219 1764 1335 1820 sint
1372 1765 1614 1840 propria,
1642 1765 2025 1842 dispiciamus.
2108 1767 2255 1827 Haec
2297 1781 2490 1828 autem
2531 1764 2687 1829 com·

608 1858 833 1931 paratio
859 1865 985 1914 tota
1022 1855 1140 1914 'fere
1179 1856 1390 1934 pendet
1431 1878 1468 1915 a
1509 1857 1838 1919 diversitate
1879 1873 1999 1920 tam
2039 1864 2414 1940 ingeniorum,
2445 1885 2685 1934 morum,

508 1944 511 1947 “
606 1950 1004 2019 institutionis,
1031 1952 1166 2008 vitae
1192 1952 1619 2028 studiorumque
1660 1956 1911 2030 cujusvis
1952 1969 2160 2034 poetae,
2187 1979 2362 2033 quam
2401 1962 2687 2038 praecipue

610 2045 805 2100 aetatis
830 2045 918 2102 vel
945 2045 1163 2112 saeculi,
1191 2065 1305 2120 quo
1342 2048 1580 2120 quilibet
1604 2051 1784 2108 vixit:
1829 2071 1964 2110 nam
1991 2053 2205 2111 nullam
2232 2074 2464 2131 poeseos
2503 2075 2687 2132 genus

608 2140 794 2214 magis
818 2149 908 2196 est
946 2138 1065 2197 filia
1092 2143 1376 2218 temporis,
1398 2162 1574 2216 quam
1610 2144 1824 2214 Satira,
1851 2166 1980 2222 quae
2020 2150 2153 2207 inde
2193 2149 2470 2227 depromit
2513 2173 2687 2229 argu-

608 2244 826 2302 menta,
853 2253 1193 2309 omnemque
1219 2235 1334 2294 fere
1359 2257 1597 2295 succum
1623 2251 1683 2296 et
1708 2243 1950 2301 colorem
1976 2243 2155 2302 ducit.

693 2328 1040 2400 Luc1L1'Us,
1064 2342 1129 2388 ut
1154 2332 1225 2389 de
1251 2338 1318 2389 eo
1343 2335 1592 2409 primum
1617 2338 1878 2409 quaedam
1907 2351 1966 2397 et
2006 2360 2260 2400 seorsum
2302 2342 2580 2412 dicamus,
2611 2344 2687 2400 ab

609 2423 843 2482 obsessa
880 2424 1235 2502 Carthagine
1277 2427 1351 2485 ad
1380 2426 1623 2488 *initium
1667 2434 1852 2507 quinti
1877 2437 2207 2495 consulatus
2250 2436 2442 2508 Marii,
2468 2438 2528 2494 in
2570 2458 2687 2515 quo

610 2518 824 2577 Cimbri
851 2532 911 2577 et
935 2518 1221 2580 Teutones
1244 2524 1380 2581 victi
1407 2536 1560 2593 sunt,
1586 2526 1835 2602 adeoque
1861 2550 1932 2587 ea
1955 2535 2099 2589 vixit
2117 2545 2310 2602 aetate,
2333 2553 2452 2608 qua
2479 2535 2540 2589 in
2566 2534 2688 2591 dies

608 2615 839 2687 quidem
864 2615 1199 2674 ardescebat
1239 2621 1403 2692 quasi
1444 2631 1756 2693 certamen,
1784 2626 1843 2681 in
1884 2628 2035 2700 quod
2077 2629 2300 2703 antiqui
2343 2648 2528 2686 mores
2554 2648 2685 2687 cum

609 2712 786 2779 novis,
814 2714 1068 2787 probitas
1094 2732 1225 2770 cum
1251 2715 1612 2790 inprobitate,
1635 2711 2063 2790 descenderant,
2092 2724 2191 2781 sed
2228 2727 2410 2782 virtus
2435 2726 2685 2802 pleniore

607 2805 797 2862 adhuc
821 2811 917 2862 ore
943 2809 1248 2881 palamque
1282 2809 1630 2893 laudabatur
1656 2824 1715 2869 et
1732 2811 2059 2876 innocentia
2077 2820 2322 2876 amultis
2348 2824 2686 2897 protegeba-

610 2909 740 2965 tur;
784 2909 901 2972 qua
926 2917 1197 2957 numerus
1236 2900 1588 2962 infirmorum
1630 2919 2077 2987 aegrotorumque
2102 2914 2352 2988 quotidie
2380 2917 2682 2992 gliscebat,

612 2994 715 3051 sed
737 3008 851 3051 non
877 2994 1112 3051 deerant
1138 2996 1363 3066 medici,
1391 3019 1629 3074 quorum
1659 3006 1907 3065 remedia
1932 3010 1981 3065 si
2008 3029 2121 3086 non
2148 3023 2402 3070 arcerent
2423 3016 2684 3089 contagi-

610 3107 778 3146 onem
802 3099 1153 3166 pestemque,
1180 3111 1255 3149 ex
1281 3093 1443 3165 Asia,
1469 3095 1698 3157 Graecia
1718 3112 1777 3158 et
1806 3101 2150 3165 Macedonia
2176 3110 2540 3185 inportatam,
2565 3110 2686 3169 sal-

609 3194 725 3242 tem
751 3186 872 3242 vim
898 3188 1020 3259 ejus
1054 3186 1473 3265 'infringerentg
1516 3213 1634 3269 qua
1671 3196 1859 3257 adhuc
1899 3202 2060 3259 bonis
2098 3207 2286 3280 potius
2312 3226 2485 3281 quam
2511 3208 2686 3265 malis

611 3280 854 3349 artibus,
882 3292 942 3338 et
979 3283 1287 3342 virtutibus
1328 3289 1515 3363 magis
1541 3308 1714 3365 quam
1754 3296 2053 3355 nobilitate
2089 3311 2149 3357 et
2184 3301 2397 3359 divitiis
2423 3322 2685 3361 summus

608 3374 913 3453 dignitatis
938 3378 1150 3453 gradus
1174 3381 1558 3455 obtinebatur,
1586 3398 1645 3444 et
1658 3387 1903 3463 juvenes
1927 3395 2143 3469 virique
2183 3399 2465 3455 natalium
2491 3400 2683 3477 splen-

598 3470 741 3531 dore
779 3474 1070 3549 conspicui
1103 3476 1267 3535 bonis
1306 3483 1604 3559 exemplis,
1633 3484 1904 3563 adspectu
1949 3491 2263 3569 imaginum
2303 3505 2363 3552 et
2408 3499 2683 3556 memoria

606 3585 790 3625 rerum
821 3572 1544 3650 a'majoribus'gestarum,
1574 3579 1869 3642 ad‘mores
1908 3605 2100 3645 eorum
2139 3600 2469 3650 constanter
2509 3604 2682 3651 tuen·

607 3660 730 3730 dos,
754 3673 817 3719 et
842 3664 915 3720 ad
937 3684 1026 3735 ea,
1055 3684 1186 3741 quae
1210 3670 1473 3741 honesta,
1500 3677 1776 3750 praeclara
1799 3691 1858 3737 et
1884 3682 2196 3758 magnifica
2220 3698 2376 3755 sunt,
2403 3690 2684 3754 sectanda

607 3754 1144 3830 inflammabantur3
1188 3781 1306 3838 qua
1344 3766 1586 3828 libertas*
1603 3770 1873 3847 loquendi
1896 3779 2288 3857 scribendique
2314 3784 2563 3841 nondum
2588 3788 2681 3845 vel

605 3849 828 3925 legibus
850 3853 943 3910 vel
970 3866 1126 3912 metu
1154 3868 1521 3931 tyrannorum
1547 3867 1788 3941 praecisa
1813 3882 1955 3941 erat,
1983 3893 2166 3950 neque
2192 3897 2407 3955 magna
2446 3883 2535 3939 vel
2577 3905 2678 3960 ge-

607 3944 870 4002 neris'vel
897 3946 1109 4007 ordinis
1133 3954 1281 4010 ratio
1320 3956 1671 4029 habebatur3
1712 3982 1829 4038 qua
1852 3978 2128 4042 praeterea
2154 3969 2422 4043 Romani,
2450 3981 2681 4056 scriptis

607 4033 917 4132 Menandri
940 4042 1288 4121 aliorumque
1316 4047 1645 4113 Graecorum
1668 4061 1905 4131 exculti,
1935 4065 2059 4138 jam
2085 4087 2250 4143 paene
2275 4085 2556 4131 exuerant
2581 4094 2677 4132 ru·

605 4132 810 4191 stieam
826 4135 1438 4220 jocorummorumq'ue
1479 4153 1864 4227 asperitatem,
1899 4169 1958 4216 et
1998 4162 2255 4238 linguam
2297 4187 2461 4226 suam
2501 4172 2678 4247 plane
