2978 4920
625 351 758 421 seo
1336 345 2022 439 suvaNALrs

701 539 1024 627 Principio
1053 536 1315 602 indulsit
1331 540 1700 604 communis
1729 533 2025 603 conditor
2048 532 2176 604 iffis

702 645 988 708 Tantum
1018 642 1278 718 animas,
1310 641 1494 704 nobis
1521 640 1802 706 animum
1833 635 2132 728 quoque,
2149 653 2419 707 mutuus
2446 656 2522 709 ut
2550 647 2663 709 nos

696 747 1014 811 Adfectus
1042 756 1256 832 petere
1285 743 1599 808 auxilium
1628 756 1693 809 et
1720 755 2025 830 praestare
2047 745 2329 831 juberet,
2582 749 2705 811 150

699 847 1031 934 Dispersos
1059 845 1308 911 trahere
1336 845 1403 908 in
1433 845 1769 932 populum,
1802 843 2074 931 migrare
2103 857 2359 911 vetusto

698 951 800 1014 De
828 972 1101 1027 nemore,
1132 962 1196 1014 et
1225 948 1479 1040 proavis
1508 947 1825 1012 habitatas
1853 946 2142 1035 linquere
2170 948 2397 1025 silvas3
2422 964 2426 968 '

696 1050 1041 1113 AEdificare
1070 1049 1312 1127 domos,
1345 1049 1623 1114 Laribus
1652 1050 1789 1135 conj
1798 1071 2035 1134 ungere
2063 1041 2295 1114 nostris

698 1152 974 1215 Tectum
1005 1150 1202 1228 aliud,
1234 1161 1410 1214 tutos
1438 1149 1645 1213 vicino
1675 1149 1892 1216 limine
1922 1173 2172 1215 somnos

698 1252 794 1319 Ut
822 1253 1070 1318 conlata
1097 1253 1277 1317 daret
1305 1251 1578 1325 fiducia3
1626 1263 1959 1338 protegere
1988 1253 2180 1316 armis
2290 1265 2307 1280 ⁶
2570 1254 2693 1316 155

653 1355 656 1356 ⁷
693 1356 1002 1435 Labsum,
1032 1369 1146 1422 aut
1174 1355 1416 1442 ingenti
1445 1365 1777 1420 nutantem
1806 1355 2067 1420 vulnere
2098 1356 2322 1432 civem,

692 1460 1035 1524 Communi
1065 1458 1215 1523 dare
1246 1458 1425 1543 signa
1454 1455 1667 1534 turba,-
1702 1455 2031 1520 defendier
2057 1457 2257 1521 isdem

696 1560 1041 1636 Τυιτὶἰωε,
1072 1571 1267 1644 atque
1295 1580 1425 1621 una
1451 1569 1783 1643 portarum
1812 1557 1988 1620 clave
2015 1556 2235 1624 teneri.

696 1663 822 1727 Sed
842 1663 978 1750 jam
1011 1673 1374 1749 serpentum
1399 1660 1608 1747 ‚major
1634 1660 1986 1725 concordia.
2032 1659 2236 1746 parcit
2261 1745 2268 1752 .
2654 1732 2659 1750 Ἴ,

695 1765 998 1852 Cognatis
1026 1764 1290 1830 maculis
1319 1762 1537 1828 similis
1564 1763 1718 1828 fera.
1762 1762 2023 1849 quando
2052 1762 2218 1826 leoni
2573 1762 2702 1828 160·

693 1868 949 1932 Fortior
976 1866 1211 1954 eripuit
1244 1866 1439 1930 vitam
1469 1865 1567 1928 leo
1591 1870 1621 1927 ?
1665 1888 1795 1951 quo
1824 1887 2076 1928 nemore
2107 1888 2417 1950 umquam
2694 1862 2699 1867 ’

629 2003 634 2012 ν
692 1970 1064 2056 Exspiravit
1094 1992 1245 2054 aper
1274 1967 1530 2053 majoris
1558 1966 1860 2032 dentibus
1887 1966 2074 2054 apri?

691 2070 916 2136 Indica
944 2068 1126 2154 tigris
1155 2068 1287 2155 agit
1316 2068 1541 2134 rabida
1568 2089 1715 2136 cum
1746 2067 1977 2154 tigride
2004 2091 2226 2155 pacem

691 2174 1110 2258 Perpetuam:
1161 2171 1342 2235 saevis
1369 2172 1538 2236 inter
1566 2194 1630 2234 se
1660 2169 1953 2235 convenit
1980 2170 2166 2236 ursis.

690 2275 814 2338 Ast
845 2272 1084 2337 homini
1113 2272 1353 2337 ferrum
1390 2271 1576 2337 letale
1605 2271 1836 2336 incude
1866 2271 2139 2337 nefanda
2435 2285 2440 2290 “
2576 2267 2695 2337 165

689 2374 1077 2439 Produxisse
1105 2396 1333 2462 parum
1363 2384 1496 2447 est;
1546 2394 1749 2460 quum
1779 2383 1984 2436 rastra
2012 2384 2076 2437 et
2109 2373 2355 2437 sarcula
2388 2384 2642 2436 tantum

686 2475 965 2541 Adsueti
993 2498 1285 2562 coquere,
1315 2486 1379 2540 et
1409 2474 1632 2541 marris
1659 2498 1733 2538 ac
1764 2497 2018 2538 vomere
2046 2474 2194 2539 lassi
2336 2476 2344 2483 ’

627 2594 630 2597 ’
686 2578 1040 2644 Nescierint
1069 2578 1257 2665 primi
1285 2578 1532 2665 gladios
1559 2576 1909 2642 extundere
1937 2577 2123 2642 fabri.

633 2791 695 2827 uo
727 2776 832 2824 loco
861 2775 1004 2822 verba
1038 2772 1181 2823 etiam
1213 2773 1387 2886 petitai)
1415 2775 1610 2824 Sallust.
1742 2773 1850 2821 155.
1893 2771 1958 2820 Ut
1991 2775 2183 2830 conlata,
2221 2780 2404 2823 mutua.
2430 2774 2613 2837 fiducia
2643 2782 2688 2822 et

647 2878 661 2892 .
684 2841 793 2889 Cat.
825 2839 869 2886 1.
887 2837 969 2886 ubi
992 2855 1036 2886 v.
1059 2840 1216 2894 Corte,
1241 2840 1344 2887 Her
1378 2838 1442 2887 eri
1462 2840 1611 2888 Ideen
1675 2851 1782 2902 spes
1802 2836 1964 2884 auxilii
1984 2838 2127 2887 etiam
2147 2846 2289 2887 noctu
2312 2847 2431 2887 tutos
2449 2846 2689 2904 praestaret

602 2922 682 2956 zur
734 2902 924 2953 Philoso
957 2900 1032 2949 hie
1084 2902 1166 2951 der
1207 2902 1492 2952 Geschichte
1528 2902 1614 2951 der
1674 2900 1887 2949 homines
1919 2904 2061 2951 vicino
2095 2905 2260 2959 limine,
2293 2902 2475 2967 junctis
2512 2903 2691 2952 edibus

603 2966 906 3020 Menschheit
956 2968 984 3017 ¹.
1007 2966 1050 3013 1.
1071 2984 1119 3032 p.
1140 2968 1255 3015 219.
1275 2982 1406 3032 seqq.
1440 2968 1610 3026 Prona,
1674 2973 1723 3015 et
1742 2964 1895 3014 vicino
1915 2981 2050 3031 opem
2075 2968 2248 3016 ferente
2270 2967 2454 3016 vicinis.

603 3034 842 3089 animalia,
865 3030 928 3079 ad
950 3039 1119 3080 terram
1139 3031 1399 3080 incurvata.
1745 3030 1852 3078 156.
1876 3040 2123 3089 nutantem,
2145 3032 2405 3080 labantem.

671 3098 940 3145 148-158.
960 3096 1188 3160 Egregius
1203 3097 1349 3153 locus,
1365 3111 1610 3161 expressus
1740 3095 2012 3144 158—174.
2062 3097 2246 3160 Magna
2289 3095 2513 3145 orationis
2551 3097 2597 3144 vi
2637 3103 2683 3144 et

600 3164 717 3213 forte
738 3176 765 3208 e
795 3160 899 3209 Cic.
932 3160 992 3208 de
1026 3160 1211 3212 invent.
1230 3161 1274 3209 Ι.
1300 3162 1350 3211 2.
1371 3168 1420 3209 et
1441 3161 1610 3210 Horat.
1673 3160 1918 3208 verborum
1951 3159 2181 3224 gravitate
2209 3159 2478 3225 increpatur
2511 3159 2683 3217 odium,

603 3228 669 3277 A.
689 3227 747 3274 P.
781 3223 1057 3272 391—399.
1123 3226 1304 3280 Anima,
1338 3224 1425 3273 Gr.
1449 3225 1616 3289 spaza,
1672 3238 1765 3285 quo
1787 3239 1838 3272 se
1858 3223 2063 3273 invicem
2087 3233 2432 3289 prosequuntur
2456 3224 2682 3273 homines.

602 3299 676 3342 est
707 3289 774 3345 id,
806 3302 901 3352 quo
936 3285 1119 3343 viwunt,
1157 3288 1379 3345 sentiunt,
1420 3303 1476 3336 ac
1509 3304 1608 3338 mo·
1678 3288 1947 3337 158—164.
1983 3290 2102 3337 Haec
2124 3288 2282 3337 sinon
2304 3304 2509 3354 prorsus,
2531 3296 2685 3336 tamen

601 3363 770 3406 ventur
802 3359 851 3400 et
883 3350 1094 3400 homines
1123 3359 1172 3400 et
1204 3360 1361 3400 cetera
1395 3351 1609 3402 animan-
1672 3352 1928 3400 maximam
1959 3360 2139 3419 partem
2158 3352 2344 3401 veritati
2376 3361 2689 3403 consentanea

600 3420 686 3479 tia,
721 3433 828 3485 quae
864 3416 976 3465 inde
1009 3430 1179 3465 nomen
1206 3416 1402 3472 habent,
1432 3416 1504 3465 vis
1537 3418 1608 3467 vi-
1673 3424 1799 3472 sunt,
1838 3423 1885 3464 et
1922 3417 1971 3466 h.
2009 3417 2045 3467 1.
2082 3416 2342 3482 aptissima.
2411 3417 2567 3466 Feras
2594 3433 2684 3466 non

600 3485 726 3543 talis,
779 3480 1056 3557 vegetabilis
1110 3496 1166 3530 ac
1213 3481 1451 3538 sensitiva,
1496 3497 1604 3545 quae
1669 3480 1757 3528 nisi
1789 3480 1840 3535 in
1862 3479 2046 3530 diversa
2078 3497 2252 3546 genera
2283 3481 2465 3538 saevire,
2489 3489 2680 3530 conten-

600 3550 776 3615 plantis
812 3555 954 3596 ettam
992 3553 1041 3595 et
1077 3545 1318 3594 arboribus
1357 3544 1602 3594 tribuitur:
1670 3544 1789 3595 dunt
1821 3545 1965 3593 etiam
1995 3545 2092 3595 alii.
2156 3545 2318 3595 Sedv.
2334 3545 2601 3596 Mitscherl.
2623 3545 2681 3594 ad

600 3617 792 3667 animus,
823 3613 910 3665 ναῦς
942 3617 991 3660 et
1022 3610 1143 3678 φρὴν,
1171 3617 1243 3658 est
1273 3626 1425 3666 mens,
1448 3610 1524 3659 vel
1555 3611 1607 3660 id
1671 3610 1841 3659 Horat.
1862 3611 1905 3658 E
2003 3645 2015 3658 .
2035 3610 2158 3659 VII.
2179 3611 2258 3658 11.
2286 3611 2360 3659 12.
2381 3618 2432 3660 et
2447 3610 2684 3661 Harduin.

602 3678 732 3743 quod
781 3677 832 3724 in
872 3675 1007 3724 nobis
1045 3675 1237 3740 cogitat,
1280 3673 1502 3739 intelligit
1550 3691 1606 3724 ac
1671 3674 1734 3722 ad
1757 3671 1881 3724 Plin.
1955 3675 2028 3723 11.
2051 3677 2095 3724 1.

599 3741 720 3796 vult,
743 3747 792 3788 et
806 3754 898 3803 quo
916 3738 1137 3803 sapimus.
1739 3739 1849 3788 160.
1894 3739 2105 3804 Cognatas
2142 3740 2346 3795 mandis,
2384 3738 2435 3786 h.
2473 3753 2516 3787 e.
2558 3738 2679 3793 fere,

668 3804 776 3853 150.
808 3817 907 3865 seq.
940 3803 1133 3852 Mutuus
1168 3802 1371 3868 adfectus
1399 3802 1606 3854 benevo·
1670 3802 1860 3852 easdem
1892 3803 2104 3852 maculas
2123 3803 2334 3860 habenti,
2364 3805 2517 3864 parcit
2533 3804 2682 3852 antitis

598 3868 756 3921 lentiae
789 3873 929 3929 atque
958 3867 1142 3922 amoris,
1162 3875 1212 3916 et
1228 3868 1487 3918 communis
1514 3869 1607 3918 uti·
1654 3867 1786 3931 sera,
1816 3867 1996 3943 pardus
2026 3867 2192 3934 'pai-do,
2225 3869 2339 3935 lynx
2371 3867 2520 3932 lynci,
2555 3866 2680 3931 tigris

597 3936 711 3984 litas
745 3938 854 3981 sunt
885 3928 1075 3978 vincula
1105 3931 1339 3981 societatis
1368 3934 1607 3991 humanm,
1671 3930 1847 3995 tigridi.
2374 3958 2377 3961 Δ
2401 3938 2411 3944 '

599 3998 726 4066 quod
743 3994 966 4062 praeclare
981 3992 1118 4063 docet
1164 4004 1288 4046 oeta.
1741 3996 2013 4046 165-171.
2050 3996 2280 4046 Homines
2314 4010 2414 4044 non
2454 3996 2595 4045 modo
2632 3998 2679 4045 se

669 4065 778 4113 151.
812 4059 890 4109 cf.
922 4058 1090 4107 Horat.
1159 4067 1226 4108 at.
1258 4061 1304 4108 Ι.
1335 4063 1383 4109 3.
1420 4063 1531 4110 105.
1563 4069 1612 4111 et
1671 4060 1875 4111 invicem
1906 4060 2125 4110 occidunt
2147 4061 2291 4118 'fer-ro,
2311 4061 2396 4108 sed
2428 4061 2573 4109 etiam
2604 4072 2677 4108 co·

604 4127 710 4177 Cic.
731 4127 875 4174 Tusc.
893 4126 1074 4182 Quest.
1094 4122 1160 4170 V.
1180 4124 1228 4170 2.
1251 4139 1290 4171 s.
1310 4126 1358 4172 5.
1382 4125 1611 4187 Dispersus
1670 4123 1884 4174 medunt.
1916 4124 2131 4190 affunde,
2154 4125 2398 4191 epitheton
2428 4125 2497 4174 rei
2525 4132 2575 4174 et
2598 4123 2678 4172 adss

599 4191 813 4242 homines
854 4189 1044 4243 trahere,
1082 4186 1371 4244 contrahere,
1413 4206 1607 4256 congre-
1671 4190 1813 4238 fectui
1833 4189 2143 4255 aptissimum.

539 4259 542 4263 '
596 4272 731 4322 gare,
752 4258 804 4302 in
822 4255 1052 4313 populum,
1075 4250 1333 4302 civitatem.
1741 4255 2011 4304 166—168.
2044 4254 2193 4303 Primi
2223 4252 2345 4302 fabri
2366 4269 2427 4302 ex
2458 4252 2578 4303 ferro
2609 4253 2674 4300 in·

672 4321 778 4368 152.
815 4316 892 4367 cf.
920 4333 1023 4380 sup.
1056 4314 1151 4365 VI.
1186 4317 1234 4364 2.
1274 4318 1322 4365 3.
1350 4321 1543 4378 proavis,
1579 4337 1607 4370 a
1671 4326 1927 4369 strumenta
1964 4320 2138 4368 rustica
2169 4318 2420 4384 parabant,
2451 4333 2548 4366 non
2579 4318 2677 4382 gla-

600 4382 870 4444 majoribus.
939 4381 1041 4428 153.
1062 4381 1242 4438 laribus,
1264 4380 1456 4430 aedibus.
1671 4384 1790 4433 dios.
1857 4384 1966 4433 168.
1997 4386 2237 4434 extundere
2264 4381 2450 4432 doctius
2480 4398 2565 4447 pro
2595 4396 2671 4430 ex·
