2978 4920
1024 299 1467 388 sA'rmA‘
1534 304 1663 370 x1.

2261 305 2387 374 279

401 493 605 557 Nemo
632 492 797 556 inter
823 513 1004 556 curas
1030 502 1095 555 et
1126 490 1285 555 seria
1311 490 1503 555 duxi't
1529 486 1914 565 habendum,
2013 525 2018 528 -

397 594 615 671 Qualis
643 594 707 675 in
739 592 969 658 Oceani
997 592 1200 686 fluctu
1228 592 1484 658 testudo
1512 603 1780 669 nataret,

398 694 655 758 Clarum
688 693 1071 780 Trojugenis
1097 692 1348 758 factura
1374 717 1447 758 ac
1475 692 1686 758 nobile
1711 692 2025 756 fulcrum:

2299 695 2385 760 95

397 795 520 859 Sed
549 795 723 859 nudo
751 795 943 859 latere
972 806 1035 858 et
1065 793 1274 880 parvis
1304 793 1491 859 frons·
1514 815 1678 858 aerea
1705 792 1878 857 lectis
1935 843 1940 852 .

391 898 529 962 Vile
565 898 841 963 coronati
871 910 1064 984 caput
1093 897 1464 962 ostendebat
1496 896 1693 974 aselli,

393 998 504 1062 Ad
531 985 708 1085 quod
736 999 949 1087 lascivi
979 998 1284 1062 ludebant
1312 998 1479 1061 ruris
1509 998 1764 1062 alumni.

394 1099 585 1164 Tales
613 1124 765 1186 ergo
792 1100 940 1177 cibi,
970 1099 1176 1185 qualis
1204 1099 1434 1163 domus
1461 1110 1657 1184 atque
1685 1099 1984 1185 supellex.

394 1200 583 1265 Tunc
610 1200 791 1264 rudis
820 1213 883 1264 et
914 1200 1142 1263 Graias
1169 1198 1384 1263 mirari
1412 1199 1658 1262 nescius
1686 1212 1876 1277 arte8‚

2257 1200 2384 1263 100

389 1299 680 1364 Urbibus
709 1299 957 1376 eversis,
988 1299 1349 1385 proedarum
1379 1298 1444 1362 in
1474 1311 1655 1385 parte
1684 1313 1935 1387 reperta

389 1399 776 1484 Magnorum
805 1399 1115 1465 artificum
1146 1399 1479 1485 frangebat
1509 1399 1740 1484 pocula
1766 1400 1967 1479 miles,

389 1500 487 1563 Ut
516 1500 788 1587 phaleris
815 1501 1119 1587 gauderet
1149 1524 1375 1586 equuS,
1406 1500 1755 1587 caelataque
1784 1501 1973 1566 cassis

303 1674 371 1722 dii
401 1676 601 1727 Neronis
634 1693 690 1726 ac
719 1679 795 1726 Μ.
817 1676 941 1726 Livii
967 1676 1241 1727 Salinatoris
1263 1695 1310 1730 a.

304 1740 414 1787 549.
438 1739 497 1789 de
517 1756 612 1804 qua
631 1758 677 1789 v.
700 1742 808 1790 Liv.
829 1742 1017 1789 XXIX.
1039 1743 1117 1790 37.
1143 1742 1207 1791 al.

365 1804 445 1851 93.
466 1820 564 1868 seq.
588 1804 692 1853 Illis
718 1804 1004 1869 temporibus
1027 1820 1164 1853 nemo
1183 1806 1311 1854 solli-

302 1865 427 1914 citus
446 1866 534 1915 fuit
553 1868 613 1917 de
632 1869 756 1917 lecto
776 1868 1011 1918 testudine
1041 1869 1310 1919 exornando

303 1928 489 1994 aliaque
500 1933 798 1997 supellectilis
812 1932 1161 1997 magnificentia
1179 1949 1307 1982 com-

301 1995 529 2057 paranda.
594 1997 745 2046 Poeta
759 2013 934 2046 mernor
950 1997 997 2045 h.
1020 1998 1055 2047 1.
1074 1998 1216 2047 fuisse
1236 1998 1307 2046 vi-

303 2056 439 2106 detur
464 2059 735 2109 nobilissimi
758 2061 816 2110 de
848 2061 1068 2110 laudibus
1088 2062 1198 2109 vitae
1229 2077 1305 2110 ru-

301 2121 432 2171 sticae
455 2123 544 2173 loci
576 2140 652 2189 ap.
671 2125 807 2188 Virg.
829 2125 920 2173 Ge.
945 2126 1019 2173 II.
1039 2126 1149 2175 462.
1175 2140 1306 2190 seqq.

299 2186 379 2233 94.
400 2188 480 2235 95.
515 2187 591 2237 cf.
626 2187 689 2236 ad
715 2189 810 2236 VI.
831 2190 910 2236 80.
942 2188 1067 2236 Plin.
1100 2189 1193 2236 IX.
1233 2191 1307 2237 10.

306 2250 381 2296 11.
405 2267 442 2298 s.
469 2253 545 2299 12.
569 2253 644 2299 13.
667 2252 885 2299 XXXII.
908 2252 956 2299 4.
982 2261 1030 2300 et
1052 2252 1164 2299 Sen.
1187 2253 1307 2300 Ben.

302 2313 426 2362 VII.
445 2315 493 2362 9.
527 2315 587 2363 In
612 2315 771 2363 multis
790 2314 920 2364 libris
939 2314 986 2363 h.
1008 2316 1043 2364 l.
1063 2315 1234 2377 legitur
1256 2319 1307 2365 in

296 2393 459 2425 oceano
475 2379 650 2443 fluctu,
684 2387 737 2427 ut
767 2379 852 2426 inf.
881 2396 928 2427 v.
956 2381 1061 2428 113.
1096 2380 1222 2427 litore
1252 2383 1307 2428 ab

298 2458 482 2491 oceano.-
515 2458 602 2492 nec
634 2442 822 2492 defuere
853 2442 939 2492 viri
971 2442 1114 2499 docti,
1137 2442 1307 2507 quibus

294 2513 548 2571 utrumque
599 2507 845 2556 adrideret.
922 2507 1018 2556 Sed
1073 2509 1303 2573 exempla,

296 2585 408 2634 quae
436 2572 706 2629 laudantur,
736 2573 810 2620 vel
838 2571 983 2620 dubia
1014 2580 1138 2628 sunt,
1167 2572 1304 2634 (nam

298 2651 421 2684 mare
451 2636 649 2684 Oceanus
679 2644 726 2684 et
760 2637 812 2684 in
843 2644 1009 2710 quarto
1041 2652 1153 2685 casu
1184 2651 1306 2684 mare

297 2716 522 2756 oceanum,
566 2716 660 2748 non
709 2700 938 2765 adjective
978 2700 1145 2749 dicitur
1186 2701 1302 2748 Tac.

300 2762 425 2812 Hist.
446 2765 539 2813 IV.
560 2766 635 2813 12.
657 2772 706 2813 et
727 2766 851 2814 Caes.
870 2766 932 2813 B.
952 2765 1016 2814 G.
1034 2766 1135 2814 III.
1152 2765 1199 2812 7.
1220 2764 1302 2813 sed

292 2833 350 2874 ut
385 2828 567 2877 Rhenus
601 2832 743 2877 amnis
770 2829 887 2889 cet.)
907 2829 982 2879 vel
1015 2843 1073 2878 ex
1111 2836 1304 2879 recentt.

292 2892 447 2955 petita
474 2892 787 3003 scggmribu&
849 2895 930 2942 95.
956 2893 1229 2958 Trcy'ugem's,
1251 2901 1305 2942 ut

293 2955 612 3093 {nazffx'nlqupl
625 2956 708 3066 {gl
716 2965 902 3069 {Lug}-
926 3020 1059 3069 Lecti
1076 2973 1302 3070 turicliffilal:

290 3098 369 3132 res
389 3097 626 3148 praecipua
644 3084 947 3148 supellectilis
965 3100 1089 3148 pars.

356 3148 440 3196 96.
461 3150 584 3195 nudo
602 3149 755 3204 latere,
773 3164 867 3197 non
888 3155 1052 3196 ornata
1071 3149 1302 3198 testudine

294 3211 376 3258 vel
409 3218 601 3276 argento
628 3227 799 3260 aurove
831 3211 1025 3277 sponda.
1042 3212 1194 3276 frons,
1218 3229 1301 3262 an-

293 3274 436 3323 terior
449 3291 559 3342 pars
576 3276 687 3325 lecti
704 3285 753 3325 et
770 3276 905 3325 altior
921 3275 981 3323 ad
1000 3290 1059 3323 ca
1090 3286 1159 3333 ut,
1173 3294 1301 3334 «εγω,

296 3338 478 3388 lamina
519 3339 623 3388 aeris
662 3340 894 3390 obducta:
948 3354 1013 3403 qu
1115 3341 1304 3389 unicum

295 3402 387 3450 fuit
424 3406 540 3460 lecti,
576 3412 626 3453 et
664 3403 856 3469 quidem
892 3403 1041 3470 parvi,
1075 3404 1164 3468 (cf.
1201 3420 1304 3471 sup.

295 3467 400 3515 111.
421 3469 556 3532 203.)
579 3476 917 3517 ornamentum.

312 3554 315 3557 ·
364 3533 444 3580 97.
476 3531 633 3596 Hujus
673 3533 788 3582 ritus
837 3547 1028 3582 causam
1073 3532 1306 3582 Ferrarius

298 3594 456 3644 Elect.
476 3597 547 3644 11.
568 3599 649 3645 26.
673 3597 775 3661 jam
803 3606 930 3646 recte
961 3594 1098 3662 petiit
1118 3599 1178 3646 ab
1201 3598 1305 3661 Hy·

295 3658 428 3722 gino,
442 3659 536 3708 fab.
554 3659 961 3773 CCLXXIVfr.
978 3662 1111 3724 cujus
1126 3662 1214 3710 loci
1235 3663 1307 3709 la·

290 3737 469 3771 cunam
486 3723 554 3771 ita
572 3726 829 3790 subplevit:
906 3728 1052 3789 ntiqui
1084 3729 1223 3774 nostri
1256 3729 1305 3774 in

295 3788 421 3845 lectis
442 3790 760 3838 melium-ibus
778 3794 827 3838 in
832 3789 1007 3854 fulcris
1023 3793 1173 3852 capita
1191 3792 1301 3838 asel-

295 3853 441 3899 lorum
476 3855 564 3900 vite
601 3855 803 3918 adligata
838 3856 1100 3908 habuerunt,
1133 3856 1305 3920 signifi-

295 3925 446 3964 canus
463 3918 578 3979 quod
598 3922 822 3980 pampinos
837 3922 1116 3980 proerodendo
1143 3928 1305 3980 putare

294 3981 406 4027 vites
437 3983 653 4038 docuerit,
820 3985 901 4030 -ita
922 3986 1017 4032 vini
1047 3986 1306 4032 suavitatem

295 4045 532 4093 inverterit.
565 4045 674 4106 (cf.
690 4046 757 4094 ibi
775 4048 1024 4096 Muncker.
1037 4055 1089 4095 et
1096 4048 1305 4097 Pausan.

297 4108 372 4155 11.
390 4109 501 4168 38.)
568 4109 709 4157 Frons
740 4111 899 4174 itaque
929 4113 1030 4160 lecti
1046 4115 1306 4169 mandabat,

296 4171 554 4220 videndum
587 4174 827 4237 praebebat
857 4184 993 4236 caput
1027 4177 1168 4231 aselli,
1209 4177 1308 4223 effi-

294 4235 626 4301 giem,capitis
658 4237 842 4294 asinini,
866 4237 915 4285 in
946 4253 1004 4286 ea
1025 4253 1308 4304 expressam,

292 4300 369 4348 vel
408 4301 564 4365 potius
586 4308 729 4367 caput
752 4302 844 4351 vite
865 4300 1152 4367 adligatum».
1186 4302 1312 4352 unde

1373 1677 1473 1728 h.1.
1503 1680 1599 1727 Vite
1613 1682 1809 1727 coronati
1829 1678 2103 1744 suspicarer,
2125 1678 2215 1726 nisi
2235 1678 2380 1745 epith.

1371 1744 1460 1791 vite
1488 1743 1539 1791 h.
1560 1744 1594 1791 l.
1627 1742 1917 1807 aptissimum
1951 1751 2100 1802 esset;
2140 1757 2248 1790 nam
2289 1744 2380 1792 hoc

1371 1809 1458 1855 vile
1491 1815 1815 1855 ornamentum
1847 1815 1964 1863 erat,
1998 1806 2037 1854 si
2071 1808 2191 1855 claro
2225 1807 2296 1855 illi
2326 1823 2384 1855 ae

1369 1872 1505 1919 nobile·
1510 1871 1673 1935 fulcro
1688 1878 1993 1934 comparetur.
2060 1871 2199 1919 From
2220 1880 2379 1919 autem

1371 1934 1420 1983 h.
1441 1936 1475 1983 1.
1506 1933 1752 1998 designare
1783 1934 1966 1990 videtur
1998 1933 2149 1983 fulcra
2182 1935 2293 1984 lecti
2326 1936 2379 1983 in

1372 1996 1597 2047 anteriore
1624 1998 1725 2061 ejus
1790 2005 1915 2059 arte3
1949 1999 2074 2062 quod
2107 2014 2166 2048 ex
2197 1998 2379 2063 Hygia.

1369 2062 1404 2111 l.
1426 2063 1460 2113 l.
1476 2062 1715 2127 probabile
1777 2070 1808 2110 t.
1842 2065 2051 2119 coronati,
2074 2062 2222 2119 sertis,
2244 2071 2377 2127 puto,

1369 2141 1463 2174 non
1500 2126 1717 2192 panibus,
1752 2135 1806 2174 ut
1839 2126 1891 2174 in
1933 2126 2077 2175 sacris
2104 2128 2283 2183 Veste,
2316 2127 2380 2176 de

1370 2205 1463 2253 quo
1500 2206 1549 2238 v.
1581 2189 1724 2239 ovid.
1756 2191 1883 2238 Fast-
1915 2191 2009 2240 VI.
2040 2191 2151 2239 311.
2182 2199 2232 2240 et
2262 2192 2377 2240 319.

1913 2268 2133 2318 reponere
2164 2258 2380 2304 coronatis

1598 2324 1615 2363 t
1636 2316 1733 2364 scil.
1753 2316 1976 2372 convivis,
1999 2325 2053 2364 ut
2083 2333 2138 2364 su
2172 2350 2185 2363 .
2207 2319 2271 2366 V.
2288 2320 2373 2367 36.

1371 2379 1581 2438 Quidam
1613 2378 1800 2428 emend.
1833 2389 2140 2429 coronatae-ase
2158 2384 2233 2437 ιω,
2268 2382 2377 2430 coll.

1370 2443 1560 2494 Pallad.
1592 2444 1635 2493 I.
1661 2445 1741 2493 35.
1773 2444 1851 2493 16.
1882 2453 1931 2493 et
1960 2443 2147 2493 Colum.
2173 2445 2236 2492 X.
2261 2446 2375 2497 344.

1369 2508 1464 2557 Sed
1493 2507 1770 2573 superstitio,
1791 2509 1853 2557 ab
1873 2509 1947 2557 his
1966 2516 2237 2566 memorata,
2261 2508 2374 2557 alie·

1367 2587 1432 2621 na
1455 2579 1526 2621 est
1546 2574 1606 2621 ab
1640 2571 1687 2620 h.
1709 2573 1743 2621 l.
1765 2572 1846 2620 ubi
1874 2574 1935 2621 de
1964 2573 2098 2621 lectis
2128 2572 2374 2621 conviviis-

1367 2651 1476 2699 que,
1513 2652 1607 2685 non
1642 2635 1702 2683 de
1743 2635 1866 2710 agris
1898 2638 2067 2699 agitur.
2140 2638 2220 2684 98.
2253 2640 2377 2686 ruri·

1364 2702 1554 2758 alumni,
1579 2699 1739 2750 rustici
1772 2699 2006 2761 infantes3
2046 2697 2158 2756 vivi,
2195 2700 2372 2764 opinor,

1364 2780 1458 2814 non
1473 2764 1630 2815 efficti.
2147 2800 2157 2811 .
2219 2784 2222 2789 ·

1429 2831 1514 2881 99.
1547 2828 1845 2879 Praestiterit:
1874 2830 2036 2884 Quales
2050 2845 2154 2894 ergo
2173 2830 2274 2884 cibi,
2288 2827 2378 2892 (de

1367 2893 1537 2967 quibus
1564 2911 1607 2943 v.
1635 2910 1737 2960 sup.
1770 2911 1820 2943 v.
1840 2895 1918 2942 77.
1948 2892 2104 2957 seqq.)
2125 2894 2229 2940 talis
2247 2893 2372 2956 (tam

1364 2958 1925 3071 *qfflissimissf'ssiff
1939 2959 2376 3086 ffissssoffssffl..

1365 3085 1539 3135 eximia
1573 3101 1705 3143 vasa,
1744 3101 1940 3150 quorum
1981 3085 2226 3150 ignorabat
2267 3101 2372 3149 pre-

1367 3149 1500 3206 tium,
1534 3150 1794 3214 frangebat,
1821 3158 1873 3199 ut
1903 3149 2013 3199 inde
2044 3164 2266 3214 equorum
2298 3163 2373 3196 ar-

1364 3229 1640 3279 morumque
1672 3222 1961 3271 ornamenta,
1983 3229 2088 3277 quae
2110 3214 2211 3262 sola
2231 3224 2370 3261 cura-

1364 3278 1464 3334 bat,
1485 3279 1748 3336 conficeret,
1769 3279 1846 3327 vel
1875 3293 2036 3327 eorum
2069 3276 2376 3341 fragminibus

1367 3357 1424 3390 ac
1459 3343 1692 3391 caelaturis
1730 3358 1875 3407 equos
1910 3350 1958 3391 et
2001 3356 2132 3390 arma
2173 3348 2375 3389 ornaret.

1369 3407 1530 3463 Quam
1568 3405 1707 3454 rudes
1750 3407 1918 3454 artium
1959 3403 2166 3453 Romani
2216 3404 2371 3451 adhuc

1368 3468 1539 3516 fuerint
1572 3478 1681 3519 ante
1712 3469 1946 3517 excidium
1971 3465 2201 3522 Corinthi,
2226 3467 2374 3514 velex

1367 3547 1423 3580 eo
1453 3531 1895 3596 intelligitur-,quod
1917 3532 1977 3580 de
1997 3530 2232 3580 Mummio
2256 3530 2375 3579 refe-

1368 3605 1479 3647 runt
1497 3597 1671 3645 Vellei.
1691 3597 1733 3644 Ι.
1752 3598 1827 3644 13.
1848 3604 1896 3645 et
1917 3594 2013 3644 alii.
2048 3594 2229 3643 (ἔπεσσε
2242 3602 2374 3652 anes,

1369 2268 1503 2317 seqq.
1521 2253 1696 2300 Malim
1727 2259 1885 2301 tamen

1370 3661 1676 3724 sculpturam,
1708 3659 1954 3734 picturam,
1989 3658 2196 3723 aliasque
2217 3668 2373 3725 pqrtes,

1368 3740 1399 3773 a
1421 3725 1604 3775 Graecis
1624 3732 1914 3790 potissimum
1928 3723 2153 3772 excultas.

1438 3791 1546 3839 10].
1578 3792 1835 3851 praedarum
1853 3791 1903 3836 in
1923 3798 2066 3850 parte,
2088 3803 2230 3852 quam
2255 3795 2377 3837 sorte

1370 3852 1634 3918 adceperat.
1701 3854 1809 3901 102.
1845 3853 2112 3917 Magnorum
2133 3853 2380 3915 artificum,

1366 3918 1534 3982 quales
1564 3934 1668 3984 sup.
1690 3916 1841 3967 VIII.
1873 3917 1985 3967 102.
2009 3933 2148 3982 seqq.
2174 3916 2373 3965 laudan·
2455 3922 2456 3925 ’

1366 3989 1458 4030 tur.

1436 4048 1545 4095 103.
1567 4046 1774 4095 Phazem-
1792 4047 1867 4096 vel
1884 4044 2096 4110 equipvel
2116 4038 2378 4113 equitis-ora

1370 4118 1610 4167 namenta,
1648 4126 1754 4175 quae
1795 4117 1954 4159 tamen
1990 4105 2152 4172 qualia
2188 4103 2373 4173 fuerunt,

1370 4190 1537 4241 parum
1574 4182 1757 4224 constat
1769 4190 1783 4232 ;
1817 4173 1907 4221 nisi
1942 4174 2056 4219 forte
2093 4180 2185 4215 non
2223 4178 2379 4212 minus

1372 4254 1499 4294 vera,
1536 4253 1678 4302 quam
1714 4238 1959 4303 perspicua
1997 4238 2068 4281 est
2098 4243 2256 4303 eorum
2293 4227 2377 4276 de-

1374 4303 1563 4367 scriptio
1576 4302 1628 4351 in
1646 4299 1894 4349 Panceroli
1915 4295 2080 4346 notitia
2097 4293 2377 4355 digmtatum
