<?xml version="1.0" encoding="UTF-8"?>
<!DOCTYPE html PUBLIC "-//W3C//DTD XHTML 1.0 Transitional//EN"
    "http://www.w3.org/TR/xhtml1/DTD/xhtml1-transitional.dtd">
<html xmlns="http://www.w3.org/1999/xhtml" xml:lang="en" lang="en">
 <head>
  <title>
</title>
<meta http-equiv="Content-Type" content="text/html;charset=utf-8" />
  <meta name='ocr-system' content='tesseract 3.04.00' />
  <meta name='ocr-capabilities' content='ocr_page ocr_carea ocr_par ocr_line ocrx_word'/>
</head>
<body>
  <div class='ocr_page' id='page_1' title='image "./satiraexviadopt00juvegoog_0297.png"; bbox 0 0 2978 4920; ppageno 0'>
   <div class='ocr_carea' id='block_1_1' title="bbox 569 299 716 366">
    <p class='ocr_par' dir='ltr' id='par_1_1' title="bbox 569 299 716 366">
     <span class='ocr_line' id='line_1_1' title="bbox 569 299 716 366; baseline 0 -38"><span class='ocrx_word' id='word_1_1' title='bbox 569 299 716 366; x_wconf 64' lang='lat' dir='ltr'><strong>aso-</strong></span> 
     </span>
    </p>
   </div>
   <div class='ocr_carea' id='block_1_2' title="bbox 1283 274 1956 353">
    <p class='ocr_par' dir='ltr' id='par_1_2' title="bbox 1283 274 1956 353">
     <span class='ocr_line' id='line_1_2' title="bbox 1283 274 1956 353; baseline -0.004 0"><span class='ocrx_word' id='word_1_2' title='bbox 1283 274 1956 353; x_wconf 73' lang='lat' dir='ltr'><strong>JUVENALIS</strong></span> 
     </span>
    </p>
   </div>
   <div class='ocr_carea' id='block_1_3' title="bbox 657 471 2339 558">
    <p class='ocr_par' dir='ltr' id='par_1_3' title="bbox 657 471 2339 558">
     <span class='ocr_line' id='line_1_3' title="bbox 657 471 2339 558; baseline -0.004 -13"><span class='ocrx_word' id='word_1_3' title='bbox 657 479 972 546; x_wconf 80' lang='lat' dir='ltr'>Omnibus</span> <span class='ocrx_word' id='word_1_4' title='bbox 995 477 1066 542; x_wconf 88' lang='lat' dir='ltr'><strong>in</strong></span> <span class='ocrx_word' id='word_1_5' title='bbox 1097 475 1324 541; x_wconf 85' lang='lat' dir='ltr'><strong>rebus:</strong></span> <span class='ocrx_word' id='word_1_6' title='bbox 1359 485 1787 558; x_wconf 39' lang='lat' dir='ltr'><strong>‚numerentur</strong></span> <span class='ocrx_word' id='word_1_7' title='bbox 1814 472 2046 556; x_wconf 80' lang='lat' dir='ltr'><strong>deinde</strong></span> <span class='ocrx_word' id='word_1_8' title='bbox 2074 471 2339 542; x_wconf 82' lang='lat' dir='ltr'><strong>labores.</strong></span> 
     </span>
    </p>
   </div>
   <div class='ocr_carea' id='block_1_4' title="bbox 655 573 2471 770">
    <p class='ocr_par' dir='ltr' id='par_1_4' title="bbox 655 573 2471 770">
     <span class='ocr_line' id='line_1_4' title="bbox 655 573 2471 664; baseline -0.003 -19"><span class='ocrx_word' id='word_1_9' title='bbox 655 583 767 646; x_wconf 90' lang='lat' dir='ltr'><strong>An</strong></span> <span class='ocrx_word' id='word_1_10' title='bbox 795 579 980 644; x_wconf 78' lang='lat' dir='ltr'><strong>facile</strong></span> <span class='ocrx_word' id='word_1_11' title='bbox 1009 590 1073 643; x_wconf 85' lang='lat' dir='ltr'><strong>et</strong></span> <span class='ocrx_word' id='word_1_12' title='bbox 1103 598 1377 664; x_wconf 89' lang='lat' dir='ltr'><strong>pronum</strong></span> <span class='ocrx_word' id='word_1_13' title='bbox 1406 587 1526 652; x_wconf 89' lang='lat' dir='ltr'><strong>est,</strong></span> <span class='ocrx_word' id='word_1_14' title='bbox 1557 596 1744 659; x_wconf 83' lang='lat' dir='ltr'><strong>agere</strong></span> <span class='ocrx_word' id='word_1_15' title='bbox 1773 574 1944 640; x_wconf 85' lang='lat' dir='ltr'><strong>intra</strong></span> <span class='ocrx_word' id='word_1_16' title='bbox 1969 573 2210 639; x_wconf 81' lang='lat' dir='ltr'><strong>viscera</strong></span> <span class='ocrx_word' id='word_1_17' title='bbox 2235 597 2471 661; x_wconf 86' lang='lat' dir='ltr'><strong>penem</strong></span> 
     </span>
     <span class='ocr_line' id='line_1_5' title="bbox 656 678 2443 770; baseline -0.004 -23"><span class='ocrx_word' id='word_1_18' title='bbox 656 683 1075 770; x_wconf 84' lang='lat' dir='ltr'><strong>Legitimum,</strong></span> <span class='ocrx_word' id='word_1_19' title='bbox 1105 694 1302 766; x_wconf 86' lang='lat' dir='ltr'><strong>atque</strong></span> <span class='ocrx_word' id='word_1_20' title='bbox 1327 678 1459 743; x_wconf 90' lang='lat' dir='ltr'><strong>illic</strong></span> <span class='ocrx_word' id='word_1_21' title='bbox 1488 678 1800 770; x_wconf 78' lang='lat' dir='ltr'><strong>hesternae</strong></span> <span class='ocrx_word' id='word_1_22' title='bbox 1828 678 2170 742; x_wconf 87' lang='lat' dir='ltr'><strong>obcurrere</strong></span> <span class='ocrx_word' id='word_1_23' title='bbox 2198 700 2396 742; x_wconf 83' lang='lat' dir='ltr'><strong>coenae</strong></span> <span class='ocrx_word' id='word_1_24' title='bbox 2415 681 2443 739; x_wconf 73' lang='grc' dir='ltr'><strong><em>ἓ</em></strong></span> 
     </span>
    </p>
   </div>
   <div class='ocr_carea' id='block_1_5' title="bbox 658 780 2341 868">
    <p class='ocr_par' dir='ltr' id='par_1_5' title="bbox 658 780 2341 868">
     <span class='ocr_line' id='line_1_6' title="bbox 658 780 2341 868; baseline -0.005 -16"><span class='ocrx_word' id='word_1_25' title='bbox 658 790 890 852; x_wconf 88' lang='lat' dir='ltr'><strong>Servus</strong></span> <span class='ocrx_word' id='word_1_26' title='bbox 919 785 1039 850; x_wconf 89' lang='lat' dir='ltr'><strong>erit</strong></span> <span class='ocrx_word' id='word_1_27' title='bbox 1068 783 1276 848; x_wconf 90' lang='lat' dir='ltr'><strong>minus</strong></span> <span class='ocrx_word' id='word_1_28' title='bbox 1303 782 1408 846; x_wconf 89' lang='lat' dir='ltr'><strong>ille</strong></span> <span class='ocrx_word' id='word_1_29' title='bbox 1437 781 1650 859; x_wconf 87' lang='lat' dir='ltr'><strong>miser,</strong></span> <span class='ocrx_word' id='word_1_30' title='bbox 1680 780 1798 867; x_wconf 92' lang='lat' dir='ltr'><strong>qui</strong></span> <span class='ocrx_word' id='word_1_31' title='bbox 1824 780 2057 845; x_wconf 88' lang='lat' dir='ltr'><strong>foderit</strong></span> <span class='ocrx_word' id='word_1_32' title='bbox 2087 803 2341 868; x_wconf 85' lang='lat' dir='ltr'><strong>agrum,</strong></span> 
     </span>
    </p>
   </div>
   <div class='ocr_carea' id='block_1_6' title="bbox 2580 782 2663 845">
    <p class='ocr_par' dir='ltr' id='par_1_6' title="bbox 2580 782 2663 845">
     <span class='ocr_line' id='line_1_7' title="bbox 2580 782 2663 845; baseline 0 -2"><span class='ocrx_word' id='word_1_33' title='bbox 2580 782 2663 845; x_wconf 80' lang='lat'><strong>45</strong></span> 
     </span>
    </p>
   </div>
   <div class='ocr_carea' id='block_1_7' title="bbox 655 883 2591 1176">
    <p class='ocr_par' dir='ltr' id='par_1_7' title="bbox 655 883 2591 1176">
     <span class='ocr_line' id='line_1_8' title="bbox 656 883 2591 968; baseline -0.003 -16"><span class='ocrx_word' id='word_1_34' title='bbox 656 889 863 965; x_wconf 83' lang='lat' dir='ltr'><strong>Quam</strong></span> <span class='ocrx_word' id='word_1_35' title='bbox 892 886 1237 951; x_wconf 89' lang='lat' dir='ltr'><strong>dominum.</strong></span> <span class='ocrx_word' id='word_1_36' title='bbox 1332 883 1458 948; x_wconf 88' lang='lat' dir='ltr'><strong>Sed</strong></span> <span class='ocrx_word' id='word_1_37' title='bbox 1488 894 1563 947; x_wconf 83' lang='lat' dir='ltr'><strong>tu</strong></span> <span class='ocrx_word' id='word_1_38' title='bbox 1595 905 1742 948; x_wconf 85' lang='lat' dir='ltr'><strong>sane</strong></span> <span class='ocrx_word' id='word_1_39' title='bbox 1773 894 2062 947; x_wconf 88' lang='lat' dir='ltr'><strong>tenerum</strong></span> <span class='ocrx_word' id='word_1_40' title='bbox 2090 895 2163 947; x_wconf 79' lang='lat' dir='ltr'><strong>et</strong></span> <span class='ocrx_word' id='word_1_41' title='bbox 2184 905 2461 968; x_wconf 89' lang='lat' dir='ltr'><strong>puerum</strong></span> <span class='ocrx_word' id='word_1_42' title='bbox 2491 894 2591 961; x_wconf 56' lang='lat' dir='ltr'><strong>tey-</strong></span> 
     </span>
     <span class='ocr_line' id='line_1_9' title="bbox 655 986 2378 1076; baseline -0.004 -21"><span class='ocrx_word' id='word_1_43' title='bbox 655 993 746 1055; x_wconf 85' lang='lat' dir='ltr'><strong>Et</strong></span> <span class='ocrx_word' id='word_1_44' title='bbox 776 989 1074 1076; x_wconf 90' lang='lat' dir='ltr'><strong>pulcrum</strong></span> <span class='ocrx_word' id='word_1_45' title='bbox 1105 1001 1169 1054; x_wconf 90' lang='lat' dir='ltr'><strong>et</strong></span> <span class='ocrx_word' id='word_1_46' title='bbox 1197 988 1468 1074; x_wconf 84' lang='lat' dir='ltr'><strong>dignum</strong></span> <span class='ocrx_word' id='word_1_47' title='bbox 1499 986 1732 1074; x_wconf 82' lang='lat' dir='ltr'>cyatho</span> <span class='ocrx_word' id='word_1_48' title='bbox 1762 986 2051 1073; x_wconf 89' lang='lat' dir='ltr'><strong>coeloque</strong></span> <span class='ocrx_word' id='word_1_49' title='bbox 2081 986 2378 1074; x_wconf 79' lang='lat' dir='ltr'><strong>putabas,</strong></span> 
     </span>
     <span class='ocr_line' id='line_1_10' title="bbox 657 1087 2337 1176; baseline -0.001 -22"><span class='ocrx_word' id='word_1_50' title='bbox 657 1094 786 1156; x_wconf 91' lang='lat' dir='ltr'><strong>Vos</strong></span> <span class='ocrx_word' id='word_1_51' title='bbox 812 1090 1039 1155; x_wconf 88' lang='lat' dir='ltr'><strong>humili</strong></span> <span class='ocrx_word' id='word_1_52' title='bbox 1068 1090 1402 1168; x_wconf 83' lang='lat' dir='ltr'><strong>adseculae,</strong></span> <span class='ocrx_word' id='word_1_53' title='bbox 1434 1112 1548 1152; x_wconf 89' lang='lat' dir='ltr'><strong>vos</strong></span> <span class='ocrx_word' id='word_1_54' title='bbox 1574 1087 1996 1174; x_wconf 86' lang='lat' dir='ltr'><strong>indulgebitis</strong></span> <span class='ocrx_word' id='word_1_55' title='bbox 2026 1097 2337 1176; x_wconf 85' lang='lat' dir='ltr'><strong>umquam</strong></span> 
     </span>
    </p>
   </div>
   <div class='ocr_carea' id='block_1_8' title="bbox 663 1191 2039 1280">
    <p class='ocr_par' dir='ltr' id='par_1_8' title="bbox 663 1191 2039 1280">
     <span class='ocr_line' id='line_1_11' title="bbox 663 1191 2039 1280; baseline -0.003 -22"><span class='ocrx_word' id='word_1_56' title='bbox 663 1193 935 1272; x_wconf 88' lang='lat' dir='ltr'><strong>Cultori,</strong></span> <span class='ocrx_word' id='word_1_57' title='bbox 958 1194 1094 1280; x_wconf 86' lang='lat' dir='ltr'><strong>jam</strong></span> <span class='ocrx_word' id='word_1_58' title='bbox 1123 1216 1239 1257; x_wconf 89' lang='lat' dir='ltr'><strong>nec</strong></span> <span class='ocrx_word' id='word_1_59' title='bbox 1268 1193 1493 1257; x_wconf 88' lang='lat' dir='ltr'><strong>morbo</strong></span> <span class='ocrx_word' id='word_1_60' title='bbox 1521 1191 1757 1256; x_wconf 87' lang='lat' dir='ltr'><strong>donare</strong></span> <span class='ocrx_word' id='word_1_61' title='bbox 1786 1191 2039 1278; x_wconf 86' lang='lat' dir='ltr'><strong>parati?</strong></span> 
     </span>
    </p>
   </div>
   <div class='ocr_carea' id='block_1_9' title="bbox 658 1292 2352 1373">
    <p class='ocr_par' dir='ltr' id='par_1_9' title="bbox 658 1292 2352 1373">
     <span class='ocr_line' id='line_1_12' title="bbox 658 1292 2352 1373; baseline -0.002 -13"><span class='ocrx_word' id='word_1_62' title='bbox 658 1298 786 1373; x_wconf 89' lang='lat' dir='ltr'><strong>En,</strong></span> <span class='ocrx_word' id='word_1_63' title='bbox 818 1295 931 1360; x_wconf 92' lang='lat' dir='ltr'><strong>cui.</strong></span> <span class='ocrx_word' id='word_1_64' title='bbox 951 1310 1022 1360; x_wconf 90' lang='lat' dir='ltr'><strong>tu</strong></span> <span class='ocrx_word' id='word_1_65' title='bbox 1055 1295 1324 1360; x_wconf 91' lang='lat' dir='ltr'><strong>viridem</strong></span> <span class='ocrx_word' id='word_1_66' title='bbox 1355 1293 1720 1372; x_wconf 80' lang='lat' dir='ltr'><strong>umbellam,</strong></span> <span class='ocrx_word' id='word_1_67' title='bbox 1751 1294 1857 1357; x_wconf 91' lang='lat' dir='ltr'><strong>cui</strong></span> <span class='ocrx_word' id='word_1_68' title='bbox 1887 1292 2105 1357; x_wconf 86' lang='lat' dir='ltr'><strong>sucina</strong></span> <span class='ocrx_word' id='word_1_69' title='bbox 2132 1292 2352 1364; x_wconf 88' lang='lat' dir='ltr'><strong>mittas</strong></span> 
     </span>
    </p>
   </div>
   <div class='ocr_carea' id='block_1_10' title="bbox 2584 1296 2671 1356">
    <p class='ocr_par' dir='ltr' id='par_1_10' title="bbox 2584 1296 2671 1356">
     <span class='ocr_line' id='line_1_13' title="bbox 2584 1296 2671 1356; baseline 0 0"><span class='ocrx_word' id='word_1_70' title='bbox 2584 1296 2671 1356; x_wconf 88' lang='grc'><strong>50</strong></span> 
     </span>
    </p>
   </div>
   <div class='ocr_carea' id='block_1_11' title="bbox 660 1395 2429 1484">
    <p class='ocr_par' dir='ltr' id='par_1_11' title="bbox 660 1395 2429 1484">
     <span class='ocr_line' id='line_1_14' title="bbox 660 1395 2429 1484; baseline -0.003 -21"><span class='ocrx_word' id='word_1_71' title='bbox 660 1398 968 1477; x_wconf 83' lang='lat' dir='ltr'><strong>Grandia,</strong></span> <span class='ocrx_word' id='word_1_72' title='bbox 999 1398 1227 1463; x_wconf 83' lang='lat' dir='ltr'><strong>natalis</strong></span> <span class='ocrx_word' id='word_1_73' title='bbox 1256 1397 1508 1484; x_wconf 86' lang='lat' dir='ltr'><strong>quoties</strong></span> <span class='ocrx_word' id='word_1_74' title='bbox 1536 1396 1726 1476; x_wconf 88' lang='lat' dir='ltr'><strong>redit,</strong></span> <span class='ocrx_word' id='word_1_75' title='bbox 1756 1408 1871 1460; x_wconf 87' lang='lat' dir='ltr'><strong>aut</strong></span> <span class='ocrx_word' id='word_1_76' title='bbox 1898 1395 2229 1461; x_wconf 83' lang='lat' dir='ltr'><strong>madidum</strong></span> <span class='ocrx_word' id='word_1_77' title='bbox 2259 1413 2371 1459; x_wconf 73' lang='lat' dir='ltr'><strong>ver</strong></span> <span class='ocrx_word' id='word_1_78' title='bbox 2420 1473 2429 1478; x_wconf 33' lang='lat'><strong>,</strong></span> 
     </span>
    </p>
   </div>
   <div class='ocr_carea' id='block_1_12' title="bbox 660 1492 2199 1667">
    <p class='ocr_par' dir='ltr' id='par_1_12' title="bbox 660 1492 2199 1667">
     <span class='ocr_line' id='line_1_15' title="bbox 662 1492 2199 1588; baseline -0.002 -22"><span class='ocrx_word' id='word_1_79' title='bbox 662 1492 919 1587; x_wconf 81' lang='lat' dir='ltr'><strong>Incipit,</strong></span> <span class='ocrx_word' id='word_1_80' title='bbox 950 1514 1015 1566; x_wconf 91' lang='lat' dir='ltr'><strong>et</strong></span> <span class='ocrx_word' id='word_1_81' title='bbox 1045 1501 1519 1588; x_wconf 25' lang='lat' dir='ltr'><strong>strata-positus</strong></span> <span class='ocrx_word' id='word_1_82' title='bbox 1547 1501 1867 1587; x_wconf 81' lang='lat' dir='ltr'><strong>longaque</strong></span> <span class='ocrx_word' id='word_1_83' title='bbox 1894 1499 2199 1580; x_wconf 80' lang='lat' dir='ltr'><strong>cathedra</strong></span> 
     </span>
     <span class='ocr_line' id='line_1_16' title="bbox 660 1600 2141 1667; baseline -0.002 -1"><span class='ocrx_word' id='word_1_84' title='bbox 660 1604 939 1666; x_wconf 88' lang='lat' dir='ltr'><strong>Munera</strong></span> <span class='ocrx_word' id='word_1_85' title='bbox 966 1602 1251 1666; x_wconf 87' lang='lat' dir='ltr'><strong>femineis</strong></span> <span class='ocrx_word' id='word_1_86' title='bbox 1280 1614 1515 1667; x_wconf 87' lang='lat' dir='ltr'><strong>tractas</strong></span> <span class='ocrx_word' id='word_1_87' title='bbox 1546 1613 1785 1666; x_wconf 89' lang='lat' dir='ltr'><strong>secreta</strong></span> <span class='ocrx_word' id='word_1_88' title='bbox 1816 1600 2141 1664; x_wconf 85' lang='lat' dir='ltr'><strong>Kalendis.</strong></span> 
     </span>
    </p>
   </div>
   <div class='ocr_carea' id='block_1_13' title="bbox 563 1772 1595 4481">
    <p class='ocr_par' dir='ltr' id='par_1_13' title="bbox 574 1772 1594 2227">
     <span class='ocr_line' id='line_1_17' title="bbox 574 1772 1591 1839; baseline 0 -17"><span class='ocrx_word' id='word_1_89' title='bbox 574 1789 717 1839; x_wconf 87' lang='lat' dir='ltr'><strong>quam</strong></span> <span class='ocrx_word' id='word_1_90' title='bbox 737 1788 824 1838; x_wconf 87' lang='lat' dir='ltr'><strong>par</strong></span> <span class='ocrx_word' id='word_1_91' title='bbox 843 1772 920 1821; x_wconf 90' lang='lat' dir='ltr'><strong>sit.</strong></span> <span class='ocrx_word' id='word_1_92' title='bbox 990 1773 1194 1821; x_wconf 82' lang='lat' dir='ltr'><strong>Ponatur</strong></span> <span class='ocrx_word' id='word_1_93' title='bbox 1225 1775 1442 1831; x_wconf 73' lang='lat' dir='ltr'><strong>calculus,</strong></span> <span class='ocrx_word' id='word_1_94' title='bbox 1479 1776 1591 1822; x_wconf 87' lang='lat' dir='ltr'><strong>sub-</strong></span> 
     </span>
     <span class='ocr_line' id='line_1_18' title="bbox 578 1838 1592 1904; baseline 0.002 -19"><span class='ocrx_word' id='word_1_95' title='bbox 578 1840 807 1887; x_wconf 86' lang='lat' dir='ltr'><strong>ducantur</strong></span> <span class='ocrx_word' id='word_1_96' title='bbox 839 1838 1041 1886; x_wconf 88' lang='lat' dir='ltr'><strong>rationes</strong></span> <span class='ocrx_word' id='word_1_97' title='bbox 1079 1838 1267 1904; x_wconf 87' lang='lat' dir='ltr'><strong>adcepti</strong></span> <span class='ocrx_word' id='word_1_98' title='bbox 1298 1847 1346 1887; x_wconf 91' lang='lat' dir='ltr'><strong>et</strong></span> <span class='ocrx_word' id='word_1_99' title='bbox 1382 1839 1592 1904; x_wconf 83' lang='lat' dir='ltr'><strong>expensi.</strong></span> 
     </span>
     <span class='ocr_line' id='line_1_19' title="bbox 583 1901 1594 1967; baseline 0.002 -18"><span class='ocrx_word' id='word_1_100' title='bbox 583 1904 759 1951; x_wconf 80' lang='lat' dir='ltr'><strong>Calculi</strong></span> <span class='ocrx_word' id='word_1_101' title='bbox 782 1910 915 1950; x_wconf 85' lang='lat' dir='ltr'><strong>erant</strong></span> <span class='ocrx_word' id='word_1_102' title='bbox 946 1901 1113 1967; x_wconf 87' lang='lat' dir='ltr'><strong>lapilli,</strong></span> <span class='ocrx_word' id='word_1_103' title='bbox 1171 1905 1218 1951; x_wconf 90' lang='lat' dir='ltr'><strong>ui</strong></span> <span class='ocrx_word' id='word_1_104' title='bbox 1251 1903 1299 1950; x_wconf 90' lang='lat' dir='ltr'><strong>in</strong></span> <span class='ocrx_word' id='word_1_105' title='bbox 1334 1903 1594 1951; x_wconf 82' lang='lat' dir='ltr'><strong>rationibus</strong></span> 
     </span>
     <span class='ocr_line' id='line_1_20' title="bbox 580 1966 1589 2032; baseline 0 -17"><span class='ocrx_word' id='word_1_106' title='bbox 580 1967 652 2015; x_wconf 91' lang='lat' dir='ltr'><strong>vel</strong></span> <span class='ocrx_word' id='word_1_107' title='bbox 692 1966 1036 2032; x_wconf 88' lang='lat' dir='ltr'><strong>computatione</strong></span> <span class='ocrx_word' id='word_1_108' title='bbox 1083 1967 1146 2015; x_wconf 89' lang='lat' dir='ltr'><strong>ad</strong></span> <span class='ocrx_word' id='word_1_109' title='bbox 1181 1967 1444 2016; x_wconf 86' lang='lat' dir='ltr'><strong>ibebantur.</strong></span> <span class='ocrx_word' id='word_1_110' title='bbox 1510 1971 1589 2015; x_wconf 86' lang='lat'><strong>41.</strong></span> 
     </span>
     <span class='ocr_line' id='line_1_21' title="bbox 579 2030 1592 2082; baseline 0.001 -3"><span class='ocrx_word' id='word_1_111' title='bbox 579 2034 731 2079; x_wconf 78' lang='lat' dir='ltr'><strong>tabula</strong></span> <span class='ocrx_word' id='word_1_112' title='bbox 781 2030 1128 2080; x_wconf 78' lang='lat' dir='ltr'><strong>ratiocinatoria</strong></span> <span class='ocrx_word' id='word_1_113' title='bbox 1181 2048 1218 2079; x_wconf 92' lang='lat' dir='ltr'><strong>s.</strong></span> <span class='ocrx_word' id='word_1_114' title='bbox 1274 2033 1592 2082; x_wconf 80' lang='lat' dir='ltr'><strong>calculatoria.</strong></span> 
     </span>
     <span class='ocr_line' id='line_1_22' title="bbox 581 2095 1594 2162; baseline 0.002 -18"><span class='ocrx_word' id='word_1_115' title='bbox 581 2098 743 2146; x_wconf 86' lang='lat' dir='ltr'><strong>Potest</strong></span> <span class='ocrx_word' id='word_1_116' title='bbox 762 2097 907 2146; x_wconf 85' lang='lat' dir='ltr'><strong>etiam</strong></span> <span class='ocrx_word' id='word_1_117' title='bbox 927 2111 1028 2144; x_wconf 87' lang='lat' dir='ltr'><strong>esse</strong></span> <span class='ocrx_word' id='word_1_118' title='bbox 1052 2095 1196 2145; x_wconf 82' lang='lat' dir='ltr'><strong>codex</strong></span> <span class='ocrx_word' id='word_1_119' title='bbox 1222 2096 1410 2162; x_wconf 89' lang='lat' dir='ltr'><strong>adcepti</strong></span> <span class='ocrx_word' id='word_1_120' title='bbox 1432 2105 1478 2145; x_wconf 89' lang='lat' dir='ltr'><strong>et</strong></span> <span class='ocrx_word' id='word_1_121' title='bbox 1513 2113 1594 2146; x_wconf 83' lang='lat' dir='ltr'><strong>ex-</strong></span> 
     </span>
     <span class='ocr_line' id='line_1_23' title="bbox 576 2160 726 2227; baseline 0 -17"><span class='ocrx_word' id='word_1_122' title='bbox 576 2160 726 2227; x_wconf 81' lang='lat' dir='ltr'><strong>pensi.</strong></span> 
     </span>
    </p>

    <p class='ocr_par' dir='ltr' id='par_1_14' title="bbox 577 2222 1595 2993">
     <span class='ocr_line' id='line_1_24' title="bbox 643 2222 1593 2298; baseline 0 -24"><span class='ocrx_word' id='word_1_123' title='bbox 643 2229 723 2274; x_wconf 84' lang='lat'><strong>42.</strong></span> <span class='ocrx_word' id='word_1_124' title='bbox 744 2228 888 2282; x_wconf 78' lang='lat' dir='ltr'><strong>rebus,</strong></span> <span class='ocrx_word' id='word_1_125' title='bbox 927 2240 1046 2298; x_wconf 79' lang='lat' dir='ltr'><strong>quas</strong></span> <span class='ocrx_word' id='word_1_126' title='bbox 1085 2222 1208 2273; x_wconf 90' lang='lat' dir='ltr'><strong>dono</strong></span> <span class='ocrx_word' id='word_1_127' title='bbox 1247 2223 1363 2274; x_wconf 86' lang='lat' dir='ltr'><strong>mihi</strong></span> <span class='ocrx_word' id='word_1_128' title='bbox 1406 2225 1593 2284; x_wconf 85' lang='lat' dir='ltr'><strong>dedisti,</strong></span> 
     </span>
     <span class='ocr_line' id='line_1_25' title="bbox 577 2289 1593 2354; baseline 0.002 -16"><span class='ocrx_word' id='word_1_129' title='bbox 577 2291 670 2347; x_wconf 87' lang='lat' dir='ltr'><strong>vel,</strong></span> <span class='ocrx_word' id='word_1_130' title='bbox 704 2289 743 2338; x_wconf 90' lang='lat' dir='ltr'><strong>si</strong></span> <span class='ocrx_word' id='word_1_131' title='bbox 776 2290 988 2339; x_wconf 79' lang='lat' dir='ltr'><strong>Virronis</strong></span> <span class='ocrx_word' id='word_1_132' title='bbox 1020 2290 1165 2339; x_wconf 87' lang='lat' dir='ltr'><strong>verba</strong></span> <span class='ocrx_word' id='word_1_133' title='bbox 1195 2299 1322 2347; x_wconf 88' lang='lat' dir='ltr'><strong>sunt,</strong></span> <span class='ocrx_word' id='word_1_134' title='bbox 1345 2289 1474 2354; x_wconf 52' lang='lat' dir='ltr'><strong>‘quas</strong></span> <span class='ocrx_word' id='word_1_135' title='bbox 1506 2291 1593 2340; x_wconf 89' lang='lat' dir='ltr'><strong>tibi</strong></span> 
     </span>
     <span class='ocr_line' id='line_1_26' title="bbox 581 2352 1592 2420; baseline 0.003 -18"><span class='ocrx_word' id='word_1_136' title='bbox 581 2352 769 2403; x_wconf 87' lang='lat' dir='ltr'><strong>donavi.</strong></span> <span class='ocrx_word' id='word_1_137' title='bbox 834 2356 912 2403; x_wconf 87' lang='lat'><strong>42.</strong></span> <span class='ocrx_word' id='word_1_138' title='bbox 948 2356 1124 2411; x_wconf 76' lang='lat' dir='ltr'><strong>labores,</strong></span> <span class='ocrx_word' id='word_1_139' title='bbox 1157 2363 1212 2401; x_wconf 91' lang='lat' dir='ltr'><strong>ut</strong></span> <span class='ocrx_word' id='word_1_140' title='bbox 1243 2371 1374 2415; x_wconf 77' lang='lat' dir='ltr'><strong>opera</strong></span> <span class='ocrx_word' id='word_1_141' title='bbox 1406 2371 1512 2420; x_wconf 92' lang='lat' dir='ltr'><strong>sup.</strong></span> <span class='ocrx_word' id='word_1_142' title='bbox 1544 2373 1592 2406; x_wconf 91' lang='lat' dir='ltr'><strong>v.</strong></span> 
     </span>
     <span class='ocr_line' id='line_1_27' title="bbox 579 2418 1593 2485; baseline 0.002 -18"><span class='ocrx_word' id='word_1_143' title='bbox 579 2421 662 2469; x_wconf 86' lang='lat'><strong>28.</strong></span> <span class='ocrx_word' id='word_1_144' title='bbox 684 2418 743 2468; x_wconf 88' lang='lat' dir='ltr'><strong>de</strong></span> <span class='ocrx_word' id='word_1_145' title='bbox 764 2418 930 2477; x_wconf 85' lang='lat' dir='ltr'><strong>officio,</strong></span> <span class='ocrx_word' id='word_1_146' title='bbox 953 2419 1002 2468; x_wconf 90' lang='lat' dir='ltr'><strong>in</strong></span> <span class='ocrx_word' id='word_1_147' title='bbox 1025 2436 1073 2469; x_wconf 90' lang='lat' dir='ltr'><strong>re</strong></span> <span class='ocrx_word' id='word_1_148' title='bbox 1094 2418 1218 2485; x_wconf 83' lang='lat' dir='ltr'><strong>turpi</strong></span> <span class='ocrx_word' id='word_1_149' title='bbox 1238 2422 1459 2485; x_wconf 82' lang='lat' dir='ltr'><strong>praestito.</strong></span> <span class='ocrx_word' id='word_1_150' title='bbox 1504 2438 1593 2469; x_wconf 81' lang='lat' dir='ltr'><strong>nu-</strong></span> 
     </span>
     <span class='ocr_line' id='line_1_28' title="bbox 577 2485 1592 2534; baseline 0.003 -3"><span class='ocrx_word' id='word_1_151' title='bbox 577 2494 806 2533; x_wconf 77' lang='lat' dir='ltr'><strong>merentur</strong></span> <span class='ocrx_word' id='word_1_152' title='bbox 826 2492 872 2533; x_wconf 90' lang='lat' dir='ltr'><strong>et</strong></span> <span class='ocrx_word' id='word_1_153' title='bbox 893 2485 1196 2534; x_wconf 67' lang='lat' dir='ltr'><strong>aestimentur.</strong></span> <span class='ocrx_word' id='word_1_154' title='bbox 1263 2488 1341 2534; x_wconf 87' lang='lat'><strong>43.</strong></span> <span class='ocrx_word' id='word_1_155' title='bbox 1366 2487 1445 2533; x_wconf 86' lang='lat'><strong>44.</strong></span> <span class='ocrx_word' id='word_1_156' title='bbox 1470 2487 1592 2534; x_wconf 85' lang='lat' dir='ltr'><strong>Ver-</strong></span> 
     </span>
     <span class='ocr_line' id='line_1_29' title="bbox 578 2548 1594 2615; baseline 0.003 -19"><span class='ocrx_word' id='word_1_157' title='bbox 578 2549 642 2598; x_wconf 85' lang='lat' dir='ltr'><strong>ba</strong></span> <span class='ocrx_word' id='word_1_158' title='bbox 674 2550 915 2604; x_wconf 81' lang='lat' dir='ltr'><strong>obscoena,</strong></span> <span class='ocrx_word' id='word_1_159' title='bbox 942 2549 1027 2597; x_wconf 87' lang='lat' dir='ltr'><strong>sed</strong></span> <span class='ocrx_word' id='word_1_160' title='bbox 1061 2557 1172 2615; x_wconf 87' lang='lat' dir='ltr'><strong>apta</strong></span> <span class='ocrx_word' id='word_1_161' title='bbox 1211 2548 1256 2597; x_wconf 92' lang='lat' dir='ltr'><strong>b.</strong></span> <span class='ocrx_word' id='word_1_162' title='bbox 1280 2551 1312 2598; x_wconf 92' lang='lat' dir='ltr'><strong>l.</strong></span> <span class='ocrx_word' id='word_1_163' title='bbox 1336 2559 1385 2598; x_wconf 90' lang='lat' dir='ltr'><strong>et</strong></span> <span class='ocrx_word' id='word_1_164' title='bbox 1404 2549 1594 2614; x_wconf 86' lang='lat' dir='ltr'><strong>ingenio</strong></span> 
     </span>
     <span class='ocr_line' id='line_1_30' title="bbox 579 2611 1592 2688; baseline 0.002 -27"><span class='ocrx_word' id='word_1_165' title='bbox 579 2611 786 2688; x_wconf 63' lang='lat' dir='ltr'><strong>Naevoli.</strong></span> <span class='ocrx_word' id='word_1_166' title='bbox 840 2615 1128 2680; x_wconf 80' lang='lat' dir='ltr'><strong>Legitimum,</strong></span> <span class='ocrx_word' id='word_1_167' title='bbox 1142 2614 1283 2678; x_wconf 80' lang='lat' dir='ltr'><strong>justae</strong></span> <span class='ocrx_word' id='word_1_168' title='bbox 1305 2615 1592 2679; x_wconf 86' lang='lat' dir='ltr'><strong>magnitudi-</strong></span> 
     </span>
     <span class='ocr_line' id='line_1_31' title="bbox 580 2694 668 2727; baseline 0.011 -1"><span class='ocrx_word' id='word_1_169' title='bbox 580 2694 668 2727; x_wconf 84' lang='lat' dir='ltr'><strong>ms.</strong></span> 
     </span>
     <span class='ocr_line' id='line_1_32' title="bbox 580 2737 1595 2809; baseline -0.001 -15"><span class='ocrx_word' id='word_1_170' title='bbox 580 2737 586 2742; x_wconf 58' lang='grc'><strong>’</strong></span> <span class='ocrx_word' id='word_1_171' title='bbox 645 2745 726 2794; x_wconf 83' lang='grc'><strong>45.</strong></span> <span class='ocrx_word' id='word_1_172' title='bbox 772 2744 998 2793; x_wconf 82' lang='lat' dir='ltr'><strong>Naevolus</strong></span> <span class='ocrx_word' id='word_1_173' title='bbox 1046 2743 1192 2792; x_wconf 85' lang='lat' dir='ltr'><strong>cliens</strong></span> <span class='ocrx_word' id='word_1_174' title='bbox 1237 2743 1465 2800; x_wconf 88' lang='lat' dir='ltr'><strong>Virronis,</strong></span> <span class='ocrx_word' id='word_1_175' title='bbox 1512 2743 1595 2809; x_wconf 91' lang='lat' dir='ltr'><strong>qui</strong></span> 
     </span>
     <span class='ocr_line' id='line_1_33' title="bbox 578 2808 1593 2872; baseline 0.002 -16"><span class='ocrx_word' id='word_1_176' title='bbox 578 2808 752 2864; x_wconf 89' lang='lat' dir='ltr'><strong>omnia,</strong></span> <span class='ocrx_word' id='word_1_177' title='bbox 775 2808 918 2857; x_wconf 86' lang='lat' dir='ltr'><strong>etiam</strong></span> <span class='ocrx_word' id='word_1_178' title='bbox 948 2808 1216 2872; x_wconf 87' lang='lat' dir='ltr'><strong>turpissima</strong></span> <span class='ocrx_word' id='word_1_179' title='bbox 1247 2808 1416 2864; x_wconf 86' lang='lat' dir='ltr'><strong>officia,</strong></span> <span class='ocrx_word' id='word_1_180' title='bbox 1442 2809 1503 2856; x_wconf 92' lang='lat' dir='ltr'><strong>ab</strong></span> <span class='ocrx_word' id='word_1_181' title='bbox 1536 2825 1593 2858; x_wconf 90' lang='lat' dir='ltr'><strong>eo</strong></span> 
     </span>
     <span class='ocr_line' id='line_1_34' title="bbox 579 2872 1588 2937; baseline 0.001 -17"><span class='ocrx_word' id='word_1_182' title='bbox 579 2872 813 2936; x_wconf 77' lang='lat' dir='ltr'><strong>exigebat.</strong></span> <span class='ocrx_word' id='word_1_183' title='bbox 889 2872 1055 2920; x_wconf 63' lang='lat' dir='ltr'><strong>Falci-e</strong></span> <span class='ocrx_word' id='word_1_184' title='bbox 1096 2887 1236 2920; x_wconf 84' lang='lat' dir='ltr'><strong>sensu</strong></span> <span class='ocrx_word' id='word_1_185' title='bbox 1278 2888 1465 2937; x_wconf 89' lang='lat' dir='ltr'><strong>quoque</strong></span> <span class='ocrx_word' id='word_1_186' title='bbox 1508 2874 1588 2921; x_wconf 88' lang='lat' dir='ltr'><strong>ob-</strong></span> 
     </span>
     <span class='ocr_line' id='line_1_35' title="bbox 579 2935 1575 2993; baseline 0.001 -9"><span class='ocrx_word' id='word_1_187' title='bbox 579 2951 742 2985; x_wconf 83' lang='lat' dir='ltr'><strong>scoeno</strong></span> <span class='ocrx_word' id='word_1_188' title='bbox 764 2937 947 2993; x_wconf 83' lang='lat' dir='ltr'><strong>dicitur,</strong></span> <span class='ocrx_word' id='word_1_189' title='bbox 970 2945 1024 2984; x_wconf 89' lang='lat' dir='ltr'><strong>ut</strong></span> <span class='ocrx_word' id='word_1_190' title='bbox 1043 2952 1189 2984; x_wconf 80' lang='lat' dir='ltr'><strong>arare.</strong></span> <span class='ocrx_word' id='word_1_191' title='bbox 1212 2935 1289 2983; x_wconf 86' lang='lat' dir='ltr'><strong>Cf.</strong></span> <span class='ocrx_word' id='word_1_192' title='bbox 1312 2936 1374 2983; x_wconf 89' lang='lat' dir='ltr'><strong>ad</strong></span> <span class='ocrx_word' id='word_1_193' title='bbox 1397 2938 1470 2984; x_wconf 89' lang='grc' dir='ltr'><strong>ΙΙ.</strong></span> <span class='ocrx_word' id='word_1_194' title='bbox 1498 2938 1575 2985; x_wconf 91' lang='grc'><strong>10.</strong></span> 
     </span>
    </p>

    <p class='ocr_par' dir='ltr' id='par_1_15' title="bbox 563 2998 1592 4224">
     <span class='ocr_line' id='line_1_36' title="bbox 644 2998 1591 3065; baseline 0.002 -17"><span class='ocrx_word' id='word_1_195' title='bbox 644 3003 723 3048; x_wconf 89' lang='lat'><strong>46.</strong></span> <span class='ocrx_word' id='word_1_196' title='bbox 748 3002 831 3049; x_wconf 84' lang='lat' dir='ltr'><strong>Sed</strong></span> <span class='ocrx_word' id='word_1_197' title='bbox 857 3012 909 3050; x_wconf 85' lang='lat' dir='ltr'><strong>tu</strong></span> <span class='ocrx_word' id='word_1_198' title='bbox 939 3018 1058 3057; x_wconf 84' lang='lat' dir='ltr'><strong>sane,</strong></span> <span class='ocrx_word' id='word_1_199' title='bbox 1080 3000 1161 3065; x_wconf 88' lang='lat' dir='ltr'><strong>qui</strong></span> <span class='ocrx_word' id='word_1_200' title='bbox 1190 2998 1423 3057; x_wconf 88' lang='lat' dir='ltr'><strong>deformis,</strong></span> <span class='ocrx_word' id='word_1_201' title='bbox 1446 3004 1591 3050; x_wconf 79' lang='lat' dir='ltr'><strong>senex</strong></span> 
     </span>
     <span class='ocr_line' id='line_1_37' title="bbox 580 3065 1591 3130; baseline 0.005 -20"><span class='ocrx_word' id='word_1_202' title='bbox 580 3072 631 3111; x_wconf 89' lang='lat' dir='ltr'><strong>et</strong></span> <span class='ocrx_word' id='word_1_203' title='bbox 661 3065 865 3113; x_wconf 83' lang='lat' dir='ltr'><strong>hirsutus</strong></span> <span class='ocrx_word' id='word_1_204' title='bbox 890 3081 956 3120; x_wconf 89' lang='lat' dir='ltr'><strong>es,</strong></span> <span class='ocrx_word' id='word_1_205' title='bbox 979 3067 1196 3130; x_wconf 78' lang='lat' dir='ltr'><strong>putabas,</strong></span> <span class='ocrx_word' id='word_1_206' title='bbox 1219 3072 1266 3113; x_wconf 91' lang='lat' dir='ltr'><strong>te</strong></span> <span class='ocrx_word' id='word_1_207' title='bbox 1299 3074 1512 3114; x_wconf 89' lang='lat' dir='ltr'><strong>tenerum</strong></span> <span class='ocrx_word' id='word_1_208' title='bbox 1535 3082 1591 3115; x_wconf 89' lang='lat' dir='ltr'><strong>ac</strong></span> 
     </span>
     <span class='ocr_line' id='line_1_38' title="bbox 578 3127 1591 3195; baseline 0.004 -20"><span class='ocrx_word' id='word_1_209' title='bbox 578 3127 794 3193; x_wconf 89' lang='lat' dir='ltr'><strong>pulcrum</strong></span> <span class='ocrx_word' id='word_1_210' title='bbox 813 3144 932 3185; x_wconf 88' lang='lat' dir='ltr'><strong>esse,</strong></span> <span class='ocrx_word' id='word_1_211' title='bbox 956 3129 1134 3194; x_wconf 90' lang='lat' dir='ltr'><strong>tibique</strong></span> <span class='ocrx_word' id='word_1_212' title='bbox 1166 3139 1412 3194; x_wconf 86' lang='lat' dir='ltr'><strong>propterea</strong></span> <span class='ocrx_word' id='word_1_213' title='bbox 1444 3129 1591 3195; x_wconf 86' lang='lat' dir='ltr'><strong>gratis</strong></span> 
     </span>
     <span class='ocr_line' id='line_1_39' title="bbox 578 3193 1588 3257; baseline 0.002 -17"><span class='ocrx_word' id='word_1_214' title='bbox 578 3207 766 3257; x_wconf 84' lang='lat' dir='ltr'><strong>operam</strong></span> <span class='ocrx_word' id='word_1_215' title='bbox 796 3194 1056 3257; x_wconf 84' lang='lat' dir='ltr'><strong>praestitum</strong></span> <span class='ocrx_word' id='word_1_216' title='bbox 1089 3193 1143 3240; x_wconf 90' lang='lat' dir='ltr'><strong>iri</strong></span> <span class='ocrx_word' id='word_1_217' title='bbox 1178 3195 1400 3256; x_wconf 86' lang='lat' dir='ltr'><strong>sperabas</strong></span> <span class='ocrx_word' id='word_1_218' title='bbox 1434 3210 1463 3241; x_wconf 90' lang='lat' dir='ltr'><strong>a</strong></span> <span class='ocrx_word' id='word_1_219' title='bbox 1495 3210 1588 3252; x_wconf 91' lang='lat' dir='ltr'><strong>me,</strong></span> 
     </span>
     <span class='ocr_line' id='line_1_40' title="bbox 578 3256 1589 3321; baseline 0.003 -17"><span class='ocrx_word' id='word_1_220' title='bbox 578 3256 660 3320; x_wconf 85' lang='lat' dir='ltr'><strong>&#39;qui</strong></span> <span class='ocrx_word' id='word_1_221' title='bbox 683 3265 863 3305; x_wconf 88' lang='lat' dir='ltr'><strong>tantam</strong></span> <span class='ocrx_word' id='word_1_222' title='bbox 884 3258 1085 3321; x_wconf 85' lang='lat' dir='ltr'><strong>ceperim</strong></span> <span class='ocrx_word' id='word_1_223' title='bbox 1116 3258 1404 3321; x_wconf 88' lang='lat' dir='ltr'><strong>voluptatem</strong></span> <span class='ocrx_word' id='word_1_224' title='bbox 1436 3274 1496 3306; x_wconf 83' lang='lat' dir='ltr'><strong>ex</strong></span> <span class='ocrx_word' id='word_1_225' title='bbox 1519 3259 1589 3307; x_wconf 81' lang='lat' dir='ltr'><strong>la·</strong></span> 
     </span>
     <span class='ocr_line' id='line_1_41' title="bbox 576 3321 1590 3385; baseline 0.001 -14"><span class='ocrx_word' id='word_1_226' title='bbox 576 3321 708 3385; x_wconf 73' lang='lat' dir='ltr'><strong>bore.</strong></span> <span class='ocrx_word' id='word_1_227' title='bbox 794 3321 905 3370; x_wconf 86' lang='lat' dir='ltr'><strong>Vim</strong></span> <span class='ocrx_word' id='word_1_228' title='bbox 959 3322 1180 3370; x_wconf 85' lang='lat' dir='ltr'><strong>sarcasmi</strong></span> <span class='ocrx_word' id='word_1_229' title='bbox 1225 3321 1363 3370; x_wconf 84' lang='lat' dir='ltr'><strong>facile</strong></span> <span class='ocrx_word' id='word_1_230' title='bbox 1403 3323 1590 3372; x_wconf 84' lang='lat' dir='ltr'><strong>senties.</strong></span> 
     </span>
     <span class='ocr_line' id='line_1_42' title="bbox 578 3387 1592 3450; baseline 0.003 -17"><span class='ocrx_word' id='word_1_231' title='bbox 578 3387 657 3435; x_wconf 95' lang='grc'><strong>47.</strong></span> <span class='ocrx_word' id='word_1_232' title='bbox 677 3388 726 3435; x_wconf 82' lang='lat' dir='ltr'><strong>di</strong></span> <span class='ocrx_word' id='word_1_233' title='bbox 788 3404 866 3435; x_wconf 84' lang='lat' dir='ltr'><strong>um</strong></span> <span class='ocrx_word' id='word_1_234' title='bbox 886 3388 1043 3450; x_wconf 80' lang='lat' dir='ltr'><strong>cyatho</strong></span> <span class='ocrx_word' id='word_1_235' title='bbox 1064 3387 1251 3450; x_wconf 69' lang='lat' dir='ltr'><strong>caeloque</strong></span> <span class='ocrx_word' id='word_1_236' title='bbox 1271 3387 1469 3435; x_wconf 89' lang='lat' dir='ltr'><strong>alterum</strong></span> <span class='ocrx_word' id='word_1_237' title='bbox 1489 3389 1592 3436; x_wconf 89' lang='lat' dir='ltr'><strong>Ga·</strong></span> 
     </span>
     <span class='ocr_line' id='line_1_43' title="bbox 573 3452 1591 3517; baseline 0.001 -17"><span class='ocrx_word' id='word_1_238' title='bbox 573 3466 716 3517; x_wconf 74' lang='lat' dir='ltr'><strong>nyme</strong></span> <span class='ocrx_word' id='word_1_239' title='bbox 750 3468 843 3507; x_wconf 90' lang='lat' dir='ltr'><strong>em,</strong></span> <span class='ocrx_word' id='word_1_240' title='bbox 881 3460 929 3500; x_wconf 91' lang='lat' dir='ltr'><strong>et</strong></span> <span class='ocrx_word' id='word_1_241' title='bbox 982 3468 1117 3517; x_wconf 88' lang='lat' dir='ltr'><strong>aeque</strong></span> <span class='ocrx_word' id='word_1_242' title='bbox 1173 3452 1440 3507; x_wconf 85' lang='lat' dir='ltr'><strong>formosum,</strong></span> <span class='ocrx_word' id='word_1_243' title='bbox 1497 3469 1591 3501; x_wconf 91' lang='lat' dir='ltr'><strong>non</strong></span> 
     </span>
     <span class='ocr_line' id='line_1_44' title="bbox 577 3515 1592 3582; baseline 0.005 -20"><span class='ocrx_word' id='word_1_244' title='bbox 577 3516 740 3565; x_wconf 72' lang='lat' dir='ltr'><strong>minus</strong></span> <span class='ocrx_word' id='word_1_245' title='bbox 768 3516 979 3580; x_wconf 88' lang='lat' dir='ltr'><strong>dignum,</strong></span> <span class='ocrx_word' id='word_1_246' title='bbox 1015 3517 1095 3580; x_wconf 91' lang='lat' dir='ltr'><strong>qui</strong></span> <span class='ocrx_word' id='word_1_247' title='bbox 1131 3515 1181 3565; x_wconf 90' lang='lat' dir='ltr'><strong>in</strong></span> <span class='ocrx_word' id='word_1_248' title='bbox 1218 3515 1393 3565; x_wconf 84' lang='lat' dir='ltr'><strong>coelum</strong></span> <span class='ocrx_word' id='word_1_249' title='bbox 1427 3526 1592 3582; x_wconf 85' lang='lat' dir='ltr'><strong>raptus</strong></span> 
     </span>
     <span class='ocr_line' id='line_1_45' title="bbox 577 3580 1588 3694; baseline 0.005 -66"><span class='ocrx_word' id='word_1_250' title='bbox 577 3581 685 3694; x_wconf 58' lang='lat' dir='ltr'><strong>ggvi</strong></span> <span class='ocrx_word' id='word_1_251' title='bbox 702 3582 876 3646; x_wconf 86' lang='lat' dir='ltr'><strong>pocula</strong></span> <span class='ocrx_word' id='word_1_252' title='bbox 895 3580 1193 3630; x_wconf 67' lang='lat' dir='ltr'><strong>ministrares</strong></span> <span class='ocrx_word' id='word_1_253' title='bbox 1219 3581 1296 3630; x_wconf 88' lang='lat' dir='ltr'><strong>Cf.</strong></span> <span class='ocrx_word' id='word_1_254' title='bbox 1317 3596 1419 3648; x_wconf 89' lang='lat' dir='ltr'><strong>sup.</strong></span> <span class='ocrx_word' id='word_1_255' title='bbox 1444 3583 1506 3631; x_wconf 85' lang='lat' dir='ltr'><strong>ad</strong></span> <span class='ocrx_word' id='word_1_256' title='bbox 1525 3584 1588 3633; x_wconf 90' lang='lat' dir='ltr'><strong>V.</strong></span> 
     </span>
     <span class='ocr_line' id='line_1_46' title="bbox 574 3706 1586 3774; baseline 0.003 -19"><span class='ocrx_word' id='word_1_257' title='bbox 574 3709 579 3715; x_wconf 91' lang='lat'>&#39;</span> <span class='ocrx_word' id='word_1_258' title='bbox 643 3706 722 3756; x_wconf 85' lang='lat'><strong>48.</strong></span> <span class='ocrx_word' id='word_1_259' title='bbox 743 3711 821 3759; x_wconf 90' lang='lat'><strong>49.</strong></span> <span class='ocrx_word' id='word_1_260' title='bbox 845 3711 1023 3767; x_wconf 88' lang='lat' dir='ltr'><strong>Verba,</strong></span> <span class='ocrx_word' id='word_1_261' title='bbox 1046 3709 1225 3774; x_wconf 89' lang='lat' dir='ltr'><strong>opinor,</strong></span> <span class='ocrx_word' id='word_1_262' title='bbox 1256 3727 1349 3759; x_wconf 89' lang='lat' dir='ltr'><strong>non</strong></span> <span class='ocrx_word' id='word_1_263' title='bbox 1381 3711 1586 3769; x_wconf 81' lang='lat' dir='ltr'><strong>Naevoli,</strong></span> 
     </span>
     <span class='ocr_line' id='line_1_47' title="bbox 563 3770 1583 3840; baseline 0.005 -21"><span class='ocrx_word' id='word_1_264' title='bbox 563 3770 662 3835; x_wconf 80' lang='lat' dir='ltr'><strong>sed</strong></span> <span class='ocrx_word' id='word_1_265' title='bbox 680 3780 850 3838; x_wconf 85' lang='lat' dir='ltr'><strong>poetae,</strong></span> <span class='ocrx_word' id='word_1_266' title='bbox 873 3774 1121 3823; x_wconf 87' lang='lat' dir='ltr'><strong>Virronem</strong></span> <span class='ocrx_word' id='word_1_267' title='bbox 1143 3776 1278 3840; x_wconf 88' lang='lat' dir='ltr'><strong>eique</strong></span> <span class='ocrx_word' id='word_1_268' title='bbox 1300 3775 1476 3824; x_wconf 86' lang='lat' dir='ltr'><strong>similes</strong></span> <span class='ocrx_word' id='word_1_269' title='bbox 1500 3778 1583 3824; x_wconf 83' lang='lat' dir='ltr'><strong>ad-</strong></span> 
     </span>
     <span class='ocr_line' id='line_1_48' title="bbox 577 3837 1588 3905; baseline 0.005 -21"><span class='ocrx_word' id='word_1_270' title='bbox 577 3837 836 3901; x_wconf 86' lang='lat' dir='ltr'><strong>loquentis:</strong></span> <span class='ocrx_word' id='word_1_271' title='bbox 889 3839 999 3895; x_wconf 51' lang='lat' dir='ltr'><strong>¹uid</strong></span> <span class='ocrx_word' id='word_1_272' title='bbox 1042 3854 1125 3887; x_wconf 90' lang='lat' dir='ltr'><strong>vos</strong></span> <span class='ocrx_word' id='word_1_273' title='bbox 1167 3841 1271 3889; x_wconf 86' lang='lat' dir='ltr'><strong>aliis</strong></span> <span class='ocrx_word' id='word_1_274' title='bbox 1302 3840 1588 3905; x_wconf 84' lang='lat' dir='ltr'><strong>pauperibus</strong></span> 
     </span>
     <span class='ocr_line' id='line_1_49' title="bbox 576 3900 1584 3965; baseline 0.004 -16"><span class='ocrx_word' id='word_1_275' title='bbox 576 3900 824 3965; x_wconf 82' lang='lat' dir='ltr'><strong>minusque</strong></span> <span class='ocrx_word' id='word_1_276' title='bbox 846 3901 894 3950; x_wconf 91' lang='lat' dir='ltr'><strong>di</strong></span> <span class='ocrx_word' id='word_1_277' title='bbox 915 3903 1029 3951; x_wconf 85' lang='lat' dir='ltr'><strong>ectis</strong></span> <span class='ocrx_word' id='word_1_278' title='bbox 1049 3906 1230 3952; x_wconf 72' lang='lat' dir='ltr'><strong>adseclis</strong></span> <span class='ocrx_word' id='word_1_279' title='bbox 1249 3920 1305 3954; x_wconf 89' lang='lat' dir='ltr'><strong>ac</strong></span> <span class='ocrx_word' id='word_1_280' title='bbox 1326 3906 1584 3962; x_wconf 67' lang='lat' dir='ltr'><strong>cuum-ihus,</strong></span> 
     </span>
     <span class='ocr_line' id='line_1_50' title="bbox 573 3964 1587 4024; baseline 0.003 -11"><span class='ocrx_word' id='word_1_281' title='bbox 573 3964 626 4021; x_wconf 84' lang='lat' dir='ltr'><strong>h.</strong></span> <span class='ocrx_word' id='word_1_282' title='bbox 648 3967 959 4019; x_wconf 64' lang='lat' dir='ltr'><strong>acuentibus</strong></span> <span class='ocrx_word' id='word_1_283' title='bbox 990 3966 1241 4024; x_wconf 89' lang='lat' dir='ltr'><strong>donabitis,</strong></span> <span class='ocrx_word' id='word_1_284' title='bbox 1276 3969 1314 4016; x_wconf 87' lang='lat' dir='ltr'><strong>si</strong></span> <span class='ocrx_word' id='word_1_285' title='bbox 1350 3983 1408 4015; x_wconf 90' lang='lat' dir='ltr'><strong>ne</strong></span> <span class='ocrx_word' id='word_1_286' title='bbox 1443 3972 1587 4016; x_wconf 86' lang='lat' dir='ltr'><strong>morbo</strong></span> 
     </span>
     <span class='ocr_line' id='line_1_51' title="bbox 575 4030 1584 4093; baseline 0.001 -13"><span class='ocrx_word' id='word_1_287' title='bbox 575 4031 783 4093; x_wconf 91' lang='lat' dir='ltr'><strong>quidem,</strong></span> <span class='ocrx_word' id='word_1_288' title='bbox 819 4030 1004 4079; x_wconf 87' lang='lat' dir='ltr'><strong>libidini</strong></span> <span class='ocrx_word' id='word_1_289' title='bbox 1041 4040 1223 4087; x_wconf 85' lang='lat' dir='ltr'><strong>vestrae,</strong></span> <span class='ocrx_word' id='word_1_290' title='bbox 1265 4031 1311 4079; x_wconf 90' lang='lat' dir='ltr'><strong>b.</strong></span> <span class='ocrx_word' id='word_1_291' title='bbox 1349 4048 1393 4080; x_wconf 88' lang='lat' dir='ltr'><strong>e.</strong></span> <span class='ocrx_word' id='word_1_292' title='bbox 1431 4032 1584 4091; x_wconf 87' lang='lat' dir='ltr'><strong>nobis,</strong></span> 
     </span>
     <span class='ocr_line' id='line_1_52' title="bbox 576 4094 1587 4161; baseline 0.005 -19"><span class='ocrx_word' id='word_1_293' title='bbox 576 4094 824 4146; x_wconf 78' lang='lat' dir='ltr'><strong>clientibus</strong></span> <span class='ocrx_word' id='word_1_294' title='bbox 858 4097 1039 4151; x_wconf 84' lang='lat' dir='ltr'><strong>vestris,</strong></span> <span class='ocrx_word' id='word_1_295' title='bbox 1078 4095 1160 4161; x_wconf 90' lang='lat' dir='ltr'><strong>qui</strong></span> <span class='ocrx_word' id='word_1_296' title='bbox 1197 4105 1361 4145; x_wconf 86' lang='lat' dir='ltr'><strong>vestrae</strong></span> <span class='ocrx_word' id='word_1_297' title='bbox 1399 4096 1587 4147; x_wconf 86' lang='lat' dir='ltr'><strong>libidini</strong></span> 
     </span>
     <span class='ocr_line' id='line_1_53' title="bbox 573 4159 1276 4224; baseline 0.001 -19"><span class='ocrx_word' id='word_1_298' title='bbox 573 4159 900 4216; x_wconf 77' lang='lat' dir='ltr'><strong>satisfacimus,</strong></span> <span class='ocrx_word' id='word_1_299' title='bbox 923 4159 1101 4224; x_wconf 89' lang='lat' dir='ltr'><strong>aliquid</strong></span> <span class='ocrx_word' id='word_1_300' title='bbox 1122 4160 1276 4208; x_wconf 69' lang='lat' dir='ltr'><strong>datis!</strong></span> 
     </span>
    </p>

    <p class='ocr_par' dir='ltr' id='par_1_16' title="bbox 573 4223 1584 4481">
     <span class='ocr_line' id='line_1_54' title="bbox 639 4223 1583 4285; baseline 0 -12"><span class='ocrx_word' id='word_1_301' title='bbox 639 4227 846 4273; x_wconf 86' lang='lat'><strong>50-53.</strong></span> <span class='ocrx_word' id='word_1_302' title='bbox 867 4223 1026 4273; x_wconf 86' lang='lat' dir='ltr'><strong>Etiam</strong></span> <span class='ocrx_word' id='word_1_303' title='bbox 1044 4225 1146 4272; x_wconf 82' lang='lat' dir='ltr'><strong>haec</strong></span> <span class='ocrx_word' id='word_1_304' title='bbox 1179 4225 1337 4282; x_wconf 86' lang='lat' dir='ltr'><strong>verba,</strong></span> <span class='ocrx_word' id='word_1_305' title='bbox 1362 4224 1410 4271; x_wconf 89' lang='lat' dir='ltr'><strong>ni</strong></span> <span class='ocrx_word' id='word_1_306' title='bbox 1430 4223 1583 4285; x_wconf 83' lang='lat' dir='ltr'><strong>fallor,</strong></span> 
     </span>
     <span class='ocr_line' id='line_1_55' title="bbox 576 4287 1584 4354; baseline 0.005 -21"><span class='ocrx_word' id='word_1_307' title='bbox 576 4302 668 4335; x_wconf 85' lang='lat' dir='ltr'><strong>non</strong></span> <span class='ocrx_word' id='word_1_308' title='bbox 686 4287 937 4337; x_wconf 89' lang='lat' dir='ltr'><strong>tribuenda</strong></span> <span class='ocrx_word' id='word_1_309' title='bbox 950 4297 1059 4337; x_wconf 87' lang='lat' dir='ltr'><strong>sunt</strong></span> <span class='ocrx_word' id='word_1_310' title='bbox 1079 4288 1128 4336; x_wconf 91' lang='lat' dir='ltr'>N</span> <span class='ocrx_word' id='word_1_311' title='bbox 1131 4289 1293 4346; x_wconf 82' lang='lat' dir='ltr'><strong>aevolo,</strong></span> <span class='ocrx_word' id='word_1_312' title='bbox 1313 4289 1395 4337; x_wconf 86' lang='lat' dir='ltr'><strong>sed</strong></span> <span class='ocrx_word' id='word_1_313' title='bbox 1418 4298 1584 4354; x_wconf 82' lang='lat' dir='ltr'><strong>poetae,</strong></span> 
     </span>
     <span class='ocr_line' id='line_1_56' title="bbox 573 4350 1582 4417; baseline 0.008 -22"><span class='ocrx_word' id='word_1_314' title='bbox 573 4350 723 4415; x_wconf 82' lang='lat' dir='ltr'><strong>iisque</strong></span> <span class='ocrx_word' id='word_1_315' title='bbox 762 4352 1025 4401; x_wconf 88' lang='lat' dir='ltr'><strong>continetur</strong></span> <span class='ocrx_word' id='word_1_316' title='bbox 1067 4352 1276 4417; x_wconf 87' lang='lat' dir='ltr'><strong>lepidum</strong></span> <span class='ocrx_word' id='word_1_317' title='bbox 1316 4355 1582 4413; x_wconf 89' lang='lat' dir='ltr'><strong>consilium,</strong></span> 
     </span>
     <span class='ocr_line' id='line_1_57' title="bbox 575 4415 1584 4481; baseline 0.008 -19"><span class='ocrx_word' id='word_1_318' title='bbox 575 4415 777 4464; x_wconf 81' lang='lat' dir='ltr'><strong>Noevolo</strong></span> <span class='ocrx_word' id='word_1_319' title='bbox 798 4416 978 4474; x_wconf 88' lang='lat' dir='ltr'><strong>datum,</strong></span> <span class='ocrx_word' id='word_1_320' title='bbox 1002 4425 1142 4481; x_wconf 86' lang='lat' dir='ltr'><strong>atque</strong></span> <span class='ocrx_word' id='word_1_321' title='bbox 1165 4433 1325 4468; x_wconf 81' lang='lat' dir='ltr'><strong>amara</strong></span> <span class='ocrx_word' id='word_1_322' title='bbox 1345 4418 1504 4469; x_wconf 87' lang='lat' dir='ltr'><strong>inrisio</strong></span> <span class='ocrx_word' id='word_1_323' title='bbox 1536 4430 1584 4470; x_wconf 90' lang='lat' dir='ltr'><strong>et</strong></span> 
     </span>
    </p>
   </div>
   <div class='ocr_carea' id='block_1_14' title="bbox 1651 1769 2683 3760">
    <p class='ocr_par' dir='ltr' id='par_1_17' title="bbox 1656 1769 2683 2150">
     <span class='ocr_line' id='line_1_58' title="bbox 1656 1769 2673 1829; baseline 0.001 -11"><span class='ocrx_word' id='word_1_324' title='bbox 1656 1769 1829 1829; x_wconf 66' lang='lat' dir='ltr'><strong>forme,</strong></span> <span class='ocrx_word' id='word_1_325' title='bbox 1852 1780 1901 1822; x_wconf 88' lang='lat' dir='ltr'><strong>et</strong></span> <span class='ocrx_word' id='word_1_326' title='bbox 1934 1770 2162 1826; x_wconf 79' lang='lat' dir='ltr'><strong>avaritiae,</strong></span> <span class='ocrx_word' id='word_1_327' title='bbox 2196 1779 2243 1820; x_wconf 90' lang='lat' dir='ltr'><strong>et</strong></span> <span class='ocrx_word' id='word_1_328' title='bbox 2275 1770 2488 1819; x_wconf 87' lang='lat' dir='ltr'><strong>mollitiei</strong></span> <span class='ocrx_word' id='word_1_329' title='bbox 2510 1770 2673 1820; x_wconf 88' lang='lat' dir='ltr'><strong>Virro-</strong></span> 
     </span>
     <span class='ocr_line' id='line_1_59' title="bbox 1657 1835 2683 1886; baseline 0.001 -3"><span class='ocrx_word' id='word_1_330' title='bbox 1657 1836 1729 1884; x_wconf 87' lang='lat' dir='ltr'><strong>nis</strong></span> <span class='ocrx_word' id='word_1_331' title='bbox 1768 1836 1970 1886; x_wconf 78' lang='lat' dir='ltr'><strong>cinaedi:</strong></span> <span class='ocrx_word' id='word_1_332' title='bbox 2021 1852 2082 1885; x_wconf 88' lang='lat' dir='ltr'><strong>en</strong></span> <span class='ocrx_word' id='word_1_333' title='bbox 2118 1835 2423 1885; x_wconf 89' lang='lat' dir='ltr'><strong>formosulum</strong></span> <span class='ocrx_word' id='word_1_334' title='bbox 2465 1835 2601 1884; x_wconf 86' lang='lat' dir='ltr'><strong>illum</strong></span> <span class='ocrx_word' id='word_1_335' title='bbox 2633 1844 2683 1884; x_wconf 87' lang='lat' dir='ltr'><strong>et</strong></span> 
     </span>
     <span class='ocr_line' id='line_1_60' title="bbox 1657 1897 2679 1966; baseline -0.002 -15"><span class='ocrx_word' id='word_1_336' title='bbox 1657 1901 1913 1951; x_wconf 85' lang='lat' dir='ltr'><strong>delicatum</strong></span> <span class='ocrx_word' id='word_1_337' title='bbox 1937 1901 2282 1965; x_wconf 85' lang='lat' dir='ltr'><strong>Ganymedem,</strong></span> <span class='ocrx_word' id='word_1_338' title='bbox 2304 1899 2381 1949; x_wconf 90' lang='lat' dir='ltr'><strong>cui</strong></span> <span class='ocrx_word' id='word_1_339' title='bbox 2416 1909 2468 1948; x_wconf 87' lang='lat' dir='ltr'><strong>tu</strong></span> <span class='ocrx_word' id='word_1_340' title='bbox 2501 1897 2679 1966; x_wconf 76' lang='lat' dir='ltr'><strong>potiuS,</strong></span> 
     </span>
     <span class='ocr_line' id='line_1_61' title="bbox 1656 1966 2676 2030; baseline 0.001 -17"><span class='ocrx_word' id='word_1_341' title='bbox 1656 1982 1802 2030; x_wconf 88' lang='lat' dir='ltr'><strong>quum</strong></span> <span class='ocrx_word' id='word_1_342' title='bbox 1838 1973 1935 2013; x_wconf 84' lang='lat' dir='ltr'><strong>tam</strong></span> <span class='ocrx_word' id='word_1_343' title='bbox 1968 1980 2136 2015; x_wconf 88' lang='lat' dir='ltr'><strong>avarus</strong></span> <span class='ocrx_word' id='word_1_344' title='bbox 2167 1966 2244 2021; x_wconf 88' lang='lat' dir='ltr'><strong>sit,</strong></span> <span class='ocrx_word' id='word_1_345' title='bbox 2266 1981 2463 2013; x_wconf 88' lang='lat' dir='ltr'><strong>munera</strong></span> <span class='ocrx_word' id='word_1_346' title='bbox 2497 1966 2676 2021; x_wconf 86' lang='lat' dir='ltr'><strong>mittas,</strong></span> 
     </span>
     <span class='ocr_line' id='line_1_62' title="bbox 1660 2030 2680 2094; baseline 0 -16"><span class='ocrx_word' id='word_1_347' title='bbox 1660 2038 1709 2078; x_wconf 91' lang='lat' dir='ltr'><strong>et</strong></span> <span class='ocrx_word' id='word_1_348' title='bbox 1731 2030 1921 2094; x_wconf 89' lang='lat' dir='ltr'><strong>quidem</strong></span> <span class='ocrx_word' id='word_1_349' title='bbox 1943 2030 2216 2087; x_wconf 83' lang='lat' dir='ltr'><strong>umbellam,</strong></span> <span class='ocrx_word' id='word_1_350' title='bbox 2239 2045 2300 2077; x_wconf 90' lang='lat' dir='ltr'><strong>ne</strong></span> <span class='ocrx_word' id='word_1_351' title='bbox 2332 2031 2430 2078; x_wconf 86' lang='lat' dir='ltr'><strong>sole</strong></span> <span class='ocrx_word' id='word_1_352' title='bbox 2464 2030 2680 2078; x_wconf 85' lang='lat' dir='ltr'><strong>obfusce-</strong></span> 
     </span>
     <span class='ocr_line' id='line_1_63' title="bbox 1661 2094 2681 2150; baseline -0.002 -6"><span class='ocrx_word' id='word_1_353' title='bbox 1661 2104 1752 2150; x_wconf 87' lang='lat' dir='ltr'><strong>tur,</strong></span> <span class='ocrx_word' id='word_1_354' title='bbox 1795 2096 1870 2144; x_wconf 86' lang='lat' dir='ltr'><strong>vel</strong></span> <span class='ocrx_word' id='word_1_355' title='bbox 1916 2094 2064 2144; x_wconf 84' lang='lat' dir='ltr'><strong>alium</strong></span> <span class='ocrx_word' id='word_1_356' title='bbox 2115 2103 2333 2143; x_wconf 88' lang='lat' dir='ltr'><strong>ornatum</strong></span> <span class='ocrx_word' id='word_1_357' title='bbox 2386 2095 2681 2150; x_wconf 85' lang='lat' dir='ltr'><strong>muliebrem,</strong></span> 
     </span>
    </p>

    <p class='ocr_par' dir='ltr' id='par_1_18' title="bbox 1691 2158 2675 2209">
     <span class='ocr_line' id='line_1_64' title="bbox 1691 2158 2675 2209; baseline -0.004 -1"><span class='ocrx_word' id='word_1_358' title='bbox 1691 2175 1804 2208; x_wconf 88' lang='lat' dir='ltr'><strong>uum</strong></span> <span class='ocrx_word' id='word_1_359' title='bbox 1824 2160 2031 2208; x_wconf 88' lang='lat' dir='ltr'><strong>mulieris</strong></span> <span class='ocrx_word' id='word_1_360' title='bbox 2064 2168 2110 2207; x_wconf 92' lang='lat' dir='ltr'><strong>et</strong></span> <span class='ocrx_word' id='word_1_361' title='bbox 2133 2159 2298 2208; x_wconf 83' lang='lat' dir='ltr'><strong>amicae</strong></span> <span class='ocrx_word' id='word_1_362' title='bbox 2333 2159 2437 2209; x_wconf 88' lang='lat' dir='ltr'><strong>loco</strong></span> <span class='ocrx_word' id='word_1_363' title='bbox 2472 2160 2533 2208; x_wconf 86' lang='lat' dir='ltr'><strong>sit</strong></span> <span class='ocrx_word' id='word_1_364' title='bbox 2566 2158 2675 2207; x_wconf 87' lang='lat' dir='ltr'><strong>tibi!</strong></span> 
     </span>
    </p>

    <p class='ocr_par' dir='ltr' id='par_1_19' title="bbox 1657 2223 2680 2532">
     <span class='ocr_line' id='line_1_65' title="bbox 1712 2223 2680 2290; baseline -0.002 -17"><span class='ocrx_word' id='word_1_365' title='bbox 1712 2241 1783 2273; x_wconf 83' lang='lat' dir='ltr'><strong>aec</strong></span> <span class='ocrx_word' id='word_1_366' title='bbox 1805 2226 1948 2273; x_wconf 85' lang='lat' dir='ltr'><strong>verba</strong></span> <span class='ocrx_word' id='word_1_367' title='bbox 1967 2232 2181 2290; x_wconf 83' lang='lat' dir='ltr'><strong>spectant</strong></span> <span class='ocrx_word' id='word_1_368' title='bbox 2194 2223 2256 2272; x_wconf 89' lang='lat' dir='ltr'><strong>ad</strong></span> <span class='ocrx_word' id='word_1_369' title='bbox 2274 2239 2350 2280; x_wconf 90' lang='lat' dir='ltr'><strong>ea,</strong></span> <span class='ocrx_word' id='word_1_370' title='bbox 2370 2240 2480 2290; x_wconf 79' lang='lat' dir='ltr'><strong>quae</strong></span> <span class='ocrx_word' id='word_1_371' title='bbox 2501 2224 2552 2271; x_wconf 93' lang='lat' dir='ltr'>N</span> <span class='ocrx_word' id='word_1_372' title='bbox 2556 2239 2680 2272; x_wconf 78' lang='lat' dir='ltr'><strong>aevo-</strong></span> 
     </span>
     <span class='ocr_line' id='line_1_66' title="bbox 1657 2287 2675 2340; baseline -0.001 -4"><span class='ocrx_word' id='word_1_373' title='bbox 1657 2287 1732 2337; x_wconf 87' lang='lat' dir='ltr'><strong>lus</strong></span> <span class='ocrx_word' id='word_1_374' title='bbox 1750 2305 1797 2336; x_wconf 87' lang='lat' dir='ltr'><strong>v.</strong></span> <span class='ocrx_word' id='word_1_375' title='bbox 1817 2291 1896 2340; x_wconf 83' lang='lat'><strong>46.</strong></span> <span class='ocrx_word' id='word_1_376' title='bbox 1918 2290 1997 2336; x_wconf 87' lang='lat'><strong>47.</strong></span> <span class='ocrx_word' id='word_1_377' title='bbox 2019 2296 2067 2337; x_wconf 90' lang='lat' dir='ltr'><strong>et</strong></span> <span class='ocrx_word' id='word_1_378' title='bbox 2099 2290 2243 2337; x_wconf 80' lang='lat' dir='ltr'><strong>verba</strong></span> <span class='ocrx_word' id='word_1_379' title='bbox 2273 2305 2319 2336; x_wconf 91' lang='lat' dir='ltr'><strong>v.</strong></span> <span class='ocrx_word' id='word_1_380' title='bbox 2340 2291 2419 2337; x_wconf 87' lang='grc'><strong>48.</strong></span> <span class='ocrx_word' id='word_1_381' title='bbox 2441 2296 2491 2336; x_wconf 83' lang='lat' dir='ltr'><strong>et</strong></span> <span class='ocrx_word' id='word_1_382' title='bbox 2512 2290 2594 2337; x_wconf 83' lang='lat'><strong>49.</strong></span> <span class='ocrx_word' id='word_1_383' title='bbox 2616 2289 2675 2336; x_wconf 78' lang='lat' dir='ltr'><strong>ad</strong></span> 
     </span>
     <span class='ocr_line' id='line_1_67' title="bbox 1658 2353 2676 2419; baseline -0.002 -17"><span class='ocrx_word' id='word_1_384' title='bbox 1658 2368 1733 2409; x_wconf 89' lang='lat' dir='ltr'><strong>ea,</strong></span> <span class='ocrx_word' id='word_1_385' title='bbox 1750 2370 1858 2419; x_wconf 85' lang='lat' dir='ltr'><strong>quae</strong></span> <span class='ocrx_word' id='word_1_386' title='bbox 1880 2353 1962 2401; x_wconf 90' lang='lat' dir='ltr'><strong>ille</strong></span> <span class='ocrx_word' id='word_1_387' title='bbox 1984 2370 2030 2401; x_wconf 87' lang='lat' dir='ltr'><strong>v.</strong></span> <span class='ocrx_word' id='word_1_388' title='bbox 2053 2353 2134 2402; x_wconf 80' lang='lat'><strong>45.</strong></span> <span class='ocrx_word' id='word_1_389' title='bbox 2155 2353 2353 2402; x_wconf 81' lang='lat' dir='ltr'><strong>dixerat.</strong></span> <span class='ocrx_word' id='word_1_390' title='bbox 2420 2353 2584 2418; x_wconf 85' lang='lat' dir='ltr'><strong>Vulgo</strong></span> <span class='ocrx_word' id='word_1_391' title='bbox 2603 2353 2676 2400; x_wconf 88' lang='lat' dir='ltr'><strong>in-</strong></span> 
     </span>
     <span class='ocr_line' id='line_1_68' title="bbox 1658 2416 2675 2532; baseline 0.001 -66"><span class='ocrx_word' id='word_1_392' title='bbox 1658 2417 1740 2531; x_wconf 57' lang='lat' dir='ltr'><strong>gui</strong></span> <span class='ocrx_word' id='word_1_393' title='bbox 1776 2426 1961 2532; x_wconf 54' lang='lat' dir='ltr'><strong>piatam,</strong></span> <span class='ocrx_word' id='word_1_394' title='bbox 1992 2416 2125 2467; x_wconf 73' lang='lat' dir='ltr'><strong>nihil·</strong></span> <span class='ocrx_word' id='word_1_395' title='bbox 2141 2416 2345 2532; x_wconf 51' lang='grc' dir='ltr'><strong>ῧιιῗῇἳα</strong></span> <span class='ocrx_word' id='word_1_396' title='bbox 2358 2426 2458 2467; x_wconf 80' lang='lat' dir='ltr'><strong>tam</strong></span> <span class='ocrx_word' id='word_1_397' title='bbox 2490 2418 2675 2531; x_wconf 48' lang='lat' dir='ltr'><strong>inbffrato</strong></span> 
     </span>
    </p>

    <p class='ocr_par' dir='ltr' id='par_1_20' title="bbox 1651 2499 2680 3760">
     <span class='ocr_line' id='line_1_69' title="bbox 1692 2499 2680 2533; baseline -0.001 -1"><span class='ocrx_word' id='word_1_398' title='bbox 1692 2499 1816 2532; x_wconf 90' lang='lat' dir='ltr'><strong>onan</strong></span> <span class='ocrx_word' id='word_1_399' title='bbox 1853 2500 1931 2532; x_wconf 90' lang='lat' dir='ltr'><strong>um</strong></span> <span class='ocrx_word' id='word_1_400' title='bbox 1950 2500 2068 2533; x_wconf 85' lang='lat' dir='ltr'><strong>esse.</strong></span> <span class='ocrx_word' id='word_1_401' title='bbox 2188 2502 2229 2531; x_wconf 87' lang='lat' dir='ltr'><strong>m</strong></span> <span class='ocrx_word' id='word_1_402' title='bbox 2377 2500 2416 2532; x_wconf 90' lang='lat' dir='ltr'><strong>s.</strong></span> <span class='ocrx_word' id='word_1_403' title='bbox 2436 2501 2514 2531; x_wconf 82' lang='lat' dir='ltr'><strong>um</strong></span> <span class='ocrx_word' id='word_1_404' title='bbox 2568 2501 2680 2531; x_wconf 81' lang='lat' dir='ltr'><strong>acu-</strong></span> 
     </span>
     <span class='ocr_line' id='line_1_70' title="bbox 1660 2547 2678 2612; baseline 0.002 -17"><span class='ocrx_word' id='word_1_405' title='bbox 1660 2552 1771 2603; x_wconf 74' lang='lat' dir='ltr'><strong>lam,</strong></span> <span class='ocrx_word' id='word_1_406' title='bbox 1803 2547 2009 2605; x_wconf 69' lang='grc' dir='ltr'><strong>σκιάδιον,</strong></span> <span class='ocrx_word' id='word_1_407' title='bbox 2043 2547 2199 2596; x_wconf 88' lang='lat' dir='ltr'><strong>velum</strong></span> <span class='ocrx_word' id='word_1_408' title='bbox 2232 2549 2311 2596; x_wconf 86' lang='lat' dir='ltr'><strong>vel</strong></span> <span class='ocrx_word' id='word_1_409' title='bbox 2341 2548 2547 2597; x_wconf 88' lang='lat' dir='ltr'><strong>linteum</strong></span> <span class='ocrx_word' id='word_1_410' title='bbox 2579 2556 2678 2612; x_wconf 87' lang='lat' dir='ltr'><strong>teg-</strong></span> 
     </span>
     <span class='ocr_line' id='line_1_71' title="bbox 1659 2611 2680 2679; baseline -0.002 -18"><span class='ocrx_word' id='word_1_411' title='bbox 1659 2629 1785 2669; x_wconf 90' lang='lat' dir='ltr'><strong>men,</strong></span> <span class='ocrx_word' id='word_1_412' title='bbox 1805 2614 1932 2677; x_wconf 87' lang='lat' dir='ltr'><strong>quod</strong></span> <span class='ocrx_word' id='word_1_413' title='bbox 1949 2616 2151 2662; x_wconf 81' lang='lat' dir='ltr'><strong>umbram</strong></span> <span class='ocrx_word' id='word_1_414' title='bbox 2168 2611 2284 2660; x_wconf 85' lang='lat' dir='ltr'><strong>facit</strong></span> <span class='ocrx_word' id='word_1_415' title='bbox 2300 2620 2349 2661; x_wconf 88' lang='lat' dir='ltr'><strong>et</strong></span> <span class='ocrx_word' id='word_1_416' title='bbox 2370 2629 2515 2679; x_wconf 84' lang='lat' dir='ltr'><strong>supra</strong></span> <span class='ocrx_word' id='word_1_417' title='bbox 2536 2620 2680 2678; x_wconf 81' lang='lat' dir='ltr'><strong>caput</strong></span> 
     </span>
     <span class='ocr_line' id='line_1_72' title="bbox 1658 2678 2677 2744; baseline 0 -19"><span class='ocrx_word' id='word_1_418' title='bbox 1658 2693 1934 2744; x_wconf 88' lang='lat' dir='ltr'><strong>suspensum</strong></span> <span class='ocrx_word' id='word_1_419' title='bbox 1958 2685 2085 2727; x_wconf 82' lang='lat' dir='ltr'><strong>arcet</strong></span> <span class='ocrx_word' id='word_1_420' title='bbox 2104 2686 2288 2725; x_wconf 81' lang='lat' dir='ltr'><strong>aestum.</strong></span> <span class='ocrx_word' id='word_1_421' title='bbox 2307 2678 2569 2742; x_wconf 70' lang='lat' dir='ltr'><strong>(Par-ascl.)</strong></span> <span class='ocrx_word' id='word_1_422' title='bbox 2591 2681 2677 2725; x_wconf 77' lang='lat' dir='ltr'><strong>Su-</strong></span> 
     </span>
     <span class='ocr_line' id='line_1_73' title="bbox 1657 2741 2679 2799; baseline 0 -8"><span class='ocrx_word' id='word_1_423' title='bbox 1657 2747 1777 2799; x_wconf 80' lang='lat' dir='ltr'><strong>cina,</strong></span> <span class='ocrx_word' id='word_1_424' title='bbox 1823 2741 2016 2791; x_wconf 83' lang='lat' dir='ltr'><strong>armillae</strong></span> <span class='ocrx_word' id='word_1_425' title='bbox 2071 2757 2099 2790; x_wconf 89' lang='lat' dir='ltr'><strong>e</strong></span> <span class='ocrx_word' id='word_1_426' title='bbox 2150 2741 2330 2797; x_wconf 88' lang='lat' dir='ltr'><strong>sucino,</strong></span> <span class='ocrx_word' id='word_1_427' title='bbox 2381 2742 2458 2790; x_wconf 91' lang='lat' dir='ltr'><strong>vel</strong></span> <span class='ocrx_word' id='word_1_428' title='bbox 2517 2742 2679 2791; x_wconf 84' lang='lat' dir='ltr'><strong>sucino</strong></span> 
     </span>
     <span class='ocr_line' id='line_1_74' title="bbox 1656 2806 2676 2872; baseline 0.003 -17"><span class='ocrx_word' id='word_1_429' title='bbox 1656 2806 1946 2872; x_wconf 86' lang='lat' dir='ltr'><strong>gemmisque</strong></span> <span class='ocrx_word' id='word_1_430' title='bbox 1967 2807 2218 2855; x_wconf 81' lang='lat' dir='ltr'><strong>distinctae.</strong></span> <span class='ocrx_word' id='word_1_431' title='bbox 2263 2806 2342 2855; x_wconf 84' lang='lat' dir='ltr'><strong>Cf.</strong></span> <span class='ocrx_word' id='word_1_432' title='bbox 2366 2822 2470 2871; x_wconf 88' lang='lat' dir='ltr'><strong>sup.</strong></span> <span class='ocrx_word' id='word_1_433' title='bbox 2496 2807 2560 2856; x_wconf 89' lang='lat' dir='ltr'><strong>ad</strong></span> <span class='ocrx_word' id='word_1_434' title='bbox 2583 2807 2676 2858; x_wconf 86' lang='lat' dir='ltr'><strong>VI.</strong></span> 
     </span>
     <span class='ocr_line' id='line_1_75' title="bbox 1657 2870 2674 2936; baseline -0.001 -16"><span class='ocrx_word' id='word_1_435' title='bbox 1657 2873 1770 2920; x_wconf 88' lang='grc'><strong>573.</strong></span> <span class='ocrx_word' id='word_1_436' title='bbox 1805 2874 1968 2920; x_wconf 76' lang='lat' dir='ltr'><strong>natalis</strong></span> <span class='ocrx_word' id='word_1_437' title='bbox 1995 2870 2095 2920; x_wconf 88' lang='lat' dir='ltr'><strong>dies</strong></span> <span class='ocrx_word' id='word_1_438' title='bbox 2118 2870 2346 2926; x_wconf 88' lang='lat' dir='ltr'><strong>Virronis,</strong></span> <span class='ocrx_word' id='word_1_439' title='bbox 2369 2887 2465 2935; x_wconf 93' lang='lat' dir='ltr'><strong>quo</strong></span> <span class='ocrx_word' id='word_1_440' title='bbox 2488 2871 2674 2936; x_wconf 85' lang='lat' dir='ltr'><strong>cognati</strong></span> 
     </span>
     <span class='ocr_line' id='line_1_76' title="bbox 1656 2935 2677 2999; baseline 0.001 -16"><span class='ocrx_word' id='word_1_441' title='bbox 1656 2943 1704 2983; x_wconf 91' lang='lat' dir='ltr'><strong>et</strong></span> <span class='ocrx_word' id='word_1_442' title='bbox 1726 2936 1868 2985; x_wconf 89' lang='lat' dir='ltr'><strong>amici</strong></span> <span class='ocrx_word' id='word_1_443' title='bbox 1891 2936 2018 2986; x_wconf 88' lang='lat' dir='ltr'><strong>dona</strong></span> <span class='ocrx_word' id='word_1_444' title='bbox 2037 2935 2220 2985; x_wconf 88' lang='lat' dir='ltr'><strong>mittere</strong></span> <span class='ocrx_word' id='word_1_445' title='bbox 2241 2935 2476 2984; x_wconf 86' lang='lat' dir='ltr'><strong>solebant.</strong></span> <span class='ocrx_word' id='word_1_446' title='bbox 2517 2938 2677 2999; x_wconf 71' lang='lat' dir='ltr'><strong>qzwties</strong></span> 
     </span>
     <span class='ocr_line' id='line_1_77' title="bbox 1656 2999 2674 3066; baseline 0.004 -19"><span class='ocrx_word' id='word_1_447' title='bbox 1656 3016 1733 3047; x_wconf 82' lang='lat' dir='ltr'><strong>ver</strong></span> <span class='ocrx_word' id='word_1_448' title='bbox 1747 3003 1918 3063; x_wconf 76' lang='lat' dir='ltr'><strong>incipit,</strong></span> <span class='ocrx_word' id='word_1_449' title='bbox 1934 3001 2162 3050; x_wconf 86' lang='lat' dir='ltr'><strong>Calendis</strong></span> <span class='ocrx_word' id='word_1_450' title='bbox 2180 2999 2389 3057; x_wconf 88' lang='lat' dir='ltr'><strong>Martiis,</strong></span> <span class='ocrx_word' id='word_1_451' title='bbox 2402 3017 2499 3066; x_wconf 90' lang='lat' dir='ltr'><strong>quo</strong></span> <span class='ocrx_word' id='word_1_452' title='bbox 2517 3015 2674 3051; x_wconf 85' lang='lat' dir='ltr'><strong>mense</strong></span> 
     </span>
     <span class='ocr_line' id='line_1_78' title="bbox 1655 3062 2673 3114; baseline 0 -3"><span class='ocrx_word' id='word_1_453' title='bbox 1655 3065 1776 3114; x_wconf 88' lang='lat' dir='ltr'><strong>veris</strong></span> <span class='ocrx_word' id='word_1_454' title='bbox 1795 3062 1980 3114; x_wconf 85' lang='lat' dir='ltr'><strong>initium</strong></span> <span class='ocrx_word' id='word_1_455' title='bbox 2001 3074 2088 3114; x_wconf 90' lang='lat' dir='ltr'><strong>est.</strong></span> <span class='ocrx_word' id='word_1_456' title='bbox 2137 3066 2349 3114; x_wconf 90' lang='lat' dir='ltr'><strong>Vernum</strong></span> <span class='ocrx_word' id='word_1_457' title='bbox 2373 3074 2533 3114; x_wconf 83' lang='lat' dir='ltr'><strong>autem</strong></span> <span class='ocrx_word' id='word_1_458' title='bbox 2555 3073 2673 3114; x_wconf 87' lang='lat' dir='ltr'><strong>tem·</strong></span> 
     </span>
     <span class='ocr_line' id='line_1_79' title="bbox 1653 3128 2677 3244; baseline 0.002 -3"><span class='ocrx_word' id='word_1_459' title='bbox 1653 3129 2051 3244; x_wconf 44' lang='lat' dir='ltr'><strong>ifffrrpi‘ip&#39;ithid</strong></span> <span class='ocrx_word' id='word_1_460' title='bbox 2085 3129 2123 3243; x_wconf 68' lang='lat'><strong>{3²</strong></span> <span class='ocrx_word' id='word_1_461' title='bbox 2154 3128 2557 3244; x_wconf 46' lang='lat' dir='ltr'><strong>{llinid&#39;xireffi</strong></span> <span class='ocrx_word' id='word_1_462' title='bbox 2594 3129 2677 3243; x_wconf 65' lang='lat' dir='ltr'><strong>2C⁵s</strong></span> 
     </span>
     <span class='ocr_line' id='line_1_80' title="bbox 1654 3259 2671 3324; baseline 0.002 -21"><span class='ocrx_word' id='word_1_463' title='bbox 1654 3260 1883 3308; x_wconf 79' lang='lat' dir='ltr'><strong>madidum</strong></span> <span class='ocrx_word' id='word_1_464' title='bbox 1902 3277 1997 3315; x_wconf 82' lang='lat' dir='ltr'><strong>ver,</strong></span> <span class='ocrx_word' id='word_1_465' title='bbox 2019 3276 2063 3307; x_wconf 88' lang='lat' dir='ltr'><strong>v.</strong></span> <span class='ocrx_word' id='word_1_466' title='bbox 2086 3273 2190 3324; x_wconf 85' lang='lat' dir='ltr'><strong>sup.</strong></span> <span class='ocrx_word' id='word_1_467' title='bbox 2212 3259 2275 3307; x_wconf 89' lang='lat' dir='ltr'><strong>ad</strong></span> <span class='ocrx_word' id='word_1_468' title='bbox 2309 3259 2405 3307; x_wconf 94' lang='lat' dir='ltr'><strong>IV.</strong></span> <span class='ocrx_word' id='word_1_469' title='bbox 2428 3259 2671 3319; x_wconf 52' lang='lat' dir='ltr'><strong>87.—Caf</strong></span> 
     </span>
     <span class='ocr_line' id='line_1_81' title="bbox 1657 3321 2675 3389; baseline 0.002 -20"><span class='ocrx_word' id='word_1_470' title='bbox 1657 3322 1813 3371; x_wconf 73' lang='lat' dir='ltr'><strong>thedra</strong></span> <span class='ocrx_word' id='word_1_471' title='bbox 1834 3339 2020 3389; x_wconf 86' lang='lat' dir='ltr'><strong>quoque</strong></span> <span class='ocrx_word' id='word_1_472' title='bbox 2051 3323 2150 3374; x_wconf 83' lang='lat' dir='ltr'><strong>viro</strong></span> <span class='ocrx_word' id='word_1_473' title='bbox 2169 3322 2440 3373; x_wconf 86' lang='lat' dir='ltr'><strong>effeminato</strong></span> <span class='ocrx_word' id='word_1_474' title='bbox 2463 3326 2575 3388; x_wconf 87' lang='lat' dir='ltr'><strong>apte</strong></span> <span class='ocrx_word' id='word_1_475' title='bbox 2597 3321 2675 3371; x_wconf 88' lang='lat' dir='ltr'><strong>tri·</strong></span> 
     </span>
     <span class='ocr_line' id='line_1_82' title="bbox 1654 3386 2674 3454; baseline 0.002 -20"><span class='ocrx_word' id='word_1_476' title='bbox 1654 3386 1828 3438; x_wconf 88' lang='lat' dir='ltr'><strong>buitur.</strong></span> <span class='ocrx_word' id='word_1_477' title='bbox 1846 3405 1891 3438; x_wconf 91' lang='lat' dir='ltr'><strong>v.</strong></span> <span class='ocrx_word' id='word_1_478' title='bbox 1914 3404 2017 3454; x_wconf 90' lang='lat' dir='ltr'><strong>sup.</strong></span> <span class='ocrx_word' id='word_1_479' title='bbox 2038 3387 2101 3436; x_wconf 86' lang='lat' dir='ltr'><strong>ad</strong></span> <span class='ocrx_word' id='word_1_480' title='bbox 2118 3389 2164 3437; x_wconf 91' lang='lat'><strong>1.</strong></span> <span class='ocrx_word' id='word_1_481' title='bbox 2181 3388 2263 3437; x_wconf 88' lang='lat'><strong>65.</strong></span> <span class='ocrx_word' id='word_1_482' title='bbox 2286 3397 2334 3437; x_wconf 92' lang='lat' dir='ltr'><strong>et</strong></span> <span class='ocrx_word' id='word_1_483' title='bbox 2352 3388 2447 3437; x_wconf 87' lang='lat' dir='ltr'><strong>vl.</strong></span> <span class='ocrx_word' id='word_1_484' title='bbox 2463 3389 2545 3436; x_wconf 89' lang='grc'><strong>91.</strong></span> <span class='ocrx_word' id='word_1_485' title='bbox 2555 3391 2674 3451; x_wconf 70' lang='lat' dir='ltr'><strong>posi-</strong></span> 
     </span>
     <span class='ocr_line' id='line_1_83' title="bbox 1657 3451 2671 3520; baseline 0.005 -23"><span class='ocrx_word' id='word_1_486' title='bbox 1657 3460 1746 3508; x_wconf 81' lang='lat' dir='ltr'><strong>tus,</strong></span> <span class='ocrx_word' id='word_1_487' title='bbox 1767 3453 1996 3520; x_wconf 85' lang='lat' dir='ltr'><strong>repositus</strong></span> <span class='ocrx_word' id='word_1_488' title='bbox 2018 3452 2184 3516; x_wconf 87' lang='lat' dir='ltr'><strong>jacens</strong></span> <span class='ocrx_word' id='word_1_489' title='bbox 2205 3453 2281 3501; x_wconf 86' lang='lat' dir='ltr'><strong>vel</strong></span> <span class='ocrx_word' id='word_1_490' title='bbox 2313 3451 2486 3501; x_wconf 88' lang='lat' dir='ltr'><strong>sedens</strong></span> <span class='ocrx_word' id='word_1_491' title='bbox 2515 3453 2568 3500; x_wconf 91' lang='lat' dir='ltr'><strong>in</strong></span> <span class='ocrx_word' id='word_1_492' title='bbox 2599 3470 2671 3502; x_wconf 51' lang='grc' dir='ltr'><strong>ωε</strong></span> 
     </span>
     <span class='ocr_line' id='line_1_84' title="bbox 1656 3516 2675 3592; baseline 0.002 -29"><span class='ocrx_word' id='word_1_493' title='bbox 1656 3517 1829 3574; x_wconf 80' lang='lat' dir='ltr'><strong>thedra,</strong></span> <span class='ocrx_word' id='word_1_494' title='bbox 1851 3525 2093 3592; x_wconf 86' lang='lat' dir='ltr'><strong>tamquam</strong></span> <span class='ocrx_word' id='word_1_495' title='bbox 2115 3516 2309 3566; x_wconf 87' lang='lat' dir='ltr'><strong>femina.</strong></span> <span class='ocrx_word' id='word_1_496' title='bbox 2375 3527 2538 3574; x_wconf 78' lang='lat' dir='ltr'><strong>strata,</strong></span> <span class='ocrx_word' id='word_1_497' title='bbox 2562 3532 2675 3566; x_wconf 77' lang='lat' dir='ltr'><strong>con-</strong></span> 
     </span>
     <span class='ocr_line' id='line_1_85' title="bbox 1654 3580 2673 3647; baseline 0.003 -19"><span class='ocrx_word' id='word_1_498' title='bbox 1654 3587 1802 3630; x_wconf 86' lang='lat' dir='ltr'><strong>strata</strong></span> <span class='ocrx_word' id='word_1_499' title='bbox 1832 3583 2068 3647; x_wconf 79' lang='lat' dir='ltr'><strong>tapetibus</strong></span> <span class='ocrx_word' id='word_1_500' title='bbox 2095 3580 2409 3646; x_wconf 90' lang='lat' dir='ltr'><strong>mollibusque</strong></span> <span class='ocrx_word' id='word_1_501' title='bbox 2430 3581 2673 3631; x_wconf 88' lang='lat' dir='ltr'><strong>cervicali.-</strong></span> 
     </span>
     <span class='ocr_line' id='line_1_86' title="bbox 1653 3644 2674 3712; baseline 0.001 -19"><span class='ocrx_word' id='word_1_502' title='bbox 1653 3644 1758 3693; x_wconf 79' lang='lat' dir='ltr'><strong>buS.</strong></span> <span class='ocrx_word' id='word_1_503' title='bbox 1823 3648 1904 3696; x_wconf 86' lang='lat'><strong>53.</strong></span> <span class='ocrx_word' id='word_1_504' title='bbox 1928 3645 2110 3712; x_wconf 88' lang='lat' dir='ltr'><strong>Lepide</strong></span> <span class='ocrx_word' id='word_1_505' title='bbox 2138 3646 2283 3694; x_wconf 87' lang='lat' dir='ltr'><strong>etiam</strong></span> <span class='ocrx_word' id='word_1_506' title='bbox 2316 3647 2490 3695; x_wconf 88' lang='lat' dir='ltr'><strong>suadet</strong></span> <span class='ocrx_word' id='word_1_507' title='bbox 2519 3655 2674 3711; x_wconf 82' lang='lat' dir='ltr'><strong>poeta,</strong></span> 
     </span>
     <span class='ocr_line' id='line_1_87' title="bbox 1651 3708 2676 3760; baseline 0.004 -4"><span class='ocrx_word' id='word_1_508' title='bbox 1651 3717 1706 3757; x_wconf 90' lang='lat' dir='ltr'><strong>ut</strong></span> <span class='ocrx_word' id='word_1_509' title='bbox 1726 3708 1852 3760; x_wconf 89' lang='lat' dir='ltr'><strong>dona</strong></span> <span class='ocrx_word' id='word_1_510' title='bbox 1869 3711 1973 3759; x_wconf 81' lang='lat' dir='ltr'><strong>haec</strong></span> <span class='ocrx_word' id='word_1_511' title='bbox 1997 3711 2243 3759; x_wconf 87' lang='lat' dir='ltr'><strong>mittantur</strong></span> <span class='ocrx_word' id='word_1_512' title='bbox 2275 3709 2460 3760; x_wconf 80' lang='lat' dir='ltr'><strong>cinoedo</strong></span> <span class='ocrx_word' id='word_1_513' title='bbox 2482 3713 2676 3760; x_wconf 72' lang='lat' dir='ltr'><strong>calendis</strong></span> 
     </span>
    </p>
   </div>
   <div class='ocr_carea' id='block_1_15' title="bbox 1635 3772 2667 3837">
    <p class='ocr_par' dir='ltr' id='par_1_21' title="bbox 1635 3772 2667 3837">
     <span class='ocr_line' id='line_1_88' title="bbox 1635 3772 2667 3837; baseline 0.002 -15"><span class='ocrx_word' id='word_1_514' title='bbox 1635 3772 1868 3837; x_wconf 75' lang='lat' dir='ltr'><strong>femineis,</strong></span> <span class='ocrx_word' id='word_1_515' title='bbox 1902 3775 1951 3823; x_wconf 89' lang='lat' dir='ltr'><strong>h.</strong></span> <span class='ocrx_word' id='word_1_516' title='bbox 1973 3792 2016 3824; x_wconf 92' lang='lat' dir='ltr'><strong>e.</strong></span> <span class='ocrx_word' id='word_1_517' title='bbox 2043 3774 2252 3832; x_wconf 84' lang='lat' dir='ltr'><strong>Martiis,</strong></span> <span class='ocrx_word' id='word_1_518' title='bbox 2306 3790 2380 3823; x_wconf 79' lang='lat' dir='ltr'><strong>uae</strong></span> <span class='ocrx_word' id='word_1_519' title='bbox 2415 3784 2463 3824; x_wconf 91' lang='lat' dir='ltr'><strong>et</strong></span> <span class='ocrx_word' id='word_1_520' title='bbox 2496 3775 2667 3824; x_wconf 82' lang='lat' dir='ltr'><strong>matro-</strong></span> 
     </span>
    </p>
   </div>
   <div class='ocr_carea' id='block_1_16' title="bbox 1648 3838 2671 4486">
    <p class='ocr_par' dir='ltr' id='par_1_22' title="bbox 1648 3838 2671 4486">
     <span class='ocr_line' id='line_1_89' title="bbox 1651 3838 2668 3889; baseline 0.003 -4"><span class='ocrx_word' id='word_1_521' title='bbox 1651 3838 1781 3887; x_wconf 88' lang='lat' dir='ltr'><strong>nalia</strong></span> <span class='ocrx_word' id='word_1_522' title='bbox 1803 3840 2108 3889; x_wconf 83' lang='lat' dir='ltr'><strong>dicebantur:</strong></span> <span class='ocrx_word' id='word_1_523' title='bbox 2144 3854 2255 3888; x_wconf 90' lang='lat' dir='ltr'><strong>nam</strong></span> <span class='ocrx_word' id='word_1_524' title='bbox 2322 3839 2363 3887; x_wconf 90' lang='lat' dir='ltr'><strong>is</strong></span> <span class='ocrx_word' id='word_1_525' title='bbox 2394 3838 2554 3888; x_wconf 85' lang='lat' dir='ltr'><strong>mariti</strong></span> <span class='ocrx_word' id='word_1_526' title='bbox 2585 3856 2668 3888; x_wconf 81' lang='lat' dir='ltr'><strong>ux·</strong></span> 
     </span>
     <span class='ocr_line' id='line_1_90' title="bbox 1650 3899 2667 3970; baseline 0.001 -19"><span class='ocrx_word' id='word_1_527' title='bbox 1650 3902 1824 3962; x_wconf 74' lang='lat' dir='ltr'><strong>oribu8‚</strong></span> <span class='ocrx_word' id='word_1_528' title='bbox 1865 3913 2097 3954; x_wconf 86' lang='lat' dir='ltr'><strong>amatores</strong></span> <span class='ocrx_word' id='word_1_529' title='bbox 2129 3902 2301 3970; x_wconf 85' lang='lat' dir='ltr'><strong>puellis</strong></span> <span class='ocrx_word' id='word_1_530' title='bbox 2330 3919 2533 3954; x_wconf 89' lang='lat' dir='ltr'><strong>munera</strong></span> <span class='ocrx_word' id='word_1_531' title='bbox 2563 3899 2667 3967; x_wconf 57' lang='lat' dir='ltr'><strong>mit}</strong></span> 
     </span>
     <span class='ocr_line' id='line_1_91' title="bbox 1651 3968 2671 4033; baseline 0.004 -20"><span class='ocrx_word' id='word_1_532' title='bbox 1651 3974 1764 4026; x_wconf 89' lang='lat' dir='ltr'><strong>tere,</strong></span> <span class='ocrx_word' id='word_1_533' title='bbox 1810 3976 1858 4018; x_wconf 91' lang='lat' dir='ltr'><strong>et</strong></span> <span class='ocrx_word' id='word_1_534' title='bbox 1899 3976 1998 4019; x_wconf 90' lang='lat' dir='ltr'><strong>tam</strong></span> <span class='ocrx_word' id='word_1_535' title='bbox 2037 3975 2281 4024; x_wconf 81' lang='lat' dir='ltr'><strong>matronae,</strong></span> <span class='ocrx_word' id='word_1_536' title='bbox 2324 3984 2471 4033; x_wconf 89' lang='lat' dir='ltr'><strong>quam</strong></span> <span class='ocrx_word' id='word_1_537' title='bbox 2516 3968 2671 4019; x_wconf 82' lang='lat' dir='ltr'><strong>mariti</strong></span> 
     </span>
     <span class='ocr_line' id='line_1_92' title="bbox 1651 4032 2668 4100; baseline 0.001 -20"><span class='ocrx_word' id='word_1_538' title='bbox 1651 4048 1786 4082; x_wconf 89' lang='lat' dir='ltr'><strong>sacra</strong></span> <span class='ocrx_word' id='word_1_539' title='bbox 1816 4035 1847 4083; x_wconf 91' lang='lat' dir='ltr'>J</span> <span class='ocrx_word' id='word_1_540' title='bbox 1851 4033 1996 4085; x_wconf 86' lang='lat' dir='ltr'><strong>unoni</strong></span> <span class='ocrx_word' id='word_1_541' title='bbox 2027 4034 2180 4083; x_wconf 89' lang='lat' dir='ltr'><strong>facere</strong></span> <span class='ocrx_word' id='word_1_542' title='bbox 2213 4032 2430 4091; x_wconf 81' lang='lat' dir='ltr'><strong>solebant</strong></span> <span class='ocrx_word' id='word_1_543' title='bbox 2450 4050 2537 4100; x_wconf 87' lang='lat' dir='ltr'><strong>pro</strong></span> <span class='ocrx_word' id='word_1_544' title='bbox 2567 4048 2668 4081; x_wconf 89' lang='lat' dir='ltr'><strong>ma·</strong></span> 
     </span>
     <span class='ocr_line' id='line_1_93' title="bbox 1649 4097 2668 4172; baseline 0.003 -28"><span class='ocrx_word' id='word_1_545' title='bbox 1649 4097 1854 4171; x_wconf 80' lang='lat' dir='ltr'><strong>trimonii</strong></span> <span class='ocrx_word' id='word_1_546' title='bbox 1887 4098 2138 4147; x_wconf 85' lang='lat' dir='ltr'><strong>felicitate:</strong></span> <span class='ocrx_word' id='word_1_547' title='bbox 2171 4098 2301 4167; x_wconf 85' lang='lat' dir='ltr'><strong>unde</strong></span> <span class='ocrx_word' id='word_1_548' title='bbox 2357 4101 2552 4172; x_wconf 66' lang='lat' dir='ltr'><strong>emincis,</strong></span> <span class='ocrx_word' id='word_1_549' title='bbox 2573 4113 2668 4147; x_wconf 84' lang='lat' dir='ltr'><strong>nou</strong></span> 
     </span>
     <span class='ocr_line' id='line_1_94' title="bbox 1648 4163 2670 4293; baseline 0 -18"><span class='ocrx_word' id='word_1_550' title='bbox 1648 4163 2278 4292; x_wconf 57' lang='lat' dir='ltr'><strong>233.⁰&lt;¹?.?}{.‘1²‚?ss3¹13¹31.</strong></span> <span class='ocrx_word' id='word_1_551' title='bbox 2302 4178 2479 4275; x_wconf 68' lang='grc' dir='ltr'><strong>ιῖῗῗῖἶ</strong></span> <span class='ocrx_word' id='word_1_552' title='bbox 2504 4177 2670 4293; x_wconf 44' lang='lat'><strong>1⁵:³1⁰&amp;</strong></span> 
     </span>
     <span class='ocr_line' id='line_1_95' title="bbox 1648 4291 2662 4345; baseline 0.001 -6"><span class='ocrx_word' id='word_1_553' title='bbox 1648 4293 1697 4339; x_wconf 86' lang='lat'><strong>2.</strong></span> <span class='ocrx_word' id='word_1_554' title='bbox 1719 4294 1762 4341; x_wconf 89' lang='lat'><strong>1.</strong></span> <span class='ocrx_word' id='word_1_555' title='bbox 1794 4293 1961 4340; x_wconf 87' lang='lat' dir='ltr'><strong>Horat.</strong></span> <span class='ocrx_word' id='word_1_556' title='bbox 2032 4291 2082 4341; x_wconf 87' lang='lat' dir='ltr'><strong>d.</strong></span> <span class='ocrx_word' id='word_1_557' title='bbox 2104 4292 2208 4342; x_wconf 92' lang='lat'><strong>111.</strong></span> <span class='ocrx_word' id='word_1_558' title='bbox 2228 4292 2275 4339; x_wconf 81' lang='lat'><strong>8.</strong></span> <span class='ocrx_word' id='word_1_559' title='bbox 2296 4298 2345 4340; x_wconf 87' lang='lat' dir='ltr'><strong>et</strong></span> <span class='ocrx_word' id='word_1_560' title='bbox 2366 4291 2513 4345; x_wconf 87' lang='lat' dir='ltr'><strong>Ovid.</strong></span> <span class='ocrx_word' id='word_1_561' title='bbox 2536 4293 2662 4340; x_wconf 80' lang='lat' dir='ltr'><strong>Fast.</strong></span> 
     </span>
     <span class='ocr_line' id='line_1_96' title="bbox 1650 4353 2661 4420; baseline 0.003 -18"><span class='ocrx_word' id='word_1_562' title='bbox 1650 4356 1753 4405; x_wconf 93' lang='lat'><strong>111.</strong></span> <span class='ocrx_word' id='word_1_563' title='bbox 1780 4356 1915 4420; x_wconf 89' lang='grc'><strong>167.)</strong></span> <span class='ocrx_word' id='word_1_564' title='bbox 1937 4357 2029 4405; x_wconf 89' lang='lat' dir='ltr'><strong>Sed</strong></span> <span class='ocrx_word' id='word_1_565' title='bbox 2062 4372 2146 4420; x_wconf 87' lang='lat' dir='ltr'><strong>pro</strong></span> <span class='ocrx_word' id='word_1_566' title='bbox 2166 4364 2331 4405; x_wconf 75' lang='lat' dir='ltr'><strong>tractas</strong></span> <span class='ocrx_word' id='word_1_567' title='bbox 2357 4353 2552 4406; x_wconf 85' lang='lat' dir='ltr'><strong>omnino</strong></span> <span class='ocrx_word' id='word_1_568' title='bbox 2572 4355 2661 4419; x_wconf 79' lang='lat' dir='ltr'><strong>leg-</strong></span> 
     </span>
     <span class='ocr_line' id='line_1_97' title="bbox 1650 4419 2662 4486; baseline 0 -18"><span class='ocrx_word' id='word_1_569' title='bbox 1650 4428 1831 4480; x_wconf 78' lang='lat' dir='ltr'><strong>tractat,</strong></span> <span class='ocrx_word' id='word_1_570' title='bbox 1859 4419 1985 4486; x_wconf 86' lang='lat' dir='ltr'><strong>quod</strong></span> <span class='ocrx_word' id='word_1_571' title='bbox 2018 4429 2119 4473; x_wconf 86' lang='lat' dir='ltr'><strong>tum</strong></span> <span class='ocrx_word' id='word_1_572' title='bbox 2152 4435 2183 4470; x_wconf 86' lang='lat' dir='ltr'><strong>a</strong></span> <span class='ocrx_word' id='word_1_573' title='bbox 2213 4436 2318 4472; x_wconf 89' lang='lat' dir='ltr'><strong>voc.</strong></span> <span class='ocrx_word' id='word_1_574' title='bbox 2351 4423 2516 4484; x_wconf 73' lang='lat' dir='ltr'><strong>quoties</strong></span> <span class='ocrx_word' id='word_1_575' title='bbox 2546 4435 2662 4486; x_wconf 79' lang='lat' dir='ltr'><strong>pen-</strong></span> 
     </span>
    </p>
   </div>
  </div>
 </body>
</html>
