2978 4920
885 267 1153 325 PERSII
1201 266 1299 325 ET
1343 263 1815 325 JUVENALIS.
2241 272 2385 330 xxix
2416 224 2430 244 ⁹

308 440 600 497 rhetorum
641 435 927 513 argutias:
975 454 1106 512 quae
1144 446 1361 495 tamen
1378 443 1557 495 acuta
1594 432 1768 495 dictat
1793 430 1957 490 valde
1998 432 2402 499 admirabatur.

311 528 613 613 Scaliger.-

397 634 712 694 Sententiis
752 634 1099 702 salubribus,
1127 633 1204 691 ad
1244 632 1441 689 vitam·
1464 633 1629 700 bene,
1654 630 1911 697 honeste,
1937 629 2176 691 feliciter
2214 644 2390 711 atque

301 729 583 804 jucunde·
612 729 920 806 agendam,
970 737 1031 785 et
1083 727 1159 786 ad
1208 745 1459 784 amorem
1509 725 1736 783 virtutis
1779 725 2154 803 vitiorumque
2198 730 2406 790 odium,

313 827 670 904 gignendum
717 825 1153 903 pertinentibus,
1194 822 1419 881 refertae
1469 833 1608 881 sunt
1653 832 1778 880 tum
1820 832 2117 898 poetarum
2166 826 2391 887 illorum

313 924 533 992 satirae,
557 934 679 980 tum
705 921 935 980 Horatii
955 922 1315 998 potissimum
1333 919 1956 997 epistolamssmaturioris
1982 921 2196 997 ingenii
2220 922 2390 983 fetus.

317 1015 555 1077 Omnes«
570 1020 703 1077 istae
729 1028 854 1076 tum
878 1018 1141 1085 veritate,
1167 1026 1291 1073 tum
1313 1015 1653 1092 prestantia
1677 1024 1738 1071 et
1778 1013 2029 1072 utilitate
2067 1034 2243 1092 quam
2267 1038 2394 1077 ma·

303 1117 474 1179 ,xime
496 1135 561 1174 se
584 1115 1007 1174 commendant.
1091 1111 1441 1172 Horatianae·
1459 1122 1652 1170 tamen
1675 1110 1927 1168 naturali
1965 1112 2216 1186 quadam
2255 1117 2394 1174 nim.

317 1213 603 1290 plicitate,
627 1211 920 1273 Persianae
941 1212 1145 1287 rigone,
1172 1208 1435 1267 acumine
1474 1217 1535 1265 et
1575 1206 1913 1275 subtilitate,
1939 1217 2020 1275 et,
2047 1226 2194 1282 quas
2217 1208 2254 1267 J
2261 1231 2396 1271 uve-

319 1309 477 1366 nalis
502 1308 697 1378 tradit,
725 1309 1012 1385 gravitate
1051 1305 1339 1362 orationis-
1369 1303 1775 1380 insigniuntur.
1859 1299 2150 1373 Ceterum,
2176 1318 2414 1384 propter,

320 1404 531 1462 horum
550 1407 831 1482 praecipue
873 1412 1283 1482 praeceptorum
1322 1399 1753 1459 multitudinem
1777 1408 1838 1477 et
1861 1402 2276 1475 praestantiam,
2302 1424 2397 1464 η..

324 1500 616 1558 tiricorum
639 1510 941 1578 poetarum
965 1499 1267 1557 lectionem
1291 1497 1657 1554 utilissimam
1680 1513 1829 1566 esse,
1859 1495 1964 1552 vix
1983 1506 2074 1553 est
2102 1498 2257 1573 quod
2280 1519 2401 1558 mo·-

327 1612 519 1652 neam.
603 1593 694 1653 Ea
715 1594 968 1673 profecto
994 1613 1033 1650 a
1069 1594 1251 1670 poetis
1277 1592 1686 1668 comprehensa
1716 1590 1970 1648 versibus
2008 1592 2192 1651 multo
2216 1597 2403 1672 magis

324 1699 391 1746 et
415 1691 690 1748 tenebunt
707 1690 1193 1763 delectabuntque
1212 1687 1485 1745 lectorum
1512 1686 1755 1753 animos,
1779 1694 1840 1742 et
1863 1685 2080 1744 diutius
2105 1689 2167 1745 in
2189 1708 2403 1750 memo-

325 1785 416 1842 ria
439 1786 759 1857 haerebunt,
784 1803 961 1862 quam
987 1785 1039 1842 si
1063 1803 1137 1843 ea
1159 1803 1235 1843 ex
1262 1784 1453 1841 ethico
1476 1782 1640 1851 libro,
1666 1780 1757 1839 vel
1784 1783 2032 1840 tenuiter
2053 1782 2142 1842 vel
2179 1788 2404 1845 subtili-

329 1890 416 1939 ter
440 1883 674 1959 scripto,
699 1880 1074 1958 perceperint,
1100 1889 1204 1937 aut
1228 1896 1447 1936 morum
1486 1887 1890 1954 praeceptorem
1930 1896 2002 1934 ea
2026 1877 2321 1938 docentem
2347 1892 2408 1940 et

328 1976 716 2053 explicantem
736 1975 1074 2034 audiverint.
1157 1972 1292 2032 Diei
1319 1982 1514 2032 autem
1539 1973 1640 2030 vix
1663 1981 1872 2048 potest,
1899 1982 2248 2050 quantopere
2271 1978 2404 2048 illis,

327 2071 614 2128 memoriae
638 2070 831 2129 infixis
878 2078 940 2128 et
980 2068 1314 2145 tempestive
1338 2069 1400 2124 in
1440 2084 1569 2123 eam
1600 2066 1897 2134 revocatis,
1926 2085 2090 2125 mens
2128 2070 2219 2126 vel
2257 2072 2409 2130 curis

330 2167 597 2226 confecta
635 2167 1015 2237 confirmetur,
1034 2226 1037 2227 ⁷
1057 2165 1149 2223 vel
1190 2166 1275 2224 ira
1316 2163 1557 2238 aliisque
1597 2160 1915 2220 adfectibus
1953 2165 2188 2223 turbata
2227 2169 2412 2224 conti·-

330 2275 561 2325 neatur.

412 2359 507 2419 Ex
530 2361 643 2428 his,
672 2378 805 2434 quae
844 2379 1019 2438 supra
1058 2361 1129 2417 de
1171 2357 1423 2428 Horatii,
1450 2355 1634 2417 Persii
1674 2369 1734 2416 et
1772 2356 2072 2417 Juvenalis
2096 2362 2287 2419 satiris
2311 2381 2414 2421 ea-

328 2474 582 2530 rumque
634 2454 940 2513 virtutibus
989 2453 1429 2531 disputavimus,
1480 2452 1651 2512 facile
1701 2454 2058 2529 intelligitur,
2099 2456 2412 2533 plurimum

332 2551 614 2611 utilitatis
649 2568 726 2608 ex
751 2566 951 2607 earum
990 2550 1233 2607 lectione
1255 2549 1466 2625 percipi
1488 2568 1675 2624 posse,
1707 2567 1958 2623 eamque
1998 2570 2112 2607 non
2136 2553 2301 2610 modo
2341 2556 2417 2616 ad

336 2647 638 2724 ingenium
667 2645 974 2721 multiplici
999 2645 1262 2704 doctrina
1303 2645 1710 2719 variarumque
1749 2662 1939 2702 rerum
1966 2649 2288 2721 cognitione
2313 2668 2416 2707 ex-

338 2741 667 2808 colendum,
694 2750 753 2796 et
793 2740 1050 2811 mollius,
1072 2741 1310 2798 suavius
1358 2736 1720 2814 facetiusque
1755 2738 2125 2809 reddendum,
2152 2742 2227 2800 ad
2256 2743 2417 2817 judi·

341 2838 503 2894 cium
532 2833 885 2899 acuendum,
910 2836 988 2894 ad
1012 2854 1247 2893 sensum
1275 2836 1414 2905 veri,
1438 2834 1647 2911 pulcri,
1674 2837 1900 2893 venusti
1925 2846 1984 2892 et
2009 2838 2235 2896 honesti
2259 2839 2418 2897 alen·-

341 2934 503 3001 dum,
530 2932 606 2990 ad
625 2942 876 2990 mentem
895 2930 1271 2991 admiratione
1296 2952 1366 2991 ac
1386 2933 1681 3009 voluptate
1696 2932 2167 3009 pei-fundendam,
2194 2936 2269 2993 ad
2296 2956 2421 2995 mo-

343 3048 437 3088 res
464 3039 586 3086 tam
616 3024 1018 3088 Romanorum
1044 3028 1198 3086 illius
1220 3029 1350 3096 aevi,
1370 3044 1549 3102 quam
1578 3029 1838 3085 universe
1863 3029 2167 3088 hominnm
2192 3034 2423 3107 penitus

343 3122 789 3201 cognoscendos,
818 3123 893 3181 ad
932 3133 1235 3182 venustam
1278 3123 1691 3193 urbanitatem,
1717 3125 2040 3184 naturalem
2082 3127 2422 3204 simplicita-

346 3231 493 3287 tem,
522 3220 868 3295 gravitatem
896 3218 1156 3294 aliasque
1180 3228 1241 3277 et
1266 3219 1542 3277 orationis
1567 3229 1628 3276 et
1653 3221 1785 3278 vitae
1813 3229 1966 3278 artes
1991 3221 2318 3292 discendas,
2348 3224 2423 3282 ad

343 3314 636 3373 diversam
676 3313 954 3371 sermonis
996 3309 1244 3371 indolem
1287 3313 1730 3390 percipiendam,
1758 3314 1859 3371 sed
1899 3316 2079 3374 etiam
2123 3316 2198 3374 ad
2239 3337 2426 3386 mores

345 3411 688 3483 animosque
712 3408 1031 3485 fingendus,
1050 3408 1125 3466 ad
1150 3429 1342 3467 veram
1360 3408 1676 3485 utilemque
1701 3410 2115 3488 philosophiam
2137 3415 2295 3485 vitae,
2318 3416 2426 3473 hu„

336 3509 557 3582 jusque
581 3506 746 3574 bene,
773 3506 1047 3574 suaviter,
1075 3506 1403 3581 tranquille,
1430 3525 1627 3564 secure
1651 3508 2036 3583 transigendae
2074 3520 2255 3566 artem
2278 3511 2428 3574 inbi-

346 3601 621 3671 bendam,
649 3610 709 3658 et
735 3600 808 3658 ad
850 3620 1102 3660 amorem
1127 3603 1406 3660 virtutum
1432 3602 1739 3677 odiumque
1762 3604 2048 3674 vitiorum,
2075 3609 2429 3681 argumentis

349 3695 747 3772 exemplisque
771 3696 1092 3772 propositis,
1116 3696 1516 3774 inspirandum
1542 3706 1601 3755 et
1625 3698 2080 3776 concipiendum,
2106 3703 2428 3761 maximam

353 3792 585 3849 omnino
608 3792 725 3849 vim
748 3791 980 3849 habere.
1063 3790 1270 3850 Satiroe
1299 3793 1500 3850 horum
1525 3804 1839 3869 poetarum,
1865 3804 1925 3852 et
1951 3793 2180 3854 Horatii
2203 3797 2431 3872 potissi-

354 3904 518 3945 mum
559 3885 839 3962 epistolae,
882 3886 1236 3963 pulcerrimis
1274 3889 1436 3957 locis,
1478 3889 1801 3959 sententiis,
1846 3891 2192 3967 imaginibus
2217 3902 2292 3950 ‚et
2330 3892 2432 3951 de.-

354 3981 781 4058 scriptionibus,
805 3982 1298 4057 praestantissimis
1321 3982 1714 4058 philosophiae,
1741 4001 1957 4041 morum
1999 4003 2069 4042 ac
2103 3986 2246 4048 ,vitae
2284 4004 2432 4062 prse-

356 4077 562 4154 ceptis,
599 4073 835 4134 diversis
871 4075 1212 4135 facetiarum
1249 4078 1609 4136 etsermonis
1648 4080 1970 4154 generibus,
1996 4080 2305 4140 multarum
2335 4097 2434 4137 ,re-

355 4192 506 4243 rum,
533 4172 685 4229 scitu
725 4191 840 4230 non
866 4173 1075 4232 ,minus
1115 4182 1409 4250 gratarum
1448 4193 1625 4250 quam
1665 4174 1915 4244 utilium,
1940 4177 2128 4253 copia,
2154 4176 2436 4247 variisque

357 4268 634 4327 orationis
674 4278 734 4326 et
768 4286 1001 4345 poeseos
1029 4271 1267 4339 artibus,
1295 4270 1354 4326 in
1381 4270 1756 4341 inveniendis,
1783 4268 2165 4347 disponendis,
2192 4285 2434 4331 connec-
