<?xml version="1.0" encoding="UTF-8"?>
<!DOCTYPE html PUBLIC "-//W3C//DTD XHTML 1.0 Transitional//EN"
    "http://www.w3.org/TR/xhtml1/DTD/xhtml1-transitional.dtd">
<html xmlns="http://www.w3.org/1999/xhtml" xml:lang="en" lang="en">
 <head>
  <title>
</title>
<meta http-equiv="Content-Type" content="text/html;charset=utf-8" />
  <meta name='ocr-system' content='tesseract 3.04.00' />
  <meta name='ocr-capabilities' content='ocr_page ocr_carea ocr_par ocr_line ocrx_word'/>
</head>
<body>
  <div class='ocr_page' id='page_1' title='image "./satiraexviadopt00juvegoog/satiraexviadopt00juvegoog_0084.png"; bbox 0 0 2978 4920; ppageno 0'>
   <div class='ocr_carea' id='block_1_1' title="bbox 424 327 1757 591">
    <p class='ocr_par' dir='ltr' id='par_1_1' title="bbox 424 327 1757 591">
     <span class='ocr_line' id='line_1_1' title="bbox 1051 327 1704 391; baseline -0.003 -1"><span class='ocrx_word' id='word_1_1' title='bbox 1051 329 1094 390; x_wconf 91' lang='lat' dir='ltr'>S</span> <span class='ocrx_word' id='word_1_2' title='bbox 1115 327 1179 388; x_wconf 95' lang='lat' dir='ltr'>A</span> <span class='ocrx_word' id='word_1_3' title='bbox 1207 327 1269 389; x_wconf 89' lang='lat' dir='ltr'>T</span> <span class='ocrx_word' id='word_1_4' title='bbox 1297 328 1328 390; x_wconf 93' lang='lat'>1</span> <span class='ocrx_word' id='word_1_5' title='bbox 1353 327 1418 389; x_wconf 85' lang='lat' dir='ltr'><strong>R</strong></span> <span class='ocrx_word' id='word_1_6' title='bbox 1437 328 1503 389; x_wconf 91' lang='lat' dir='ltr'>A</span> <span class='ocrx_word' id='word_1_7' title='bbox 1543 386 1546 391; x_wconf 88' lang='lat'><strong>.</strong></span> <span class='ocrx_word' id='word_1_8' title='bbox 1567 327 1704 391; x_wconf 88' lang='lat'><strong>111.</strong></span> 
     </span>
     <span class='ocr_line' id='line_1_2' title="bbox 424 496 1757 591; baseline -0.002 -27"><span class='ocrx_word' id='word_1_9' title='bbox 424 502 553 578; x_wconf 89' lang='lat' dir='ltr'><strong>Ire,</strong></span> <span class='ocrx_word' id='word_1_10' title='bbox 583 499 883 584; x_wconf 84' lang='lat' dir='ltr'><strong>fatigatas</strong></span> <span class='ocrx_word' id='word_1_11' title='bbox 916 498 1025 563; x_wconf 85' lang='lat' dir='ltr'><strong>ubi</strong></span> <span class='ocrx_word' id='word_1_12' title='bbox 1056 496 1375 591; x_wconf 57' lang='lat' dir='ltr'><strong>Daedalus,</strong></span> <span class='ocrx_word' id='word_1_13' title='bbox 1392 498 1575 563; x_wconf 86' lang='lat' dir='ltr'><strong>exuit</strong></span> <span class='ocrx_word' id='word_1_14' title='bbox 1603 498 1757 576; x_wconf 62' lang='lat' dir='ltr'><strong>alas»,</strong></span> 
     </span>
    </p>
   </div>
   <div class='ocr_carea' id='block_1_2' title="bbox 2341 331 2424 567">
    <p class='ocr_par' dir='ltr' id='par_1_2' title="bbox 2341 331 2424 567">
     <span class='ocr_line' id='line_1_3' title="bbox 2341 331 2423 395; baseline 0 0"><span class='ocrx_word' id='word_1_15' title='bbox 2341 331 2423 395; x_wconf 72' lang='lat'><strong>45</strong></span> 
     </span>
     <span class='ocr_line' id='line_1_4' title="bbox 2341 502 2424 567; baseline 0 -5"><span class='ocrx_word' id='word_1_16' title='bbox 2341 502 2424 567; x_wconf 69' lang='lat'><strong>25</strong></span> 
     </span>
    </p>
   </div>
   <div class='ocr_carea' id='block_1_3' title="bbox 420 598 2424 1303">
    <p class='ocr_par' dir='ltr' id='par_1_3' title="bbox 420 598 2160 685">
     <span class='ocr_line' id='line_1_5' title="bbox 420 598 2160 685; baseline 0 -21"><span class='ocrx_word' id='word_1_17' title='bbox 420 603 599 665; x_wconf 90' lang='lat' dir='ltr'><strong>Dum</strong></span> <span class='ocrx_word' id='word_1_18' title='bbox 628 623 796 664; x_wconf 90' lang='lat' dir='ltr'><strong>nova</strong></span> <span class='ocrx_word' id='word_1_19' title='bbox 823 598 1107 675; x_wconf 74' lang='lat' dir='ltr'><strong>canities.</strong></span> <span class='ocrx_word' id='word_1_20' title='bbox 1137 599 1292 663; x_wconf 90' lang='lat' dir='ltr'><strong>dum</strong></span> <span class='ocrx_word' id='word_1_21' title='bbox 1321 598 1530 685; x_wconf 88' lang='lat' dir='ltr'><strong>prima.</strong></span> <span class='ocrx_word' id='word_1_22' title='bbox 1556 612 1621 664; x_wconf 91' lang='lat' dir='ltr'><strong>et</strong></span> <span class='ocrx_word' id='word_1_23' title='bbox 1649 610 1822 665; x_wconf 86' lang='lat' dir='ltr'><strong>recta</strong></span> <span class='ocrx_word' id='word_1_24' title='bbox 1851 610 2160 679; x_wconf 85' lang='lat' dir='ltr'><strong>senectus,</strong></span> 
     </span>
    </p>

    <p class='ocr_par' dir='ltr' id='par_1_4' title="bbox 421 701 2324 879">
     <span class='ocr_line' id='line_1_6' title="bbox 421 701 2324 790; baseline 0.001 -22"><span class='ocrx_word' id='word_1_25' title='bbox 421 706 600 768; x_wconf 91' lang='lat' dir='ltr'><strong>Dum</strong></span> <span class='ocrx_word' id='word_1_26' title='bbox 629 714 919 790; x_wconf 80' lang='lat' dir='ltr'><strong>superest</strong></span> <span class='ocrx_word' id='word_1_27' title='bbox 949 702 1243 779; x_wconf 83' lang='lat' dir='ltr'><strong>Lachesi,</strong></span> <span class='ocrx_word' id='word_1_28' title='bbox 1273 701 1452 788; x_wconf 89' lang='lat' dir='ltr'><strong>quod</strong></span> <span class='ocrx_word' id='word_1_29' title='bbox 1479 715 1799 789; x_wconf 86' lang='lat' dir='ltr'><strong>torqueat,</strong></span> <span class='ocrx_word' id='word_1_30' title='bbox 1829 715 1894 768; x_wconf 92' lang='lat' dir='ltr'><strong>et</strong></span> <span class='ocrx_word' id='word_1_31' title='bbox 1923 703 2193 790; x_wconf 88' lang='lat' dir='ltr'><strong>pedibus</strong></span> <span class='ocrx_word' id='word_1_32' title='bbox 2220 728 2324 770; x_wconf 87' lang='lat' dir='ltr'><strong>me</strong></span> 
     </span>
     <span class='ocr_line' id='line_1_7' title="bbox 421 803 1976 879; baseline -0.001 -10"><span class='ocrx_word' id='word_1_33' title='bbox 421 807 620 870; x_wconf 90' lang='lat' dir='ltr'><strong>Porto</strong></span> <span class='ocrx_word' id='word_1_34' title='bbox 648 805 827 879; x_wconf 89' lang='lat' dir='ltr'><strong>meis,</strong></span> <span class='ocrx_word' id='word_1_35' title='bbox 858 803 1037 867; x_wconf 91' lang='lat' dir='ltr'><strong>nullo</strong></span> <span class='ocrx_word' id='word_1_36' title='bbox 1065 803 1358 869; x_wconf 86' lang='lat' dir='ltr'><strong>dextram</strong></span> <span class='ocrx_word' id='word_1_37' title='bbox 1388 804 1701 871; x_wconf 85' lang='lat' dir='ltr'><strong>subeunte</strong></span> <span class='ocrx_word' id='word_1_38' title='bbox 1730 803 1976 870; x_wconf 83' lang='lat' dir='ltr'><strong>bacillo.</strong></span> 
     </span>
    </p>

    <p class='ocr_par' dir='ltr' id='par_1_5' title="bbox 423 904 1785 993">
     <span class='ocr_line' id='line_1_8' title="bbox 423 904 1785 993; baseline -0.002 -21"><span class='ocrx_word' id='word_1_39' title='bbox 423 907 747 972; x_wconf 83' lang='lat' dir='ltr'><strong>Cedamus</strong></span> <span class='ocrx_word' id='word_1_40' title='bbox 772 905 1018 993; x_wconf 87' lang='lat' dir='ltr'><strong>patria:</strong></span> <span class='ocrx_word' id='word_1_41' title='bbox 1064 904 1283 970; x_wconf 84' lang='lat' dir='ltr'><strong>vivant</strong></span> <span class='ocrx_word' id='word_1_42' title='bbox 1312 904 1617 970; x_wconf 87' lang='lat' dir='ltr'><strong>Artorius</strong></span> <span class='ocrx_word' id='word_1_43' title='bbox 1645 904 1785 971; x_wconf 84' lang='lat' dir='ltr'><strong>istic.</strong></span> 
     </span>
    </p>

    <p class='ocr_par' dir='ltr' id='par_1_6' title="bbox 421 1008 2424 1303">
     <span class='ocr_line' id='line_1_9' title="bbox 421 1008 2424 1094; baseline 0 -20"><span class='ocrx_word' id='word_1_44' title='bbox 421 1012 512 1074; x_wconf 90' lang='lat' dir='ltr'><strong>Et</strong></span> <span class='ocrx_word' id='word_1_45' title='bbox 543 1008 850 1074; x_wconf 79' lang='lat' dir='ltr'><strong>Catulus:</strong></span> <span class='ocrx_word' id='word_1_46' title='bbox 884 1020 1202 1085; x_wconf 87' lang='lat' dir='ltr'><strong>maneant,</strong></span> <span class='ocrx_word' id='word_1_47' title='bbox 1225 1009 1339 1094; x_wconf 90' lang='lat' dir='ltr'><strong>qui</strong></span> <span class='ocrx_word' id='word_1_48' title='bbox 1359 1010 1616 1094; x_wconf 83' lang='lat' dir='ltr'><strong>nigrum</strong></span> <span class='ocrx_word' id='word_1_49' title='bbox 1636 1008 1702 1071; x_wconf 89' lang='lat' dir='ltr'><strong>in</strong></span> <span class='ocrx_word' id='word_1_50' title='bbox 1722 1010 1991 1075; x_wconf 87' lang='lat' dir='ltr'><strong>candida</strong></span> <span class='ocrx_word' id='word_1_51' title='bbox 2006 1023 2288 1091; x_wconf 87' lang='lat' dir='ltr'><strong>vertunt,</strong></span> <span class='ocrx_word' id='word_1_52' title='bbox 2317 1013 2424 1075; x_wconf 53' lang='grc'><strong>,30</strong></span> 
     </span>
     <span class='ocr_line' id='line_1_10' title="bbox 425 1110 2148 1199; baseline 0.002 -25"><span class='ocrx_word' id='word_1_53' title='bbox 425 1112 584 1190; x_wconf 82' lang='lat' dir='ltr'><strong>Quis</strong></span> <span class='ocrx_word' id='word_1_54' title='bbox 613 1111 796 1174; x_wconf 87' lang='lat' dir='ltr'><strong>facile</strong></span> <span class='ocrx_word' id='word_1_55' title='bbox 827 1123 921 1175; x_wconf 89' lang='lat' dir='ltr'><strong>est</strong></span> <span class='ocrx_word' id='word_1_56' title='bbox 953 1110 1155 1175; x_wconf 87' lang='lat' dir='ltr'><strong>aedem</strong></span> <span class='ocrx_word' id='word_1_57' title='bbox 1186 1110 1558 1189; x_wconf 76' lang='lat' dir='ltr'><strong>conducere,</strong></span> <span class='ocrx_word' id='word_1_58' title='bbox 1588 1110 1872 1190; x_wconf 88' lang='lat' dir='ltr'><strong>flumina,</strong></span> <span class='ocrx_word' id='word_1_59' title='bbox 1902 1126 2148 1199; x_wconf 77' lang='lat' dir='ltr'><strong>portuS,</strong></span> 
     </span>
     <span class='ocr_line' id='line_1_11' title="bbox 424 1216 2181 1303; baseline 0.001 -21"><span class='ocrx_word' id='word_1_60' title='bbox 424 1216 791 1283; x_wconf 85' lang='lat' dir='ltr'><strong>Siccandam</strong></span> <span class='ocrx_word' id='word_1_61' title='bbox 822 1216 1118 1293; x_wconf 86' lang='lat' dir='ltr'><strong>eluviem,</strong></span> <span class='ocrx_word' id='word_1_62' title='bbox 1149 1216 1535 1303; x_wconf 90' lang='lat' dir='ltr'><strong>portandum</strong></span> <span class='ocrx_word' id='word_1_63' title='bbox 1566 1216 1650 1281; x_wconf 87' lang='lat' dir='ltr'><strong>ad</strong></span> <span class='ocrx_word' id='word_1_64' title='bbox 1676 1217 1867 1281; x_wconf 86' lang='lat' dir='ltr'><strong>busta</strong></span> <span class='ocrx_word' id='word_1_65' title='bbox 1893 1218 2181 1298; x_wconf 86' lang='lat' dir='ltr'><strong>cadaver,</strong></span> 
     </span>
    </p>
   </div>
   <div class='ocr_carea' id='block_1_4' title="bbox 335 1392 1366 4409">
    <p class='ocr_par' dir='ltr' id='par_1_7' title="bbox 335 1392 1366 4409">
     <span class='ocr_line' id='line_1_12' title="bbox 337 1392 1355 1448; baseline -0.001 -8"><span class='ocrx_word' id='word_1_66' title='bbox 337 1404 439 1448; x_wconf 83' lang='lat' dir='ltr'><strong>tur,</strong></span> <span class='ocrx_word' id='word_1_67' title='bbox 474 1408 567 1440; x_wconf 91' lang='lat' dir='ltr'><strong>non</strong></span> <span class='ocrx_word' id='word_1_68' title='bbox 601 1395 794 1441; x_wconf 88' lang='lat' dir='ltr'><strong>deterit.</strong></span> <span class='ocrx_word' id='word_1_69' title='bbox 878 1393 958 1441; x_wconf 78' lang='lat'><strong>25.</strong></span> <span class='ocrx_word' id='word_1_70' title='bbox 994 1395 1077 1440; x_wconf 81' lang='lat' dir='ltr'><strong>Ire</strong></span> <span class='ocrx_word' id='word_1_71' title='bbox 1113 1392 1243 1448; x_wconf 80' lang='lat' dir='ltr'><strong>illue,</strong></span> <span class='ocrx_word' id='word_1_72' title='bbox 1275 1394 1355 1439; x_wconf 71' lang='lat' dir='ltr'><strong>ubi</strong></span> 
     </span>
     <span class='ocr_line' id='line_1_13' title="bbox 335 1458 1354 1512; baseline -0.003 -6"><span class='ocrx_word' id='word_1_73' title='bbox 335 1459 564 1506; x_wconf 76' lang='lat' dir='ltr'><strong>Daedatm</strong></span> <span class='ocrx_word' id='word_1_74' title='bbox 577 1460 706 1505; x_wconf 68' lang='lat' dir='ltr'><strong>eruit</strong></span> <span class='ocrx_word' id='word_1_75' title='bbox 722 1459 838 1512; x_wconf 72' lang='lat' dir='ltr'><strong>alas,</strong></span> <span class='ocrx_word' id='word_1_76' title='bbox 854 1460 905 1505; x_wconf 86' lang='lat' dir='ltr'><strong>h.</strong></span> <span class='ocrx_word' id='word_1_77' title='bbox 917 1472 961 1504; x_wconf 92' lang='lat' dir='ltr'><strong>e.</strong></span> <span class='ocrx_word' id='word_1_78' title='bbox 982 1459 1176 1504; x_wconf 79' lang='lat' dir='ltr'><strong>Cumas.</strong></span> <span class='ocrx_word' id='word_1_79' title='bbox 1197 1458 1273 1502; x_wconf 87' lang='lat' dir='ltr'><strong>Cf.</strong></span> <span class='ocrx_word' id='word_1_80' title='bbox 1290 1459 1354 1503; x_wconf 83' lang='lat' dir='ltr'><strong>ad</strong></span> 
     </span>
     <span class='ocr_line' id='line_1_14' title="bbox 339 1521 1353 1583; baseline 0 -13"><span class='ocrx_word' id='word_1_81' title='bbox 339 1525 425 1570; x_wconf 82' lang='lat' dir='ltr'><strong>Sil.</strong></span> <span class='ocrx_word' id='word_1_82' title='bbox 449 1523 576 1570; x_wconf 74' lang='lat' dir='ltr'><strong>xil.</strong></span> <span class='ocrx_word' id='word_1_83' title='bbox 598 1523 676 1569; x_wconf 81' lang='lat'><strong>89.</strong></span> <span class='ocrx_word' id='word_1_84' title='bbox 701 1535 801 1582; x_wconf 86' lang='lat' dir='ltr'><strong>seq.</strong></span> <span class='ocrx_word' id='word_1_85' title='bbox 836 1531 886 1568; x_wconf 89' lang='lat' dir='ltr'><strong>et</strong></span> <span class='ocrx_word' id='word_1_86' title='bbox 915 1523 1092 1583; x_wconf 83' lang='lat' dir='ltr'><strong>Heyne</strong></span> <span class='ocrx_word' id='word_1_87' title='bbox 1125 1523 1186 1567; x_wconf 88' lang='lat' dir='ltr'><strong>ad</strong></span> <span class='ocrx_word' id='word_1_88' title='bbox 1212 1521 1353 1581; x_wconf 84' lang='lat' dir='ltr'><strong>Virg.</strong></span> 
     </span>
     <span class='ocr_line' id='line_1_15' title="bbox 338 1586 1351 1635; baseline -0.002 -1"><span class='ocrx_word' id='word_1_89' title='bbox 338 1590 450 1634; x_wconf 80' lang='lat' dir='ltr'><strong>AEn.</strong></span> <span class='ocrx_word' id='word_1_90' title='bbox 475 1586 798 1634; x_wconf 76' lang='lat' dir='ltr'><strong>V1.l4--19.</strong></span> <span class='ocrx_word' id='word_1_91' title='bbox 866 1588 945 1635; x_wconf 82' lang='lat'><strong>26.</strong></span> <span class='ocrx_word' id='word_1_92' title='bbox 981 1586 1126 1632; x_wconf 76' lang='lat' dir='ltr'><strong>Nova</strong></span> <span class='ocrx_word' id='word_1_93' title='bbox 1159 1587 1351 1632; x_wconf 71' lang='lat' dir='ltr'><strong>canities</strong></span> 
     </span>
     <span class='ocr_line' id='line_1_16' title="bbox 337 1647 1346 1712; baseline -0.002 -15"><span class='ocrx_word' id='word_1_94' title='bbox 337 1662 414 1697; x_wconf 85' lang='lat' dir='ltr'><strong>est</strong></span> <span class='ocrx_word' id='word_1_95' title='bbox 435 1647 557 1712; x_wconf 82' lang='lat' dir='ltr'><strong>ejus,</strong></span> <span class='ocrx_word' id='word_1_96' title='bbox 572 1652 650 1699; x_wconf 88' lang='lat' dir='ltr'><strong>cui</strong></span> <span class='ocrx_word' id='word_1_97' title='bbox 674 1651 876 1710; x_wconf 81' lang='lat' dir='ltr'><strong>capillus</strong></span> <span class='ocrx_word' id='word_1_98' title='bbox 891 1663 1142 1698; x_wconf 74' lang='lat' dir='ltr'><strong>canescere</strong></span> <span class='ocrx_word' id='word_1_99' title='bbox 1164 1650 1346 1709; x_wconf 81' lang='lat' dir='ltr'><strong>incipit.</strong></span> 
     </span>
     <span class='ocr_line' id='line_1_17' title="bbox 341 1713 1348 1776; baseline -0.002 -14"><span class='ocrx_word' id='word_1_100' title='bbox 341 1716 487 1762; x_wconf 74' lang='lat' dir='ltr'><strong>Recta</strong></span> <span class='ocrx_word' id='word_1_101' title='bbox 509 1721 708 1762; x_wconf 68' lang='lat' dir='ltr'><strong>senectus</strong></span> <span class='ocrx_word' id='word_1_102' title='bbox 727 1724 805 1761; x_wconf 80' lang='lat' dir='ltr'><strong>est</strong></span> <span class='ocrx_word' id='word_1_103' title='bbox 819 1713 946 1776; x_wconf 86' lang='lat' dir='ltr'><strong>ejus,</strong></span> <span class='ocrx_word' id='word_1_104' title='bbox 962 1717 1045 1774; x_wconf 86' lang='lat' dir='ltr'><strong>qui</strong></span> <span class='ocrx_word' id='word_1_105' title='bbox 1061 1722 1249 1760; x_wconf 81' lang='lat' dir='ltr'><strong>erectus</strong></span> <span class='ocrx_word' id='word_1_106' title='bbox 1263 1716 1348 1760; x_wconf 79' lang='lat' dir='ltr'><strong>ad-</strong></span> 
     </span>
     <span class='ocr_line' id='line_1_18' title="bbox 342 1779 1351 1845; baseline -0.002 -19"><span class='ocrx_word' id='word_1_107' title='bbox 342 1782 438 1826; x_wconf 87' lang='lat' dir='ltr'><strong>buc</strong></span> <span class='ocrx_word' id='word_1_108' title='bbox 473 1783 643 1827; x_wconf 78' lang='lat' dir='ltr'><strong>vadere</strong></span> <span class='ocrx_word' id='word_1_109' title='bbox 678 1788 855 1838; x_wconf 87' lang='lat' dir='ltr'><strong>potest,</strong></span> <span class='ocrx_word' id='word_1_110' title='bbox 881 1781 1088 1845; x_wconf 77' lang='lat' dir='ltr'><strong>necdum</strong></span> <span class='ocrx_word' id='word_1_111' title='bbox 1120 1779 1351 1825; x_wconf 77' lang='lat' dir='ltr'><strong>incurvus</strong></span> 
     </span>
     <span class='ocr_line' id='line_1_19' title="bbox 337 1843 1348 1905; baseline -0.004 -13"><span class='ocrx_word' id='word_1_112' title='bbox 337 1852 434 1897; x_wconf 80' lang='lat' dir='ltr'><strong>est.</strong></span> <span class='ocrx_word' id='word_1_113' title='bbox 446 1845 531 1904; x_wconf 83' lang='lat' dir='ltr'><strong>qui</strong></span> <span class='ocrx_word' id='word_1_114' title='bbox 548 1843 739 1904; x_wconf 73' lang='lat' dir='ltr'><strong>pedibus</strong></span> <span class='ocrx_word' id='word_1_115' title='bbox 754 1857 800 1890; x_wconf 75' lang='lat' dir='ltr'><strong>ee</strong></span> <span class='ocrx_word' id='word_1_116' title='bbox 814 1848 972 1905; x_wconf 73' lang='lat' dir='ltr'><strong>portat</strong></span> <span class='ocrx_word' id='word_1_117' title='bbox 988 1845 1104 1896; x_wconf 66' lang='lat' dir='ltr'><strong>suis,</strong></span> <span class='ocrx_word' id='word_1_118' title='bbox 1119 1843 1246 1888; x_wconf 62' lang='lat' dir='ltr'><strong>avallo</strong></span> <span class='ocrx_word' id='word_1_119' title='bbox 1257 1850 1348 1890; x_wconf 90' lang='lat' dir='ltr'><strong>cet.</strong></span> 
     </span>
     <span class='ocr_line' id='line_1_20' title="bbox 340 1908 1351 1968; baseline -0.007 -10"><span class='ocrx_word' id='word_1_120' title='bbox 340 1910 423 1958; x_wconf 74' lang='lat'><strong>27.</strong></span> <span class='ocrx_word' id='word_1_121' title='bbox 449 1909 697 1958; x_wconf 83' lang='lat' dir='ltr'><strong>Quamdiu</strong></span> <span class='ocrx_word' id='word_1_122' title='bbox 714 1909 828 1954; x_wconf 82' lang='lat' dir='ltr'><strong>vitae</strong></span> <span class='ocrx_word' id='word_1_123' title='bbox 846 1909 963 1968; x_wconf 85' lang='lat' dir='ltr'><strong>quid</strong></span> <span class='ocrx_word' id='word_1_124' title='bbox 979 1908 1101 1954; x_wconf 86' lang='lat' dir='ltr'><strong>mibi</strong></span> <span class='ocrx_word' id='word_1_125' title='bbox 1117 1919 1351 1966; x_wconf 80' lang='lat' dir='ltr'><strong>superest,</strong></span> 
     </span>
     <span class='ocr_line' id='line_1_21' title="bbox 339 1971 1351 2032; baseline -0.003 -12"><span class='ocrx_word' id='word_1_126' title='bbox 339 1982 391 2020; x_wconf 88' lang='lat' dir='ltr'><strong>et</strong></span> <span class='ocrx_word' id='word_1_127' title='bbox 425 1987 512 2032; x_wconf 86' lang='lat' dir='ltr'><strong>per</strong></span> <span class='ocrx_word' id='word_1_128' title='bbox 542 1974 643 2019; x_wconf 80' lang='lat' dir='ltr'><strong>fata</strong></span> <span class='ocrx_word' id='word_1_129' title='bbox 674 1973 805 2020; x_wconf 89' lang='lat' dir='ltr'><strong>licet.</strong></span> <span class='ocrx_word' id='word_1_130' title='bbox 853 1974 928 2020; x_wconf 84' lang='lat' dir='ltr'><strong>Cf.</strong></span> <span class='ocrx_word' id='word_1_131' title='bbox 956 1973 1072 2018; x_wconf 82' lang='lat' dir='ltr'><strong>Hor.</strong></span> <span class='ocrx_word' id='word_1_132' title='bbox 1098 1971 1187 2017; x_wconf 78' lang='lat' dir='ltr'><strong>Od.</strong></span> <span class='ocrx_word' id='word_1_133' title='bbox 1210 1971 1278 2017; x_wconf 93' lang='lat'><strong>11.</strong></span> <span class='ocrx_word' id='word_1_134' title='bbox 1301 1971 1351 2017; x_wconf 87' lang='grc'><strong>3.</strong></span> 
     </span>
     <span class='ocr_line' id='line_1_22' title="bbox 342 2036 1350 2098; baseline -0.004 -14"><span class='ocrx_word' id='word_1_135' title='bbox 342 2038 420 2085; x_wconf 85' lang='grc'><strong>15.</strong></span> <span class='ocrx_word' id='word_1_136' title='bbox 447 2038 527 2084; x_wconf 88' lang='grc'><strong>10.</strong></span> <span class='ocrx_word' id='word_1_137' title='bbox 556 2041 760 2098; x_wconf 71' lang='lat' dir='ltr'><strong>superest</strong></span> <span class='ocrx_word' id='word_1_138' title='bbox 779 2039 880 2083; x_wconf 82' lang='lat' dir='ltr'><strong>scil.</strong></span> <span class='ocrx_word' id='word_1_139' title='bbox 906 2039 1064 2092; x_wconf 78' lang='lat' dir='ltr'><strong>iilum,</strong></span> <span class='ocrx_word' id='word_1_140' title='bbox 1081 2041 1133 2081; x_wconf 88' lang='lat' dir='ltr'><strong>et</strong></span> <span class='ocrx_word' id='word_1_141' title='bbox 1153 2036 1350 2095; x_wconf 84' lang='lat' dir='ltr'><strong>quidem</strong></span> 
     </span>
     <span class='ocr_line' id='line_1_23' title="bbox 340 2101 1351 2160; baseline -0.003 -11"><span class='ocrx_word' id='word_1_142' title='bbox 340 2104 391 2149; x_wconf 74' lang='lat' dir='ltr'><strong>h.</strong></span> <span class='ocrx_word' id='word_1_143' title='bbox 415 2104 448 2148; x_wconf 86' lang='lat'><strong>1.</strong></span> <span class='ocrx_word' id='word_1_144' title='bbox 471 2104 601 2150; x_wconf 76' lang='lat' dir='ltr'><strong>vitae.</strong></span> <span class='ocrx_word' id='word_1_145' title='bbox 658 2101 904 2160; x_wconf 69' lang='lat' dir='ltr'><strong>Tarquen,</strong></span> <span class='ocrx_word' id='word_1_146' title='bbox 927 2107 981 2146; x_wconf 88' lang='lat' dir='ltr'><strong>ut</strong></span> <span class='ocrx_word' id='word_1_147' title='bbox 1003 2108 1055 2145; x_wconf 91' lang='lat' dir='ltr'><strong>et</strong></span> <span class='ocrx_word' id='word_1_148' title='bbox 1073 2112 1273 2152; x_wconf 76' lang='lat' dir='ltr'><strong>vereare,</strong></span> <span class='ocrx_word' id='word_1_149' title='bbox 1290 2101 1351 2146; x_wconf 91' lang='lat' dir='ltr'><strong>de</strong></span> 
     </span>
     <span class='ocr_line' id='line_1_24' title="bbox 340 2164 1352 2224; baseline -0.004 -11"><span class='ocrx_word' id='word_1_150' title='bbox 340 2169 453 2213; x_wconf 77' lang='lat' dir='ltr'><strong>fuso</strong></span> <span class='ocrx_word' id='word_1_151' title='bbox 483 2175 533 2215; x_wconf 90' lang='lat' dir='ltr'><strong>et</strong></span> <span class='ocrx_word' id='word_1_152' title='bbox 565 2168 625 2212; x_wconf 88' lang='lat' dir='ltr'><strong>de</strong></span> <span class='ocrx_word' id='word_1_153' title='bbox 658 2166 764 2224; x_wconf 83' lang='lat' dir='ltr'><strong>ipso</strong></span> <span class='ocrx_word' id='word_1_154' title='bbox 796 2166 1003 2211; x_wconf 86' lang='lat' dir='ltr'><strong>stamine</strong></span> <span class='ocrx_word' id='word_1_155' title='bbox 1038 2178 1095 2211; x_wconf 84' lang='lat' dir='ltr'><strong>ac</strong></span> <span class='ocrx_word' id='word_1_156' title='bbox 1128 2164 1229 2219; x_wconf 81' lang='lat' dir='ltr'><strong>filo,</strong></span> <span class='ocrx_word' id='word_1_157' title='bbox 1264 2176 1352 2223; x_wconf 83' lang='lat' dir='ltr'><strong>pro</strong></span> 
     </span>
     <span class='ocr_line' id='line_1_25' title="bbox 343 2245 1319 2280; baseline 0.002 -2"><span class='ocrx_word' id='word_1_158' title='bbox 343 2245 474 2278; x_wconf 87' lang='lat' dir='ltr'><strong>nere.</strong></span> <span class='ocrx_word' id='word_1_159' title='bbox 1314 2274 1319 2280; x_wconf 88' lang='lat'><strong>.</strong></span> 
     </span>
     <span class='ocr_line' id='line_1_26' title="bbox 407 2294 1353 2356; baseline -0.004 -14"><span class='ocrx_word' id='word_1_160' title='bbox 407 2296 488 2356; x_wconf 66' lang='lat'><strong>29.</strong></span> <span class='ocrx_word' id='word_1_161' title='bbox 524 2295 771 2353; x_wconf 73' lang='lat' dir='ltr'><strong>Cedamus,</strong></span> <span class='ocrx_word' id='word_1_162' title='bbox 802 2296 1056 2353; x_wconf 87' lang='lat' dir='ltr'><strong>excedam,</strong></span> <span class='ocrx_word' id='word_1_163' title='bbox 1088 2294 1353 2349; x_wconf 74' lang='lat' dir='ltr'><strong>discedam,</strong></span> 
     </span>
     <span class='ocr_line' id='line_1_27' title="bbox 342 2357 1351 2418; baseline -0.003 -13"><span class='ocrx_word' id='word_1_164' title='bbox 342 2367 403 2406; x_wconf 86' lang='lat' dir='ltr'><strong>ut</strong></span> <span class='ocrx_word' id='word_1_165' title='bbox 424 2374 531 2418; x_wconf 86' lang='lat' dir='ltr'><strong>sup.</strong></span> <span class='ocrx_word' id='word_1_166' title='bbox 554 2360 625 2406; x_wconf 90' lang='lat'><strong>11.</strong></span> <span class='ocrx_word' id='word_1_167' title='bbox 651 2359 758 2411; x_wconf 75' lang='lat'><strong>131.</strong></span> <span class='ocrx_word' id='word_1_168' title='bbox 809 2359 1033 2405; x_wconf 67' lang='lat' dir='ltr'><strong>Artorius</strong></span> <span class='ocrx_word' id='word_1_169' title='bbox 1060 2363 1105 2405; x_wconf 74' lang='lat' dir='ltr'><strong>et</strong></span> <span class='ocrx_word' id='word_1_170' title='bbox 1132 2357 1351 2414; x_wconf 77' lang='lat' dir='ltr'><strong>Catulm,</strong></span> 
     </span>
     <span class='ocr_line' id='line_1_28' title="bbox 337 2422 1354 2485; baseline -0.005 -13"><span class='ocrx_word' id='word_1_171' title='bbox 337 2426 582 2485; x_wconf 79' lang='lat' dir='ltr'><strong>ignobiles</strong></span> <span class='ocrx_word' id='word_1_172' title='bbox 612 2429 665 2468; x_wconf 86' lang='lat' dir='ltr'><strong>et</strong></span> <span class='ocrx_word' id='word_1_173' title='bbox 697 2422 896 2479; x_wconf 86' lang='lat' dir='ltr'><strong>sordidi,</strong></span> <span class='ocrx_word' id='word_1_174' title='bbox 920 2437 976 2470; x_wconf 88' lang='lat' dir='ltr'><strong>ac</strong></span> <span class='ocrx_word' id='word_1_175' title='bbox 996 2423 1138 2468; x_wconf 86' lang='lat' dir='ltr'><strong>malis</strong></span> <span class='ocrx_word' id='word_1_176' title='bbox 1170 2423 1354 2467; x_wconf 84' lang='lat' dir='ltr'><strong>artibus</strong></span> 
     </span>
     <span class='ocr_line' id='line_1_29' title="bbox 339 2486 1355 2545; baseline -0.004 -11"><span class='ocrx_word' id='word_1_177' title='bbox 339 2491 566 2534; x_wconf 82' lang='lat' dir='ltr'><strong>viventes</strong></span> <span class='ocrx_word' id='word_1_178' title='bbox 588 2487 826 2539; x_wconf 83' lang='lat' dir='ltr'><strong>homines,</strong></span> <span class='ocrx_word' id='word_1_179' title='bbox 849 2488 933 2545; x_wconf 88' lang='lat' dir='ltr'><strong>qui</strong></span> <span class='ocrx_word' id='word_1_180' title='bbox 963 2498 1024 2532; x_wconf 88' lang='lat' dir='ltr'><strong>ex</strong></span> <span class='ocrx_word' id='word_1_181' title='bbox 1057 2486 1259 2533; x_wconf 83' lang='lat' dir='ltr'><strong>sordidis</strong></span> <span class='ocrx_word' id='word_1_182' title='bbox 1279 2499 1355 2531; x_wconf 83' lang='lat' dir='ltr'><strong>re-</strong></span> 
     </span>
     <span class='ocr_line' id='line_1_30' title="bbox 344 2549 1354 2602; baseline -0.004 -4"><span class='ocrx_word' id='word_1_183' title='bbox 344 2556 441 2599; x_wconf 87' lang='lat' dir='ltr'><strong>bus</strong></span> <span class='ocrx_word' id='word_1_184' title='bbox 485 2553 658 2600; x_wconf 84' lang='lat' dir='ltr'><strong>divites</strong></span> <span class='ocrx_word' id='word_1_185' title='bbox 699 2556 815 2596; x_wconf 80' lang='lat' dir='ltr'><strong>sunt</strong></span> <span class='ocrx_word' id='word_1_186' title='bbox 855 2551 999 2602; x_wconf 69' lang='lat' dir='ltr'><strong>factiz</strong></span> <span class='ocrx_word' id='word_1_187' title='bbox 1058 2556 1151 2596; x_wconf 87' lang='lat' dir='ltr'><strong>vet.</strong></span> <span class='ocrx_word' id='word_1_188' title='bbox 1195 2549 1354 2595; x_wconf 85' lang='lat' dir='ltr'><strong>Schol.</strong></span> 
     </span>
     <span class='ocr_line' id='line_1_31' title="bbox 343 2614 1355 2672; baseline -0.003 -9"><span class='ocrx_word' id='word_1_189' title='bbox 343 2617 495 2663; x_wconf 85' lang='lat' dir='ltr'><strong>Tales</strong></span> <span class='ocrx_word' id='word_1_190' title='bbox 528 2615 751 2663; x_wconf 85' lang='lat' dir='ltr'><strong>homines</strong></span> <span class='ocrx_word' id='word_1_191' title='bbox 783 2628 913 2660; x_wconf 89' lang='lat' dir='ltr'><strong>nunc</strong></span> <span class='ocrx_word' id='word_1_192' title='bbox 949 2615 1122 2661; x_wconf 79' lang='lat' dir='ltr'><strong>Romae</strong></span> <span class='ocrx_word' id='word_1_193' title='bbox 1159 2614 1355 2672; x_wconf 79' lang='lat' dir='ltr'><strong>gratiosi</strong></span> 
     </span>
     <span class='ocr_line' id='line_1_32' title="bbox 344 2678 1359 2739; baseline -0.005 -12"><span class='ocrx_word' id='word_1_194' title='bbox 344 2688 465 2727; x_wconf 84' lang='lat' dir='ltr'><strong>sunt</strong></span> <span class='ocrx_word' id='word_1_195' title='bbox 496 2688 545 2726; x_wconf 90' lang='lat' dir='ltr'><strong>et</strong></span> <span class='ocrx_word' id='word_1_196' title='bbox 580 2679 760 2726; x_wconf 84' lang='lat' dir='ltr'><strong>felices.</strong></span> <span class='ocrx_word' id='word_1_197' title='bbox 804 2682 887 2737; x_wconf 80' lang='lat' dir='ltr'><strong>qui</strong></span> <span class='ocrx_word' id='word_1_198' title='bbox 905 2680 1100 2739; x_wconf 80' lang='lat' dir='ltr'><strong>nigrum</strong></span> <span class='ocrx_word' id='word_1_199' title='bbox 1121 2679 1196 2723; x_wconf 74' lang='lat' dir='ltr'><strong>vel</strong></span> <span class='ocrx_word' id='word_1_200' title='bbox 1217 2678 1359 2737; x_wconf 81' lang='lat' dir='ltr'><strong>nigra</strong></span> 
     </span>
     <span class='ocr_line' id='line_1_33' title="bbox 344 2740 1357 2803; baseline -0.006 -12"><span class='ocrx_word' id='word_1_201' title='bbox 344 2749 424 2796; x_wconf 87' lang='lat' dir='ltr'><strong>(ut</strong></span> <span class='ocrx_word' id='word_1_202' title='bbox 442 2746 618 2803; x_wconf 80' lang='lat' dir='ltr'><strong>legitur</strong></span> <span class='ocrx_word' id='word_1_203' title='bbox 633 2746 681 2790; x_wconf 89' lang='lat' dir='ltr'><strong>in</strong></span> <span class='ocrx_word' id='word_1_204' title='bbox 698 2744 804 2791; x_wconf 85' lang='lat' dir='ltr'><strong>MS.</strong></span> <span class='ocrx_word' id='word_1_205' title='bbox 823 2743 1064 2800; x_wconf 79' lang='lat' dir='ltr'><strong>Scriverii)</strong></span> <span class='ocrx_word' id='word_1_206' title='bbox 1080 2744 1131 2788; x_wconf 74' lang='lat' dir='ltr'><strong>iu</strong></span> <span class='ocrx_word' id='word_1_207' title='bbox 1146 2740 1357 2793; x_wconf 81' lang='lat' dir='ltr'><strong>candida,</strong></span> 
     </span>
     <span class='ocr_line' id='line_1_34' title="bbox 345 2809 1356 2863; baseline -0.006 -8"><span class='ocrx_word' id='word_1_208' title='bbox 345 2810 468 2855; x_wconf 76' lang='lat' dir='ltr'><strong>falsa</strong></span> <span class='ocrx_word' id='word_1_209' title='bbox 489 2810 539 2854; x_wconf 89' lang='lat' dir='ltr'><strong>in</strong></span> <span class='ocrx_word' id='word_1_210' title='bbox 560 2822 692 2863; x_wconf 87' lang='lat' dir='ltr'><strong>vera,</strong></span> <span class='ocrx_word' id='word_1_211' title='bbox 711 2810 829 2853; x_wconf 88' lang='lat' dir='ltr'><strong>vitia</strong></span> <span class='ocrx_word' id='word_1_212' title='bbox 845 2809 895 2854; x_wconf 89' lang='lat' dir='ltr'><strong>in</strong></span> <span class='ocrx_word' id='word_1_213' title='bbox 913 2809 1137 2862; x_wconf 79' lang='lat' dir='ltr'><strong>virtutes,</strong></span> <span class='ocrx_word' id='word_1_214' title='bbox 1156 2809 1356 2852; x_wconf 75' lang='lat' dir='ltr'><strong>vertunt.</strong></span> 
     </span>
     <span class='ocr_line' id='line_1_35' title="bbox 410 2872 1359 2934; baseline -0.003 -13"><span class='ocrx_word' id='word_1_215' title='bbox 410 2874 492 2922; x_wconf 82' lang='lat'><strong>31.</strong></span> <span class='ocrx_word' id='word_1_216' title='bbox 515 2887 614 2934; x_wconf 83' lang='lat' dir='ltr'><strong>seq.</strong></span> <span class='ocrx_word' id='word_1_217' title='bbox 649 2873 978 2931; x_wconf 82' lang='lat' dir='ltr'><strong>Designantur</strong></span> <span class='ocrx_word' id='word_1_218' title='bbox 1003 2872 1226 2917; x_wconf 87' lang='lat' dir='ltr'><strong>homines</strong></span> <span class='ocrx_word' id='word_1_219' title='bbox 1258 2882 1359 2918; x_wconf 60' lang='lat' dir='ltr'><strong>sore</strong></span> 
     </span>
     <span class='ocr_line' id='line_1_36' title="bbox 347 2933 1360 2996; baseline -0.008 -11"><span class='ocrx_word' id='word_1_220' title='bbox 347 2939 475 2985; x_wconf 76' lang='lat' dir='ltr'><strong>didae</strong></span> <span class='ocrx_word' id='word_1_221' title='bbox 497 2939 615 2984; x_wconf 90' lang='lat' dir='ltr'><strong>olim</strong></span> <span class='ocrx_word' id='word_1_222' title='bbox 639 2937 946 2993; x_wconf 81' lang='lat' dir='ltr'><strong>conditionis,</strong></span> <span class='ocrx_word' id='word_1_223' title='bbox 965 2937 1051 2996; x_wconf 90' lang='lat' dir='ltr'><strong>qui</strong></span> <span class='ocrx_word' id='word_1_224' title='bbox 1074 2933 1360 2980; x_wconf 86' lang='lat' dir='ltr'><strong>redemturis</strong></span> 
     </span>
     <span class='ocr_line' id='line_1_37' title="bbox 347 2994 1358 3061; baseline -0.005 -13"><span class='ocrx_word' id='word_1_225' title='bbox 347 3015 525 3048; x_wconf 83' lang='lat' dir='ltr'><strong>auxere</strong></span> <span class='ocrx_word' id='word_1_226' title='bbox 548 3002 858 3061; x_wconf 88' lang='lat' dir='ltr'><strong>patrimonia,</strong></span> <span class='ocrx_word' id='word_1_227' title='bbox 871 3000 999 3052; x_wconf 78' lang='lat' dir='ltr'><strong>(Liv.</strong></span> <span class='ocrx_word' id='word_1_228' title='bbox 1024 2998 1230 3046; x_wconf 81' lang='lat' dir='ltr'><strong>xxm.</strong></span> <span class='ocrx_word' id='word_1_229' title='bbox 1254 2994 1358 3057; x_wconf 79' lang='lat'><strong>48.)</strong></span> 
     </span>
     <span class='ocr_line' id='line_1_38' title="bbox 343 3066 1361 3125; baseline -0.006 -12"><span class='ocrx_word' id='word_1_230' title='bbox 343 3068 425 3114; x_wconf 74' lang='lat' dir='ltr'><strong>,rel</strong></span> <span class='ocrx_word' id='word_1_231' title='bbox 448 3068 542 3112; x_wconf 88' lang='lat' dir='ltr'><strong>alia</strong></span> <span class='ocrx_word' id='word_1_232' title='bbox 562 3078 869 3125; x_wconf 83' lang='lat' dir='ltr'><strong>quacumque</strong></span> <span class='ocrx_word' id='word_1_233' title='bbox 892 3066 971 3110; x_wconf 89' lang='lat' dir='ltr'><strong>via</strong></span> <span class='ocrx_word' id='word_1_234' title='bbox 986 3066 1225 3110; x_wconf 83' lang='lat' dir='ltr'><strong>ad·tantas</strong></span> <span class='ocrx_word' id='word_1_235' title='bbox 1247 3075 1361 3121; x_wconf 85' lang='lat' dir='ltr'><strong>opes</strong></span> 
     </span>
     <span class='ocr_line' id='line_1_39' title="bbox 349 3128 1358 3190; baseline -0.008 -12"><span class='ocrx_word' id='word_1_236' title='bbox 349 3130 563 3190; x_wconf 83' lang='lat' dir='ltr'><strong>provecti</strong></span> <span class='ocrx_word' id='word_1_237' title='bbox 587 3134 722 3181; x_wconf 85' lang='lat' dir='ltr'><strong>sunt,</strong></span> <span class='ocrx_word' id='word_1_238' title='bbox 746 3136 802 3174; x_wconf 84' lang='lat' dir='ltr'><strong>ut</strong></span> <span class='ocrx_word' id='word_1_239' title='bbox 835 3142 965 3175; x_wconf 87' lang='lat' dir='ltr'><strong>nunc</strong></span> <span class='ocrx_word' id='word_1_240' title='bbox 997 3128 1239 3186; x_wconf 85' lang='lat' dir='ltr'><strong>publicani</strong></span> <span class='ocrx_word' id='word_1_241' title='bbox 1272 3132 1358 3171; x_wconf 87' lang='lat' dir='ltr'><strong>aut</strong></span> 
     </span>
     <span class='ocr_line' id='line_1_40' title="bbox 348 3192 1357 3251; baseline -0.005 -10"><span class='ocrx_word' id='word_1_242' title='bbox 348 3202 481 3250; x_wconf 79' lang='lat' dir='ltr'><strong>certe</strong></span> <span class='ocrx_word' id='word_1_243' title='bbox 499 3195 794 3241; x_wconf 86' lang='lat' dir='ltr'><strong>redemtores</strong></span> <span class='ocrx_word' id='word_1_244' title='bbox 813 3206 917 3238; x_wconf 86' lang='lat' dir='ltr'><strong>esse</strong></span> <span class='ocrx_word' id='word_1_245' title='bbox 937 3193 1141 3251; x_wconf 85' lang='lat' dir='ltr'><strong>possint.</strong></span> <span class='ocrx_word' id='word_1_246' title='bbox 1190 3192 1357 3237; x_wconf 67' lang='lat' dir='ltr'><strong>Romo</strong></span> 
     </span>
     <span class='ocr_line' id='line_1_41' title="bbox 346 3255 1358 3317; baseline -0.007 -11"><span class='ocrx_word' id='word_1_247' title='bbox 346 3272 448 3307; x_wconf 85' lang='lat' dir='ltr'><strong>non</strong></span> <span class='ocrx_word' id='word_1_248' title='bbox 472 3259 618 3304; x_wconf 87' lang='lat' dir='ltr'><strong>modo</strong></span> <span class='ocrx_word' id='word_1_249' title='bbox 645 3258 888 3316; x_wconf 76' lang='lat' dir='ltr'><strong>pleraque,</strong></span> <span class='ocrx_word' id='word_1_250' title='bbox 909 3270 1020 3317; x_wconf 80' lang='lat' dir='ltr'><strong>quae</strong></span> <span class='ocrx_word' id='word_1_251' title='bbox 1042 3256 1254 3315; x_wconf 85' lang='lat' dir='ltr'><strong>publico,</strong></span> <span class='ocrx_word' id='word_1_252' title='bbox 1275 3255 1358 3299; x_wconf 84' lang='lat' dir='ltr'><strong>sed</strong></span> 
     </span>
     <span class='ocr_line' id='line_1_42' title="bbox 348 3319 1358 3381; baseline -0.006 -12"><span class='ocrx_word' id='word_1_253' title='bbox 348 3331 398 3369; x_wconf 89' lang='lat' dir='ltr'><strong>et</strong></span> <span class='ocrx_word' id='word_1_254' title='bbox 420 3323 594 3378; x_wconf 86' lang='lat' dir='ltr'><strong>multa,</strong></span> <span class='ocrx_word' id='word_1_255' title='bbox 608 3335 723 3381; x_wconf 77' lang='lat' dir='ltr'><strong>quae</strong></span> <span class='ocrx_word' id='word_1_256' title='bbox 746 3321 935 3379; x_wconf 87' lang='lat' dir='ltr'><strong>privato</strong></span> <span class='ocrx_word' id='word_1_257' title='bbox 956 3327 1122 3370; x_wconf 81' lang='lat' dir='ltr'><strong>sumtu</strong></span> <span class='ocrx_word' id='word_1_258' title='bbox 1147 3319 1358 3378; x_wconf 72' lang='lat' dir='ltr'><strong>perficie-</strong></span> 
     </span>
     <span class='ocr_line' id='line_1_43' title="bbox 350 3384 1359 3444; baseline -0.007 -10"><span class='ocrx_word' id='word_1_259' title='bbox 350 3391 553 3444; x_wconf 72' lang='lat' dir='ltr'><strong>bantur.</strong></span> <span class='ocrx_word' id='word_1_260' title='bbox 570 3386 717 3431; x_wconf 85' lang='lat' dir='ltr'><strong>locari</strong></span> <span class='ocrx_word' id='word_1_261' title='bbox 737 3398 767 3430; x_wconf 92' lang='lat' dir='ltr'><strong>a</strong></span> <span class='ocrx_word' id='word_1_262' title='bbox 791 3386 1079 3434; x_wconf 77' lang='lat' dir='ltr'><strong>censoribus</strong></span> <span class='ocrx_word' id='word_1_263' title='bbox 1100 3384 1359 3432; x_wconf 82' lang='lat' dir='ltr'><strong>AEdilibus-</strong></span> 
     </span>
     <span class='ocr_line' id='line_1_44' title="bbox 348 3448 1360 3512; baseline -0.006 -13"><span class='ocrx_word' id='word_1_264' title='bbox 348 3465 445 3512; x_wconf 81' lang='lat' dir='ltr'><strong>que</strong></span> <span class='ocrx_word' id='word_1_265' title='bbox 469 3452 709 3506; x_wconf 79' lang='lat' dir='ltr'><strong>solebant,</strong></span> <span class='ocrx_word' id='word_1_266' title='bbox 730 3449 920 3496; x_wconf 71' lang='lat' dir='ltr'><strong>conduci</strong></span> <span class='ocrx_word' id='word_1_267' title='bbox 942 3462 1055 3494; x_wconf 86' lang='lat' dir='ltr'><strong>vero</strong></span> <span class='ocrx_word' id='word_1_268' title='bbox 1077 3450 1154 3494; x_wconf 83' lang='lat' dir='ltr'><strong>vel</strong></span> <span class='ocrx_word' id='word_1_269' title='bbox 1186 3448 1360 3493; x_wconf 85' lang='lat' dir='ltr'><strong>redimi</strong></span> 
     </span>
     <span class='ocr_line' id='line_1_45' title="bbox 348 3512 1360 3574; baseline -0.007 -11"><span class='ocrx_word' id='word_1_270' title='bbox 348 3519 410 3563; x_wconf 84' lang='lat' dir='ltr'><strong>ab</strong></span> <span class='ocrx_word' id='word_1_271' title='bbox 432 3516 513 3573; x_wconf 84' lang='lat' dir='ltr'><strong>iis,</strong></span> <span class='ocrx_word' id='word_1_272' title='bbox 533 3515 698 3574; x_wconf 84' lang='lat' dir='ltr'><strong>quiea</strong></span> <span class='ocrx_word' id='word_1_273' title='bbox 718 3514 931 3561; x_wconf 84' lang='lat' dir='ltr'><strong>curanda</strong></span> <span class='ocrx_word' id='word_1_274' title='bbox 952 3512 1294 3570; x_wconf 77' lang='lat' dir='ltr'><strong>suscipiebant,</strong></span> <span class='ocrx_word' id='word_1_275' title='bbox 1310 3518 1360 3557; x_wconf 89' lang='lat' dir='ltr'><strong>et</strong></span> 
     </span>
     <span class='ocr_line' id='line_1_46' title="bbox 351 3575 1361 3639; baseline -0.006 -14"><span class='ocrx_word' id='word_1_276' title='bbox 351 3580 640 3631; x_wconf 72' lang='lat' dir='ltr'><strong>redemtam.</strong></span> <span class='ocrx_word' id='word_1_277' title='bbox 655 3578 961 3635; x_wconf 74' lang='lat' dir='ltr'><strong>conductor-cs,</strong></span> <span class='ocrx_word' id='word_1_278' title='bbox 981 3576 1212 3637; x_wconf 71' lang='lat' dir='ltr'><strong>mancipes</strong></span> <span class='ocrx_word' id='word_1_279' title='bbox 1235 3575 1361 3639; x_wconf 76' lang='lat' dir='ltr'><strong>(En-</strong></span> 
     </span>
     <span class='ocr_line' id='line_1_47' title="bbox 352 3640 1362 3703; baseline -0.005 -13"><span class='ocrx_word' id='word_1_280' title='bbox 352 3648 664 3703; x_wconf 71' lang='lat' dir='ltr'><strong>irepreneurs)</strong></span> <span class='ocrx_word' id='word_1_281' title='bbox 680 3642 986 3689; x_wconf 80' lang='lat' dir='ltr'><strong>vocabantur.</strong></span> <span class='ocrx_word' id='word_1_282' title='bbox 1012 3640 1362 3695; x_wconf 79' lang='lat' dir='ltr'><strong>Publiceni,ho-</strong></span> 
     </span>
     <span class='ocr_line' id='line_1_48' title="bbox 349 3701 1363 3766; baseline -0.005 -12"><span class='ocrx_word' id='word_1_283' title='bbox 349 3709 507 3762; x_wconf 83' lang='lat' dir='ltr'><strong>mines</strong></span> <span class='ocrx_word' id='word_1_284' title='bbox 519 3708 568 3753; x_wconf 87' lang='lat' dir='ltr'><strong>di</strong></span> <span class='ocrx_word' id='word_1_285' title='bbox 574 3705 762 3758; x_wconf 83' lang='lat' dir='ltr'><strong>tissimi,</strong></span> <span class='ocrx_word' id='word_1_286' title='bbox 772 3705 855 3765; x_wconf 89' lang='lat' dir='ltr'><strong>qui</strong></span> <span class='ocrx_word' id='word_1_287' title='bbox 867 3701 1150 3766; x_wconf 69' lang='lat' dir='ltr'><strong>plerquue</strong></span> <span class='ocrx_word' id='word_1_288' title='bbox 1163 3704 1363 3763; x_wconf 85' lang='lat' dir='ltr'><strong>Equites</strong></span> 
     </span>
     <span class='ocr_line' id='line_1_49' title="bbox 349 3769 1361 3830; baseline -0.005 -12"><span class='ocrx_word' id='word_1_289' title='bbox 349 3777 507 3824; x_wconf 85' lang='lat' dir='ltr'><strong>erant,</strong></span> <span class='ocrx_word' id='word_1_290' title='bbox 533 3771 723 3830; x_wconf 83' lang='lat' dir='ltr'><strong>publica</strong></span> <span class='ocrx_word' id='word_1_291' title='bbox 758 3770 1029 3829; x_wconf 83' lang='lat' dir='ltr'><strong>vectigalia,</strong></span> <span class='ocrx_word' id='word_1_292' title='bbox 1051 3769 1361 3827; x_wconf 84' lang='lat' dir='ltr'><strong>scripturam,</strong></span> 
     </span>
     <span class='ocr_line' id='line_1_50' title="bbox 350 3834 1363 3893; baseline -0.005 -11"><span class='ocrx_word' id='word_1_293' title='bbox 350 3836 566 3882; x_wconf 82' lang='lat' dir='ltr'><strong>decimas</strong></span> <span class='ocrx_word' id='word_1_294' title='bbox 609 3844 658 3881; x_wconf 84' lang='lat' dir='ltr'><strong>et</strong></span> <span class='ocrx_word' id='word_1_295' title='bbox 711 3834 997 3893; x_wconf 82' lang='lat' dir='ltr'><strong>portorium,</strong></span> <span class='ocrx_word' id='word_1_296' title='bbox 1041 3834 1363 3891; x_wconf 81' lang='lat' dir='ltr'><strong>redimebant,</strong></span> 
     </span>
     <span class='ocr_line' id='line_1_51' title="bbox 354 3898 1362 3958; baseline -0.006 -10"><span class='ocrx_word' id='word_1_297' title='bbox 354 3901 484 3948; x_wconf 85' lang='lat' dir='ltr'><strong>unde</strong></span> <span class='ocrx_word' id='word_1_298' title='bbox 505 3898 801 3958; x_wconf 85' lang='lat' dir='ltr'><strong>scripturarii</strong></span> <span class='ocrx_word' id='word_1_299' title='bbox 824 3909 864 3945; x_wconf 90' lang='lat' dir='ltr'><strong>s.</strong></span> <span class='ocrx_word' id='word_1_300' title='bbox 888 3898 1116 3957; x_wconf 83' lang='lat' dir='ltr'><strong>pecuarii,</strong></span> <span class='ocrx_word' id='word_1_301' title='bbox 1139 3905 1187 3942; x_wconf 88' lang='lat' dir='ltr'><strong>et</strong></span> <span class='ocrx_word' id='word_1_302' title='bbox 1219 3898 1362 3943; x_wconf 87' lang='lat' dir='ltr'><strong>decu-</strong></span> 
     </span>
     <span class='ocr_line' id='line_1_52' title="bbox 353 3963 1363 4032; baseline -0.005 -21"><span class='ocrx_word' id='word_1_303' title='bbox 353 3963 491 4011; x_wconf 83' lang='lat' dir='ltr'><strong>mani</strong></span> <span class='ocrx_word' id='word_1_304' title='bbox 525 3964 832 4010; x_wconf 82' lang='lat' dir='ltr'><strong>dicebantur:</strong></span> <span class='ocrx_word' id='word_1_305' title='bbox 875 3964 959 4009; x_wconf 85' lang='lat' dir='ltr'><strong>sed</strong></span> <span class='ocrx_word' id='word_1_306' title='bbox 991 3963 1138 4008; x_wconf 86' lang='lat' dir='ltr'><strong>iidem</strong></span> <span class='ocrx_word' id='word_1_307' title='bbox 1173 3974 1363 4032; x_wconf 78' lang='lat' dir='ltr'><strong>quoque</strong></span> 
     </span>
     <span class='ocr_line' id='line_1_53' title="bbox 353 4026 1364 4088; baseline -0.006 -12"><span class='ocrx_word' id='word_1_308' title='bbox 353 4041 486 4088; x_wconf 61' lang='lat' dir='ltr'><strong>saepe</strong></span> <span class='ocrx_word' id='word_1_309' title='bbox 499 4028 792 4074; x_wconf 76' lang='lat' dir='ltr'><strong>redemtores</strong></span> <span class='ocrx_word' id='word_1_310' title='bbox 804 4033 941 4072; x_wconf 84' lang='lat' dir='ltr'><strong>erant</strong></span> <span class='ocrx_word' id='word_1_311' title='bbox 955 4027 1145 4073; x_wconf 77' lang='lat' dir='ltr'><strong>aediiicii</strong></span> <span class='ocrx_word' id='word_1_312' title='bbox 1160 4026 1364 4086; x_wconf 77' lang='lat' dir='ltr'><strong>alicoJus</strong></span> 
     </span>
     <span class='ocr_line' id='line_1_54' title="bbox 355 4090 1364 4150; baseline -0.003 -12"><span class='ocrx_word' id='word_1_313' title='bbox 355 4101 443 4139; x_wconf 84' lang='lat' dir='ltr'><strong>aut</strong></span> <span class='ocrx_word' id='word_1_314' title='bbox 464 4091 621 4150; x_wconf 78' lang='lat' dir='ltr'><strong>operis</strong></span> <span class='ocrx_word' id='word_1_315' title='bbox 643 4091 841 4150; x_wconf 85' lang='lat' dir='ltr'><strong>publici.</strong></span> <span class='ocrx_word' id='word_1_316' title='bbox 881 4091 1019 4137; x_wconf 75' lang='lat' dir='ltr'><strong>edem</strong></span> <span class='ocrx_word' id='word_1_317' title='bbox 1053 4091 1152 4136; x_wconf 90' lang='lat' dir='ltr'><strong>scil.</strong></span> <span class='ocrx_word' id='word_1_318' title='bbox 1185 4090 1364 4136; x_wconf 82' lang='lat' dir='ltr'><strong>facien-</strong></span> 
     </span>
     <span class='ocr_line' id='line_1_55' title="bbox 356 4154 1366 4216; baseline -0.003 -13"><span class='ocrx_word' id='word_1_319' title='bbox 356 4157 489 4216; x_wconf 81' lang='lat' dir='ltr'><strong>dam,</strong></span> <span class='ocrx_word' id='word_1_320' title='bbox 505 4155 845 4201; x_wconf 76' lang='lat' dir='ltr'><strong>exstruendam</strong></span> <span class='ocrx_word' id='word_1_321' title='bbox 868 4168 954 4201; x_wconf 87' lang='lat' dir='ltr'><strong>seu</strong></span> <span class='ocrx_word' id='word_1_322' title='bbox 969 4154 1296 4209; x_wconf 86' lang='lat' dir='ltr'><strong>reficiendam,</strong></span> <span class='ocrx_word' id='word_1_323' title='bbox 1316 4160 1366 4200; x_wconf 87' lang='lat' dir='ltr'><strong>et</strong></span> 
     </span>
     <span class='ocr_line' id='line_1_56' title="bbox 356 4218 1364 4280; baseline -0.001 -15"><span class='ocrx_word' id='word_1_324' title='bbox 356 4221 554 4280; x_wconf 85' lang='lat' dir='ltr'><strong>quidem</strong></span> <span class='ocrx_word' id='word_1_325' title='bbox 581 4219 656 4264; x_wconf 88' lang='lat' dir='ltr'><strong>vel</strong></span> <span class='ocrx_word' id='word_1_326' title='bbox 679 4232 885 4277; x_wconf 88' lang='lat' dir='ltr'><strong>sacram,</strong></span> <span class='ocrx_word' id='word_1_327' title='bbox 911 4221 985 4265; x_wconf 87' lang='lat' dir='ltr'><strong>vel</strong></span> <span class='ocrx_word' id='word_1_328' title='bbox 1008 4218 1264 4279; x_wconf 88' lang='lat' dir='ltr'><strong>publicam,</strong></span> <span class='ocrx_word' id='word_1_329' title='bbox 1288 4218 1364 4264; x_wconf 92' lang='lat' dir='ltr'><strong>vel</strong></span> 
     </span>
     <span class='ocr_line' id='line_1_57' title="bbox 354 4283 1365 4342; baseline -0.006 -10"><span class='ocrx_word' id='word_1_330' title='bbox 354 4285 503 4332; x_wconf 83' lang='lat' dir='ltr'><strong>etiam</strong></span> <span class='ocrx_word' id='word_1_331' title='bbox 527 4283 793 4342; x_wconf 73' lang='lat' dir='ltr'><strong>privatamz</strong></span> <span class='ocrx_word' id='word_1_332' title='bbox 833 4295 926 4329; x_wconf 92' lang='lat' dir='ltr'><strong>non</strong></span> <span class='ocrx_word' id='word_1_333' title='bbox 956 4284 1087 4330; x_wconf 87' lang='lat' dir='ltr'><strong>enim</strong></span> <span class='ocrx_word' id='word_1_334' title='bbox 1110 4283 1365 4329; x_wconf 84' lang='lat' dir='ltr'><strong>Gramma-</strong></span> 
     </span>
     <span class='ocr_line' id='line_1_58' title="bbox 355 4344 1364 4409; baseline -0.002 -16"><span class='ocrx_word' id='word_1_335' title='bbox 355 4348 462 4396; x_wconf 79' lang='lat' dir='ltr'><strong>ticis</strong></span> <span class='ocrx_word' id='word_1_336' title='bbox 496 4348 612 4395; x_wconf 84' lang='lat' dir='ltr'><strong>fides</strong></span> <span class='ocrx_word' id='word_1_337' title='bbox 646 4347 882 4402; x_wconf 71' lang='lat' dir='ltr'><strong>habenda,</strong></span> <span class='ocrx_word' id='word_1_338' title='bbox 904 4344 1199 4409; x_wconf 76' lang='lat' dir='ltr'><strong>qui&#39;docent,</strong></span> <span class='ocrx_word' id='word_1_339' title='bbox 1222 4345 1364 4392; x_wconf 80' lang='lat' dir='ltr'><strong>aedem</strong></span> 
     </span>
    </p>
   </div>
   <div class='ocr_carea' id='block_1_5' title="bbox 1410 1395 2487 4408">
    <p class='ocr_par' dir='ltr' id='par_1_8' title="bbox 1410 1395 2487 3383">
     <span class='ocr_line' id='line_1_59' title="bbox 1416 1395 2424 1455; baseline 0.002 -16"><span class='ocrx_word' id='word_1_340' title='bbox 1416 1401 1694 1440; x_wconf 79' lang='lat' dir='ltr'><strong>constanter</strong></span> <span class='ocrx_word' id='word_1_341' title='bbox 1726 1395 1822 1441; x_wconf 89' lang='lat' dir='ltr'><strong>dici</strong></span> <span class='ocrx_word' id='word_1_342' title='bbox 1845 1396 2079 1455; x_wconf 85' lang='lat' dir='ltr'><strong>templum</strong></span> <span class='ocrx_word' id='word_1_343' title='bbox 2105 1396 2424 1443; x_wconf 76' lang='lat' dir='ltr'><strong>aediticiumve</strong></span> 
     </span>
     <span class='ocr_line' id='line_1_60' title="bbox 1417 1460 2425 1518; baseline 0.002 -13"><span class='ocrx_word' id='word_1_344' title='bbox 1417 1465 1657 1505; x_wconf 77' lang='lat' dir='ltr'><strong>sacratum</strong></span> <span class='ocrx_word' id='word_1_345' title='bbox 1681 1467 1767 1504; x_wconf 84' lang='lat' dir='ltr'><strong>aut</strong></span> <span class='ocrx_word' id='word_1_346' title='bbox 1786 1460 2152 1518; x_wconf 75' lang='lat' dir='ltr'><strong>inauguratum,</strong></span> <span class='ocrx_word' id='word_1_347' title='bbox 2173 1461 2290 1507; x_wconf 61' lang='lat' dir='ltr'><strong>mdes</strong></span> <span class='ocrx_word' id='word_1_348' title='bbox 2312 1473 2425 1507; x_wconf 77' lang='lat' dir='ltr'><strong>vero</strong></span> 
     </span>
     <span class='ocr_line' id='line_1_61' title="bbox 1417 1524 2425 1584; baseline 0.006 -17"><span class='ocrx_word' id='word_1_349' title='bbox 1417 1524 1656 1581; x_wconf 83' lang='lat' dir='ltr'><strong>privatam</strong></span> <span class='ocrx_word' id='word_1_350' title='bbox 1673 1524 1869 1569; x_wconf 86' lang='lat' dir='ltr'><strong>domum</strong></span> <span class='ocrx_word' id='word_1_351' title='bbox 1887 1542 1905 1583; x_wconf 77' lang='lat'><em>3</em></span> <span class='ocrx_word' id='word_1_352' title='bbox 1937 1532 2021 1571; x_wconf 88' lang='lat' dir='ltr'><strong>aut</strong></span> <span class='ocrx_word' id='word_1_353' title='bbox 2043 1524 2300 1584; x_wconf 78' lang='lat' dir='ltr'><strong>legendnm</strong></span> <span class='ocrx_word' id='word_1_354' title='bbox 2318 1525 2371 1571; x_wconf 88' lang='lat' dir='ltr'><strong>h.</strong></span> <span class='ocrx_word' id='word_1_355' title='bbox 2389 1526 2425 1574; x_wconf 86' lang='lat' dir='ltr'><strong>l.</strong></span> 
     </span>
     <span class='ocr_line' id='line_1_62' title="bbox 1412 1586 2424 1646; baseline 0.004 -15"><span class='ocrx_word' id='word_1_356' title='bbox 1412 1586 1550 1634; x_wconf 70' lang='lat' dir='ltr'><strong>edes.</strong></span> <span class='ocrx_word' id='word_1_357' title='bbox 1593 1586 1669 1633; x_wconf 80' lang='lat' dir='ltr'><strong>ef.</strong></span> <span class='ocrx_word' id='word_1_358' title='bbox 1695 1588 1782 1636; x_wconf 78' lang='lat' dir='ltr'><strong>ins.</strong></span> <span class='ocrx_word' id='word_1_359' title='bbox 1807 1588 1917 1634; x_wconf 83' lang='lat' dir='ltr'><strong>vn.</strong></span> <span class='ocrx_word' id='word_1_360' title='bbox 1940 1588 2022 1636; x_wconf 80' lang='grc'><strong>37.</strong></span> <span class='ocrx_word' id='word_1_361' title='bbox 2043 1588 2121 1636; x_wconf 78' lang='lat'><strong>40.</strong></span> <span class='ocrx_word' id='word_1_362' title='bbox 2157 1588 2267 1646; x_wconf 88' lang='lat' dir='ltr'><strong>(ubi</strong></span> <span class='ocrx_word' id='word_1_363' title='bbox 2300 1589 2424 1637; x_wconf 80' lang='lat' dir='ltr'><strong>illud</strong></span> 
     </span>
     <span class='ocr_line' id='line_1_63' title="bbox 1413 1652 2427 1709; baseline 0.001 -12"><span class='ocrx_word' id='word_1_364' title='bbox 1413 1652 1673 1697; x_wconf 73' lang='lat' dir='ltr'><strong>discrimen</strong></span> <span class='ocrx_word' id='word_1_365' title='bbox 1687 1660 1840 1698; x_wconf 82' lang='lat' dir='ltr'><strong>servat</strong></span> <span class='ocrx_word' id='word_1_366' title='bbox 1846 1659 1927 1709; x_wconf 79' lang='lat' dir='ltr'><strong>ur)</strong></span> <span class='ocrx_word' id='word_1_367' title='bbox 1936 1654 1967 1698; x_wconf 81' lang='lat' dir='ltr'><strong>J</strong></span> <span class='ocrx_word' id='word_1_368' title='bbox 1969 1655 2049 1697; x_wconf 83' lang='lat' dir='ltr'><strong>ani</strong></span> <span class='ocrx_word' id='word_1_369' title='bbox 2065 1655 2123 1699; x_wconf 89' lang='lat' dir='ltr'><strong>ad</strong></span> <span class='ocrx_word' id='word_1_370' title='bbox 2142 1654 2317 1701; x_wconf 76' lang='lat' dir='ltr'><strong>Horat.</strong></span> <span class='ocrx_word' id='word_1_371' title='bbox 2329 1654 2427 1699; x_wconf 86' lang='lat' dir='ltr'><strong>Od.</strong></span> 
     </span>
     <span class='ocr_line' id='line_1_64' title="bbox 1416 1715 2423 1776; baseline 0.001 -15"><span class='ocrx_word' id='word_1_372' title='bbox 1416 1715 1457 1761; x_wconf 86' lang='lat'><strong>1.</strong></span> <span class='ocrx_word' id='word_1_373' title='bbox 1477 1715 1557 1760; x_wconf 85' lang='lat'><strong>30.</strong></span> <span class='ocrx_word' id='word_1_374' title='bbox 1580 1715 1630 1762; x_wconf 78' lang='lat'><strong>4.</strong></span> <span class='ocrx_word' id='word_1_375' title='bbox 1651 1723 1700 1761; x_wconf 88' lang='lat' dir='ltr'><strong>et</strong></span> <span class='ocrx_word' id='word_1_376' title='bbox 1720 1717 1879 1762; x_wconf 87' lang='lat' dir='ltr'><strong>Bentl.</strong></span> <span class='ocrx_word' id='word_1_377' title='bbox 1904 1719 1962 1763; x_wconf 81' lang='lat' dir='ltr'><strong>ad</strong></span> <span class='ocrx_word' id='word_1_378' title='bbox 1989 1717 2162 1765; x_wconf 82' lang='lat' dir='ltr'><strong>Horat.</strong></span> <span class='ocrx_word' id='word_1_379' title='bbox 2183 1717 2337 1776; x_wconf 72' lang='lat' dir='ltr'><strong>Epist.</strong></span> <span class='ocrx_word' id='word_1_380' title='bbox 2357 1718 2423 1763; x_wconf 85' lang='lat' dir='ltr'><strong>u.</strong></span> 
     </span>
     <span class='ocr_line' id='line_1_65' title="bbox 1415 1779 2424 1839; baseline 0.003 -13"><span class='ocrx_word' id='word_1_381' title='bbox 1415 1779 1465 1826; x_wconf 78' lang='lat'><strong>2.</strong></span> <span class='ocrx_word' id='word_1_382' title='bbox 1485 1780 1566 1825; x_wconf 83' lang='lat'><strong>90.</strong></span> <span class='ocrx_word' id='word_1_383' title='bbox 1588 1792 1685 1839; x_wconf 79' lang='lat' dir='ltr'><strong>seq.</strong></span> <span class='ocrx_word' id='word_1_384' title='bbox 1704 1782 1934 1838; x_wconf 74' lang='lat' dir='ltr'><strong>flumina,</strong></span> <span class='ocrx_word' id='word_1_385' title='bbox 1956 1783 2117 1827; x_wconf 86' lang='lat' dir='ltr'><strong>alveos</strong></span> <span class='ocrx_word' id='word_1_386' title='bbox 2139 1782 2424 1838; x_wconf 82' lang='lat' dir='ltr'><strong>fluminum,</strong></span> 
     </span>
     <span class='ocr_line' id='line_1_66' title="bbox 1414 1844 2427 1906; baseline 0.003 -17"><span class='ocrx_word' id='word_1_387' title='bbox 1414 1845 1539 1903; x_wconf 88' lang='lat' dir='ltr'><strong>inpr.</strong></span> <span class='ocrx_word' id='word_1_388' title='bbox 1573 1844 1781 1899; x_wconf 85' lang='lat' dir='ltr'><strong>Tiberis,</strong></span> <span class='ocrx_word' id='word_1_389' title='bbox 1800 1847 2104 1905; x_wconf 57' lang='lat' dir='ltr'><strong>purgando„</strong></span> <span class='ocrx_word' id='word_1_390' title='bbox 2141 1846 2234 1891; x_wconf 82' lang='lat' dir='ltr'><strong>nisi</strong></span> <span class='ocrx_word' id='word_1_391' title='bbox 2264 1847 2427 1906; x_wconf 79' lang='lat' dir='ltr'><strong>potius</strong></span> 
     </span>
     <span class='ocr_line' id='line_1_67' title="bbox 1414 1909 2428 1969; baseline 0.003 -16"><span class='ocrx_word' id='word_1_392' title='bbox 1414 1909 1522 1954; x_wconf 83' lang='lat' dir='ltr'><strong>hoec</strong></span> <span class='ocrx_word' id='word_1_393' title='bbox 1540 1921 1633 1953; x_wconf 77' lang='lat' dir='ltr'><strong>vox</strong></span> <span class='ocrx_word' id='word_1_394' title='bbox 1651 1916 1833 1967; x_wconf 73' lang='lat' dir='ltr'><strong>spectat</strong></span> <span class='ocrx_word' id='word_1_395' title='bbox 1850 1910 1911 1954; x_wconf 85' lang='lat' dir='ltr'><strong>ad</strong></span> <span class='ocrx_word' id='word_1_396' title='bbox 1929 1911 2243 1969; x_wconf 79' lang='lat' dir='ltr'><strong>piscationem</strong></span> <span class='ocrx_word' id='word_1_397' title='bbox 2265 1910 2343 1956; x_wconf 82' lang='lat' dir='ltr'><strong>vel</strong></span> <span class='ocrx_word' id='word_1_398' title='bbox 2358 1922 2428 1956; x_wconf 66' lang='grc' dir='ltr'><strong>ωε</strong></span> 
     </span>
     <span class='ocr_line' id='line_1_68' title="bbox 1415 1973 2428 2034; baseline 0.003 -16"><span class='ocrx_word' id='word_1_399' title='bbox 1415 1973 1747 2032; x_wconf 82' lang='lat' dir='ltr'><strong>piscatorium,</strong></span> <span class='ocrx_word' id='word_1_400' title='bbox 1770 1973 1831 2019; x_wconf 88' lang='lat' dir='ltr'><strong>de</strong></span> <span class='ocrx_word' id='word_1_401' title='bbox 1861 1987 1960 2034; x_wconf 88' lang='lat' dir='ltr'><strong>quo</strong></span> <span class='ocrx_word' id='word_1_402' title='bbox 1991 1988 2043 2021; x_wconf 82' lang='lat' dir='ltr'><strong>v.</strong></span> <span class='ocrx_word' id='word_1_403' title='bbox 2073 1973 2206 2021; x_wconf 79' lang='lat' dir='ltr'><strong>Fest.</strong></span> <span class='ocrx_word' id='word_1_404' title='bbox 2266 1974 2346 2021; x_wconf 90' lang='lat' dir='ltr'><strong>Sic</strong></span> <span class='ocrx_word' id='word_1_405' title='bbox 2376 1980 2428 2021; x_wconf 81' lang='lat' dir='ltr'><strong>et</strong></span> 
     </span>
     <span class='ocr_line' id='line_1_69' title="bbox 1415 2038 2428 2086; baseline 0.003 -5"><span class='ocrx_word' id='word_1_406' title='bbox 1415 2038 1549 2083; x_wconf 84' lang='lat' dir='ltr'><strong>lacus</strong></span> <span class='ocrx_word' id='word_1_407' title='bbox 1601 2051 1632 2082; x_wconf 88' lang='lat' dir='ltr'><strong>a</strong></span> <span class='ocrx_word' id='word_1_408' title='bbox 1675 2038 1962 2084; x_wconf 77' lang='lat' dir='ltr'><strong>censoribus</strong></span> <span class='ocrx_word' id='word_1_409' title='bbox 2009 2039 2156 2084; x_wconf 88' lang='lat' dir='ltr'><strong>locari</strong></span> <span class='ocrx_word' id='word_1_410' title='bbox 2210 2041 2428 2086; x_wconf 74' lang='lat' dir='ltr'><strong>solebant</strong></span> 
     </span>
     <span class='ocr_line' id='line_1_70' title="bbox 1414 2101 2428 2162; baseline 0.005 -17"><span class='ocrx_word' id='word_1_411' title='bbox 1414 2107 1608 2160; x_wconf 88' lang='lat' dir='ltr'><strong>propter</strong></span> <span class='ocrx_word' id='word_1_412' title='bbox 1619 2101 1950 2159; x_wconf 84' lang='lat' dir='ltr'><strong>piscationem,</strong></span> <span class='ocrx_word' id='word_1_413' title='bbox 1963 2102 2046 2162; x_wconf 89' lang='lat' dir='ltr'><strong>qui</strong></span> <span class='ocrx_word' id='word_1_414' title='bbox 2058 2103 2247 2150; x_wconf 78' lang='lat' dir='ltr'><strong>fructus</strong></span> <span class='ocrx_word' id='word_1_415' title='bbox 2258 2116 2428 2150; x_wconf 79' lang='lat' dir='ltr'><strong>earum</strong></span> 
     </span>
     <span class='ocr_line' id='line_1_71' title="bbox 1414 2166 2426 2226; baseline 0.003 -16"><span class='ocrx_word' id='word_1_416' title='bbox 1414 2173 1503 2210; x_wconf 84' lang='lat' dir='ltr'><strong>est.</strong></span> <span class='ocrx_word' id='word_1_417' title='bbox 1525 2179 1573 2212; x_wconf 89' lang='lat' dir='ltr'><strong>v.</strong></span> <span class='ocrx_word' id='word_1_418' title='bbox 1598 2166 1766 2211; x_wconf 80' lang='lat' dir='ltr'><strong>Burm-</strong></span> <span class='ocrx_word' id='word_1_419' title='bbox 1788 2167 1849 2212; x_wconf 89' lang='lat' dir='ltr'><strong>de</strong></span> <span class='ocrx_word' id='word_1_420' title='bbox 1881 2167 2057 2226; x_wconf 78' lang='lat' dir='ltr'><strong>vectig.</strong></span> <span class='ocrx_word' id='word_1_421' title='bbox 2080 2181 2190 2226; x_wconf 87' lang='lat' dir='ltr'><strong>pop.</strong></span> <span class='ocrx_word' id='word_1_422' title='bbox 2217 2167 2360 2213; x_wconf 85' lang='lat' dir='ltr'><strong>Rom.</strong></span> <span class='ocrx_word' id='word_1_423' title='bbox 2381 2180 2426 2213; x_wconf 78' lang='lat' dir='ltr'><strong>c.</strong></span> 
     </span>
     <span class='ocr_line' id='line_1_72' title="bbox 1419 2229 2426 2291; baseline 0.002 -16"><span class='ocrx_word' id='word_1_424' title='bbox 1419 2229 1461 2275; x_wconf 90' lang='lat'><strong>1.</strong></span> <span class='ocrx_word' id='word_1_425' title='bbox 1486 2242 1535 2288; x_wconf 87' lang='lat' dir='ltr'><strong>p.</strong></span> <span class='ocrx_word' id='word_1_426' title='bbox 1560 2230 1638 2276; x_wconf 90' lang='grc'><strong>10.</strong></span> <span class='ocrx_word' id='word_1_427' title='bbox 1673 2230 1831 2275; x_wconf 81' lang='lat' dir='ltr'><strong>Possis</strong></span> <span class='ocrx_word' id='word_1_428' title='bbox 1852 2231 2001 2276; x_wconf 88' lang='lat' dir='ltr'><strong>etiam</strong></span> <span class='ocrx_word' id='word_1_429' title='bbox 2025 2233 2086 2277; x_wconf 90' lang='lat' dir='ltr'><strong>de</strong></span> <span class='ocrx_word' id='word_1_430' title='bbox 2107 2230 2350 2291; x_wconf 82' lang='lat' dir='ltr'><strong>vectigali,</strong></span> <span class='ocrx_word' id='word_1_431' title='bbox 2373 2232 2426 2277; x_wconf 89' lang='lat' dir='ltr'><strong>in</strong></span> 
     </span>
     <span class='ocr_line' id='line_1_73' title="bbox 1416 2293 2430 2355; baseline 0.002 -17"><span class='ocrx_word' id='word_1_432' title='bbox 1416 2295 1643 2352; x_wconf 86' lang='lat' dir='ltr'><strong>pontibus</strong></span> <span class='ocrx_word' id='word_1_433' title='bbox 1657 2293 1866 2353; x_wconf 77' lang='lat' dir='ltr'><strong>ripisque</strong></span> <span class='ocrx_word' id='word_1_434' title='bbox 1888 2295 2146 2341; x_wconf 81' lang='lat' dir='ltr'><strong>fluminum</strong></span> <span class='ocrx_word' id='word_1_435' title='bbox 2162 2309 2250 2355; x_wconf 89' lang='lat' dir='ltr'><strong>pro</strong></span> <span class='ocrx_word' id='word_1_436' title='bbox 2272 2302 2430 2343; x_wconf 77' lang='lat' dir='ltr'><strong>trans-</strong></span> 
     </span>
     <span class='ocr_line' id='line_1_74' title="bbox 1415 2358 2425 2420; baseline 0.002 -17"><span class='ocrx_word' id='word_1_437' title='bbox 1415 2359 1487 2404; x_wconf 89' lang='lat' dir='ltr'><strong>itu</strong></span> <span class='ocrx_word' id='word_1_438' title='bbox 1506 2358 1754 2415; x_wconf 87' lang='lat' dir='ltr'><strong>solvendo,</strong></span> <span class='ocrx_word' id='word_1_439' title='bbox 1772 2372 1961 2417; x_wconf 75' lang='lat' dir='ltr'><strong>capere,</strong></span> <span class='ocrx_word' id='word_1_440' title='bbox 1978 2361 2039 2406; x_wconf 90' lang='lat' dir='ltr'><strong>de</strong></span> <span class='ocrx_word' id='word_1_441' title='bbox 2056 2372 2154 2420; x_wconf 90' lang='lat' dir='ltr'><strong>quo</strong></span> <span class='ocrx_word' id='word_1_442' title='bbox 2186 2375 2230 2404; x_wconf 79' lang='lat' dir='ltr'><strong>v.</strong></span> <span class='ocrx_word' id='word_1_443' title='bbox 2253 2361 2425 2407; x_wconf 81' lang='lat' dir='ltr'><strong>Burm.</strong></span> 
     </span>
     <span class='ocr_line' id='line_1_75' title="bbox 1415 2421 2428 2483; baseline 0.003 -15"><span class='ocrx_word' id='word_1_444' title='bbox 1415 2423 1535 2469; x_wconf 87' lang='lat' dir='ltr'><strong>ibid.</strong></span> <span class='ocrx_word' id='word_1_445' title='bbox 1554 2437 1598 2469; x_wconf 90' lang='lat' dir='ltr'><strong>c.</strong></span> <span class='ocrx_word' id='word_1_446' title='bbox 1625 2421 1672 2469; x_wconf 90' lang='grc'><strong>5.</strong></span> <span class='ocrx_word' id='word_1_447' title='bbox 1696 2436 1745 2482; x_wconf 92' lang='lat' dir='ltr'><strong>p.</strong></span> <span class='ocrx_word' id='word_1_448' title='bbox 1768 2421 1846 2469; x_wconf 87' lang='grc'><strong>53.</strong></span> <span class='ocrx_word' id='word_1_449' title='bbox 1871 2421 1951 2470; x_wconf 80' lang='lat'><strong>54.</strong></span> <span class='ocrx_word' id='word_1_450' title='bbox 1984 2428 2150 2483; x_wconf 75' lang='lat' dir='ltr'><strong>portus</strong></span> <span class='ocrx_word' id='word_1_451' title='bbox 2178 2425 2428 2471; x_wconf 73' lang='lat' dir='ltr'><strong>faciendo·</strong></span> 
     </span>
     <span class='ocr_line' id='line_1_76' title="bbox 1420 2487 2427 2547; baseline 0.005 -16"><span class='ocrx_word' id='word_1_452' title='bbox 1420 2488 1498 2532; x_wconf 85' lang='lat' dir='ltr'><strong>vel</strong></span> <span class='ocrx_word' id='word_1_453' title='bbox 1518 2487 1811 2534; x_wconf 78' lang='lat' dir='ltr'><strong>reficiendos.</strong></span> <span class='ocrx_word' id='word_1_454' title='bbox 1847 2489 1939 2533; x_wconf 85' lang='lat' dir='ltr'><strong>Sed</strong></span> <span class='ocrx_word' id='word_1_455' title='bbox 1958 2496 2153 2547; x_wconf 70' lang='lat' dir='ltr'><strong>prestat</strong></span> <span class='ocrx_word' id='word_1_456' title='bbox 2169 2491 2344 2536; x_wconf 79' lang='lat' dir='ltr'><strong>referre</strong></span> <span class='ocrx_word' id='word_1_457' title='bbox 2365 2490 2427 2535; x_wconf 86' lang='lat' dir='ltr'><strong>ad</strong></span> 
     </span>
     <span class='ocr_line' id='line_1_77' title="bbox 1410 2551 2429 2611; baseline 0.004 -16"><span class='ocrx_word' id='word_1_458' title='bbox 1410 2551 1694 2608; x_wconf 73' lang='lat' dir='ltr'><strong>portorium,</strong></span> <span class='ocrx_word' id='word_1_459' title='bbox 1715 2552 1940 2611; x_wconf 80' lang='lat' dir='ltr'><strong>vectigal,</strong></span> <span class='ocrx_word' id='word_1_460' title='bbox 1961 2554 2090 2610; x_wconf 89' lang='lat' dir='ltr'><strong>quod</strong></span> <span class='ocrx_word' id='word_1_461' title='bbox 2112 2567 2173 2598; x_wconf 84' lang='lat' dir='ltr'><strong>ex</strong></span> <span class='ocrx_word' id='word_1_462' title='bbox 2195 2554 2429 2611; x_wconf 78' lang='lat' dir='ltr'><strong>portubus</strong></span> 
     </span>
     <span class='ocr_line' id='line_1_78' title="bbox 1421 2614 2430 2676; baseline 0.003 -16"><span class='ocrx_word' id='word_1_463' title='bbox 1421 2614 1578 2660; x_wconf 83' lang='lat' dir='ltr'><strong>Italiae</strong></span> <span class='ocrx_word' id='word_1_464' title='bbox 1599 2619 1648 2658; x_wconf 84' lang='lat' dir='ltr'><strong>et</strong></span> <span class='ocrx_word' id='word_1_465' title='bbox 1669 2614 2021 2671; x_wconf 79' lang='lat' dir='ltr'><strong>provinciarum</strong></span> <span class='ocrx_word' id='word_1_466' title='bbox 2040 2617 2321 2674; x_wconf 73' lang='lat' dir='ltr'><strong>exigebatur</strong></span> <span class='ocrx_word' id='word_1_467' title='bbox 2341 2630 2430 2676; x_wconf 88' lang='lat' dir='ltr'><strong>pro</strong></span> 
     </span>
     <span class='ocr_line' id='line_1_79' title="bbox 1420 2677 2428 2736; baseline 0.005 -14"><span class='ocrx_word' id='word_1_468' title='bbox 1420 2677 1704 2724; x_wconf 78' lang='lat' dir='ltr'><strong>invehendis</strong></span> <span class='ocrx_word' id='word_1_469' title='bbox 1722 2684 1868 2736; x_wconf 89' lang='lat' dir='ltr'><strong>atque</strong></span> <span class='ocrx_word' id='word_1_470' title='bbox 1889 2680 2146 2725; x_wconf 80' lang='lat' dir='ltr'><strong>evehendis</strong></span> <span class='ocrx_word' id='word_1_471' title='bbox 2167 2682 2428 2736; x_wconf 74' lang='lat' dir='ltr'><strong>mercibus,</strong></span> 
     </span>
     <span class='ocr_line' id='line_1_80' title="bbox 1421 2742 2428 2802; baseline 0.004 -15"><span class='ocrx_word' id='word_1_472' title='bbox 1421 2743 1646 2801; x_wconf 88' lang='lat' dir='ltr'><strong>quodque</strong></span> <span class='ocrx_word' id='word_1_473' title='bbox 1662 2742 1853 2801; x_wconf 88' lang='lat' dir='ltr'><strong>proprie</strong></span> <span class='ocrx_word' id='word_1_474' title='bbox 1869 2742 2070 2800; x_wconf 75' lang='lat' dir='ltr'><strong>vectigal</strong></span> <span class='ocrx_word' id='word_1_475' title='bbox 2083 2744 2428 2802; x_wconf 87' lang='lat' dir='ltr'><strong>adpellabatur.</strong></span> 
     </span>
     <span class='ocr_line' id='line_1_81' title="bbox 1420 2806 2428 2866; baseline 0.003 -15"><span class='ocrx_word' id='word_1_476' title='bbox 1420 2821 1469 2851; x_wconf 87' lang='lat' dir='ltr'><strong>v.</strong></span> <span class='ocrx_word' id='word_1_477' title='bbox 1492 2808 1661 2851; x_wconf 88' lang='lat' dir='ltr'><strong>Burm.</strong></span> <span class='ocrx_word' id='word_1_478' title='bbox 1685 2806 1719 2851; x_wconf 91' lang='lat' dir='ltr'><strong>l.</strong></span> <span class='ocrx_word' id='word_1_479' title='bbox 1745 2807 1777 2851; x_wconf 91' lang='lat' dir='ltr'><strong>l.</strong></span> <span class='ocrx_word' id='word_1_480' title='bbox 1801 2820 1842 2851; x_wconf 91' lang='lat' dir='ltr'><strong>c.</strong></span> <span class='ocrx_word' id='word_1_481' title='bbox 1867 2807 1913 2853; x_wconf 84' lang='lat'><strong>5.</strong></span> <span class='ocrx_word' id='word_1_482' title='bbox 1964 2808 2042 2855; x_wconf 90' lang='lat' dir='ltr'><strong>Sic</strong></span> <span class='ocrx_word' id='word_1_483' title='bbox 2063 2821 2140 2866; x_wconf 84' lang='lat' dir='ltr'><strong>ap.</strong></span> <span class='ocrx_word' id='word_1_484' title='bbox 2165 2808 2266 2856; x_wconf 89' lang='lat' dir='ltr'><strong>Cic.</strong></span> <span class='ocrx_word' id='word_1_485' title='bbox 2288 2807 2428 2854; x_wconf 86' lang='lat' dir='ltr'><strong>Verr.</strong></span> 
     </span>
     <span class='ocr_line' id='line_1_82' title="bbox 1425 2869 2429 2932; baseline 0.003 -15"><span class='ocrx_word' id='word_1_486' title='bbox 1425 2871 1494 2917; x_wconf 84' lang='lat'><strong>11.</strong></span> <span class='ocrx_word' id='word_1_487' title='bbox 1522 2870 1598 2917; x_wconf 77' lang='lat'><strong>70.</strong></span> <span class='ocrx_word' id='word_1_488' title='bbox 1623 2869 1700 2916; x_wconf 78' lang='lat'><strong>74.</strong></span> <span class='ocrx_word' id='word_1_489' title='bbox 1719 2878 1767 2916; x_wconf 90' lang='lat' dir='ltr'><strong>et</strong></span> <span class='ocrx_word' id='word_1_490' title='bbox 1786 2869 1879 2916; x_wconf 89' lang='lat'><strong>111.</strong></span> <span class='ocrx_word' id='word_1_491' title='bbox 1900 2872 1944 2918; x_wconf 78' lang='lat'><strong>7.</strong></span> <span class='ocrx_word' id='word_1_492' title='bbox 1966 2876 2155 2932; x_wconf 74' lang='lat' dir='ltr'><strong>portum</strong></span> <span class='ocrx_word' id='word_1_493' title='bbox 2172 2872 2429 2932; x_wconf 65' lang='lat' dir='ltr'><strong>ascriptu-</strong></span> 
     </span>
     <span class='ocr_line' id='line_1_83' title="bbox 1422 2934 2432 2998; baseline 0.006 -19"><span class='ocrx_word' id='word_1_494' title='bbox 1422 2950 1526 2981; x_wconf 77' lang='lat' dir='ltr'><strong>rum</strong></span> <span class='ocrx_word' id='word_1_495' title='bbox 1540 2935 1725 2981; x_wconf 66' lang='lat' dir='ltr'><strong>societas</strong></span> <span class='ocrx_word' id='word_1_496' title='bbox 1738 2934 2149 2998; x_wconf 87' lang='lat' dir='ltr'><strong>(publicanorum)</strong></span> <span class='ocrx_word' id='word_1_497' title='bbox 2161 2937 2364 2993; x_wconf 70' lang='lat' dir='ltr'><strong>habebat,</strong></span> <span class='ocrx_word' id='word_1_498' title='bbox 2379 2943 2432 2985; x_wconf 79' lang='lat' dir='ltr'><strong>et</strong></span> 
     </span>
     <span class='ocr_line' id='line_1_84' title="bbox 1424 3000 2431 3127; baseline 0.004 -18"><span class='ocrx_word' id='word_1_499' title='bbox 1424 3000 1576 3110; x_wconf 44' lang='lat'><strong>{125⁸</strong></span> <span class='ocrx_word' id='word_1_500' title='bbox 1577 3008 1656 3110; x_wconf 65' lang='lat'><strong>{2522</strong></span> <span class='ocrx_word' id='word_1_501' title='bbox 1667 3005 1927 3112; x_wconf 52' lang='lat' dir='ltr'><strong>{iffi-‘52:2¹2‘</strong></span> <span class='ocrx_word' id='word_1_502' title='bbox 1942 3003 2431 3127; x_wconf 62' lang='lat' dir='ltr'><strong>2²²·.35‚&#39;.2·1:;‘2;5;.⁶..¹‚m⁰¹·</strong></span> 
     </span>
     <span class='ocr_line' id='line_1_85' title="bbox 1420 3128 2431 3190; baseline 0.001 -15"><span class='ocrx_word' id='word_1_503' title='bbox 1420 3142 1538 3175; x_wconf 88' lang='lat' dir='ltr'><strong>cura</strong></span> <span class='ocrx_word' id='word_1_504' title='bbox 1569 3128 1685 3173; x_wconf 83' lang='lat' dir='ltr'><strong>olim</strong></span> <span class='ocrx_word' id='word_1_505' title='bbox 1718 3130 1780 3175; x_wconf 94' lang='lat' dir='ltr'><strong>ad</strong></span> <span class='ocrx_word' id='word_1_506' title='bbox 1804 3130 2051 3184; x_wconf 66' lang='lat' dir='ltr'><strong>Censores,</strong></span> <span class='ocrx_word' id='word_1_507' title='bbox 2072 3137 2123 3176; x_wconf 88' lang='lat' dir='ltr'><strong>et</strong></span> <span class='ocrx_word' id='word_1_508' title='bbox 2154 3137 2320 3190; x_wconf 84' lang='lat' dir='ltr'><strong>postea</strong></span> <span class='ocrx_word' id='word_1_509' title='bbox 2340 3134 2431 3177; x_wconf 87' lang='lat' dir='ltr'><strong>sub</strong></span> 
     </span>
     <span class='ocr_line' id='line_1_86' title="bbox 1424 3192 2433 3254; baseline 0.002 -16"><span class='ocrx_word' id='word_1_510' title='bbox 1424 3192 1800 3251; x_wconf 83' lang='lat' dir='ltr'><strong>Imperatoribus</strong></span> <span class='ocrx_word' id='word_1_511' title='bbox 1809 3196 1870 3240; x_wconf 89' lang='lat' dir='ltr'><strong>ad</strong></span> <span class='ocrx_word' id='word_1_512' title='bbox 1881 3194 2135 3241; x_wconf 72' lang='lat' dir='ltr'><strong>Curatores</strong></span> <span class='ocrx_word' id='word_1_513' title='bbox 2144 3196 2433 3254; x_wconf 78' lang='lat' dir='ltr'><strong>pertinebat,</strong></span> 
     </span>
     <span class='ocr_line' id='line_1_87' title="bbox 1423 3257 2487 3318; baseline 0.005 -17"><span class='ocrx_word' id='word_1_514' title='bbox 1423 3257 1696 3315; x_wconf 80' lang='lat' dir='ltr'><strong>purgandas</strong></span> <span class='ocrx_word' id='word_1_515' title='bbox 1716 3264 1765 3302; x_wconf 86' lang='lat' dir='ltr'><strong>et</strong></span> <span class='ocrx_word' id='word_1_516' title='bbox 1787 3260 2066 3306; x_wconf 78' lang='lat' dir='ltr'><strong>reficiendas</strong></span> <span class='ocrx_word' id='word_1_517' title='bbox 2097 3260 2361 3307; x_wconf 89' lang='lat' dir='ltr'><strong>redimunt.</strong></span> <span class='ocrx_word' id='word_1_518' title='bbox 2383 3273 2430 3306; x_wconf 82' lang='lat' dir='ltr'><strong>v.</strong></span> <span class='ocrx_word' id='word_1_519' title='bbox 2482 3312 2487 3318; x_wconf 50' lang='lat'>‚</span> 
     </span>
     <span class='ocr_line' id='line_1_88' title="bbox 1423 3321 2434 3383; baseline 0.003 -17"><span class='ocrx_word' id='word_1_520' title='bbox 1423 3323 1596 3366; x_wconf 89' lang='lat' dir='ltr'><strong>Burm.</strong></span> <span class='ocrx_word' id='word_1_521' title='bbox 1618 3321 1654 3366; x_wconf 86' lang='lat'><strong>1.</strong></span> <span class='ocrx_word' id='word_1_522' title='bbox 1673 3322 1707 3368; x_wconf 85' lang='lat' dir='ltr'><strong>l.</strong></span> <span class='ocrx_word' id='word_1_523' title='bbox 1726 3336 1770 3368; x_wconf 92' lang='lat' dir='ltr'><strong>c.</strong></span> <span class='ocrx_word' id='word_1_524' title='bbox 1792 3323 1870 3381; x_wconf 74' lang='grc'><strong>11.</strong></span> <span class='ocrx_word' id='word_1_525' title='bbox 1891 3337 1940 3383; x_wconf 86' lang='lat' dir='ltr'><strong>p.</strong></span> <span class='ocrx_word' id='word_1_526' title='bbox 1965 3323 2302 3371; x_wconf 82' lang='lat' dir='ltr'><strong>198.—Verba</strong></span> <span class='ocrx_word' id='word_1_527' title='bbox 2320 3336 2434 3383; x_wconf 73' lang='lat' dir='ltr'><strong>por-</strong></span> 
     </span>
    </p>

    <p class='ocr_par' dir='ltr' id='par_1_9' title="bbox 1423 3383 2436 4408">
     <span class='ocr_line' id='line_1_89' title="bbox 1423 3383 2434 3447; baseline 0.003 -17"><span class='ocrx_word' id='word_1_528' title='bbox 1423 3383 1615 3430; x_wconf 72' lang='lat' dir='ltr'><strong>tandum</strong></span> <span class='ocrx_word' id='word_1_529' title='bbox 1626 3385 1689 3430; x_wconf 78' lang='lat' dir='ltr'><strong>ad</strong></span> <span class='ocrx_word' id='word_1_530' title='bbox 1704 3385 1831 3431; x_wconf 74' lang='lat' dir='ltr'><strong>basta</strong></span> <span class='ocrx_word' id='word_1_531' title='bbox 1844 3388 2039 3433; x_wconf 68' lang='lat' dir='ltr'><strong>cadaver</strong></span> <span class='ocrx_word' id='word_1_532' title='bbox 2056 3387 2201 3447; x_wconf 82' lang='lat' dir='ltr'><strong>vulgo</strong></span> <span class='ocrx_word' id='word_1_533' title='bbox 2215 3388 2434 3433; x_wconf 84' lang='lat' dir='ltr'><strong>referun-</strong></span> 
     </span>
     <span class='ocr_line' id='line_1_90' title="bbox 1425 3447 2433 3513; baseline 0.008 -20"><span class='ocrx_word' id='word_1_534' title='bbox 1425 3455 1506 3495; x_wconf 88' lang='lat' dir='ltr'><strong>tur</strong></span> <span class='ocrx_word' id='word_1_535' title='bbox 1528 3447 1590 3493; x_wconf 90' lang='lat' dir='ltr'><strong>ad</strong></span> <span class='ocrx_word' id='word_1_536' title='bbox 1612 3450 1907 3497; x_wconf 78' lang='lat' dir='ltr'><strong>redemtores</strong></span> <span class='ocrx_word' id='word_1_537' title='bbox 1926 3453 2173 3504; x_wconf 79' lang='lat' dir='ltr'><strong>funerum,</strong></span> <span class='ocrx_word' id='word_1_538' title='bbox 2198 3450 2433 3513; x_wconf 66' lang='lat' dir='ltr'><strong>(designa-</strong></span> 
     </span>
     <span class='ocr_line' id='line_1_91' title="bbox 1423 3512 2434 3575; baseline 0.003 -18"><span class='ocrx_word' id='word_1_539' title='bbox 1423 3516 1564 3564; x_wconf 73' lang='lat' dir='ltr'><strong>tores,</strong></span> <span class='ocrx_word' id='word_1_540' title='bbox 1583 3512 1884 3571; x_wconf 68' lang='lat' dir='ltr'><strong>libitinarios)</strong></span> <span class='ocrx_word' id='word_1_541' title='bbox 1906 3516 1987 3575; x_wconf 89' lang='lat' dir='ltr'><strong>qui</strong></span> <span class='ocrx_word' id='word_1_542' title='bbox 2016 3515 2070 3560; x_wconf 92' lang='lat' dir='ltr'><strong>in</strong></span> <span class='ocrx_word' id='word_1_543' title='bbox 2094 3514 2277 3574; x_wconf 88' lang='lat' dir='ltr'><strong>templo</strong></span> <span class='ocrx_word' id='word_1_544' title='bbox 2300 3514 2434 3561; x_wconf 84' lang='lat' dir='ltr'><strong>Libi-</strong></span> 
     </span>
     <span class='ocr_line' id='line_1_92' title="bbox 1428 3576 2433 3637; baseline 0.005 -17"><span class='ocrx_word' id='word_1_545' title='bbox 1428 3576 1546 3621; x_wconf 76' lang='lat' dir='ltr'><strong>tinae</strong></span> <span class='ocrx_word' id='word_1_546' title='bbox 1578 3577 1862 3635; x_wconf 86' lang='lat' dir='ltr'><strong>adparatum</strong></span> <span class='ocrx_word' id='word_1_547' title='bbox 1896 3579 2232 3637; x_wconf 80' lang='lat' dir='ltr'><strong>exsequiarum</strong></span> <span class='ocrx_word' id='word_1_548' title='bbox 2255 3581 2433 3626; x_wconf 77' lang='lat' dir='ltr'><strong>vende-</strong></span> 
     </span>
     <span class='ocr_line' id='line_1_93' title="bbox 1426 3640 2432 3701; baseline 0.008 -16"><span class='ocrx_word' id='word_1_549' title='bbox 1426 3641 1578 3690; x_wconf 64' lang='lat' dir='ltr'><strong>bantz</strong></span> <span class='ocrx_word' id='word_1_550' title='bbox 1607 3640 1667 3685; x_wconf 90' lang='lat' dir='ltr'><strong>de</strong></span> <span class='ocrx_word' id='word_1_551' title='bbox 1688 3642 1864 3701; x_wconf 80' lang='lat' dir='ltr'><strong>quibus</strong></span> <span class='ocrx_word' id='word_1_552' title='bbox 1879 3655 1928 3690; x_wconf 80' lang='lat' dir='ltr'><strong>v.</strong></span> <span class='ocrx_word' id='word_1_553' title='bbox 1952 3643 2231 3689; x_wconf 82' lang='lat' dir='ltr'><strong>Kircbman.</strong></span> <span class='ocrx_word' id='word_1_554' title='bbox 2254 3645 2316 3689; x_wconf 90' lang='lat' dir='ltr'><strong>de</strong></span> <span class='ocrx_word' id='word_1_555' title='bbox 2332 3642 2432 3692; x_wconf 71' lang='lat' dir='ltr'><strong>Pu-</strong></span> 
     </span>
     <span class='ocr_line' id='line_1_94' title="bbox 1428 3704 2432 3767; baseline 0.009 -18"><span class='ocrx_word' id='word_1_556' title='bbox 1428 3716 1528 3750; x_wconf 86' lang='lat' dir='ltr'><strong>ner.</strong></span> <span class='ocrx_word' id='word_1_557' title='bbox 1553 3704 1697 3752; x_wconf 80' lang='lat' dir='ltr'><strong>Rom.</strong></span> <span class='ocrx_word' id='word_1_558' title='bbox 1721 3706 1766 3754; x_wconf 90' lang='lat'><strong>1.</strong></span> <span class='ocrx_word' id='word_1_559' title='bbox 1785 3706 1834 3754; x_wconf 83' lang='lat'><strong>9.</strong></span> <span class='ocrx_word' id='word_1_560' title='bbox 1853 3720 1900 3766; x_wconf 85' lang='lat' dir='ltr'><strong>p.</strong></span> <span class='ocrx_word' id='word_1_561' title='bbox 1925 3706 2004 3754; x_wconf 78' lang='lat'><strong>58.</strong></span> <span class='ocrx_word' id='word_1_562' title='bbox 2026 3720 2128 3767; x_wconf 81' lang='lat' dir='ltr'><strong>seq.</strong></span> <span class='ocrx_word' id='word_1_563' title='bbox 2184 3707 2432 3759; x_wconf 84' lang='lat' dir='ltr'><strong>Quoniam</strong></span> 
     </span>
     <span class='ocr_line' id='line_1_95' title="bbox 1427 3769 2432 3833; baseline 0.007 -20"><span class='ocrx_word' id='word_1_564' title='bbox 1427 3778 1592 3813; x_wconf 87' lang='lat' dir='ltr'><strong>tamen</strong></span> <span class='ocrx_word' id='word_1_565' title='bbox 1613 3769 1665 3830; x_wconf 17' lang='lat' dir='ltr'><strong>Ab.</strong></span> <span class='ocrx_word' id='word_1_566' title='bbox 1691 3770 1723 3819; x_wconf 90' lang='lat' dir='ltr'><strong>l.</strong></span> <span class='ocrx_word' id='word_1_567' title='bbox 1756 3772 1817 3818; x_wconf 87' lang='lat' dir='ltr'><strong>de</strong></span> <span class='ocrx_word' id='word_1_568' title='bbox 1851 3771 2148 3830; x_wconf 82' lang='lat' dir='ltr'><strong>hominibus,</strong></span> <span class='ocrx_word' id='word_1_569' title='bbox 2172 3774 2288 3819; x_wconf 89' lang='lat' dir='ltr'><strong>olim</strong></span> <span class='ocrx_word' id='word_1_570' title='bbox 2324 3775 2432 3833; x_wconf 85' lang='lat' dir='ltr'><strong>qui·</strong></span> 
     </span>
     <span class='ocr_line' id='line_1_96' title="bbox 1427 3832 2434 3889; baseline 0.008 -12"><span class='ocrx_word' id='word_1_571' title='bbox 1427 3833 1539 3878; x_wconf 91' lang='lat' dir='ltr'><strong>dem</strong></span> <span class='ocrx_word' id='word_1_572' title='bbox 1564 3832 1740 3880; x_wconf 82' lang='lat' dir='ltr'><strong>vilibus</strong></span> <span class='ocrx_word' id='word_1_573' title='bbox 1770 3849 1826 3882; x_wconf 90' lang='lat' dir='ltr'><strong>ac</strong></span> <span class='ocrx_word' id='word_1_574' title='bbox 1857 3835 2079 3889; x_wconf 83' lang='lat' dir='ltr'><strong>sordidis,</strong></span> <span class='ocrx_word' id='word_1_575' title='bbox 2101 3838 2186 3883; x_wconf 80' lang='lat' dir='ltr'><strong>sed</strong></span> <span class='ocrx_word' id='word_1_576' title='bbox 2219 3851 2349 3884; x_wconf 90' lang='lat' dir='ltr'><strong>nunc</strong></span> <span class='ocrx_word' id='word_1_577' title='bbox 2369 3839 2434 3885; x_wconf 85' lang='lat' dir='ltr'><strong>ad</strong></span> 
     </span>
     <span class='ocr_line' id='line_1_97' title="bbox 1426 3902 2434 3961; baseline 0.006 -19"><span class='ocrx_word' id='word_1_578' title='bbox 1426 3910 1630 3956; x_wconf 75' lang='lat' dir='ltr'><strong>magnas</strong></span> <span class='ocrx_word' id='word_1_579' title='bbox 1645 3912 1759 3959; x_wconf 87' lang='lat' dir='ltr'><strong>opes</strong></span> <span class='ocrx_word' id='word_1_580' title='bbox 1775 3902 2031 3960; x_wconf 83' lang='lat' dir='ltr'><strong>provectis,</strong></span> <span class='ocrx_word' id='word_1_581' title='bbox 2049 3908 2098 3947; x_wconf 91' lang='lat' dir='ltr'><strong>et</strong></span> <span class='ocrx_word' id='word_1_582' title='bbox 2109 3903 2173 3949; x_wconf 89' lang='lat' dir='ltr'><strong>de</strong></span> <span class='ocrx_word' id='word_1_583' title='bbox 2186 3903 2434 3961; x_wconf 75' lang='lat' dir='ltr'><strong>vectigali-</strong></span> 
     </span>
     <span class='ocr_line' id='line_1_98' title="bbox 1428 3962 2435 4026; baseline 0.009 -20"><span class='ocrx_word' id='word_1_584' title='bbox 1428 3962 1519 4007; x_wconf 88' lang='lat' dir='ltr'><strong>bus</strong></span> <span class='ocrx_word' id='word_1_585' title='bbox 1540 3963 1718 4021; x_wconf 80' lang='lat' dir='ltr'><strong>agitur,</strong></span> <span class='ocrx_word' id='word_1_586' title='bbox 1735 3966 1904 4011; x_wconf 85' lang='lat' dir='ltr'><strong>malim</strong></span> <span class='ocrx_word' id='word_1_587' title='bbox 1921 3966 2026 4013; x_wconf 68' lang='lat' dir='ltr'><strong>hec</strong></span> <span class='ocrx_word' id='word_1_588' title='bbox 2049 3967 2193 4013; x_wconf 81' lang='lat' dir='ltr'><strong>verba</strong></span> <span class='ocrx_word' id='word_1_589' title='bbox 2213 3967 2435 4026; x_wconf 81' lang='lat' dir='ltr'><strong>adcipere</strong></span> 
     </span>
     <span class='ocr_line' id='line_1_99' title="bbox 1426 4025 2436 4090; baseline 0.005 -19"><span class='ocrx_word' id='word_1_590' title='bbox 1426 4025 1487 4073; x_wconf 89' lang='lat' dir='ltr'><strong>de</strong></span> <span class='ocrx_word' id='word_1_591' title='bbox 1508 4028 1748 4087; x_wconf 77' lang='lat' dir='ltr'><strong>vectigali,</strong></span> <span class='ocrx_word' id='word_1_592' title='bbox 1765 4032 1893 4089; x_wconf 90' lang='lat' dir='ltr'><strong>quod</strong></span> <span class='ocrx_word' id='word_1_593' title='bbox 1908 4032 2227 4090; x_wconf 70' lang='lat' dir='ltr'><strong>prestabatur</strong></span> <span class='ocrx_word' id='word_1_594' title='bbox 2247 4043 2335 4089; x_wconf 87' lang='lat' dir='ltr'><strong>pro</strong></span> <span class='ocrx_word' id='word_1_595' title='bbox 2354 4044 2436 4076; x_wconf 79' lang='lat' dir='ltr'><strong>ca·</strong></span> 
     </span>
     <span class='ocr_line' id='line_1_100' title="bbox 1427 4091 2433 4151; baseline 0.006 -16"><span class='ocrx_word' id='word_1_596' title='bbox 1427 4091 1600 4140; x_wconf 85' lang='lat' dir='ltr'><strong>davere</strong></span> <span class='ocrx_word' id='word_1_597' title='bbox 1621 4093 1851 4147; x_wconf 80' lang='lat' dir='ltr'><strong>hominis,</strong></span> <span class='ocrx_word' id='word_1_598' title='bbox 1875 4094 1924 4140; x_wconf 87' lang='lat' dir='ltr'><strong>in</strong></span> <span class='ocrx_word' id='word_1_599' title='bbox 1959 4094 2130 4141; x_wconf 84' lang='lat' dir='ltr'><strong>itinere</strong></span> <span class='ocrx_word' id='word_1_600' title='bbox 2157 4094 2357 4151; x_wconf 86' lang='lat' dir='ltr'><strong>mortui,</strong></span> <span class='ocrx_word' id='word_1_601' title='bbox 2379 4094 2433 4141; x_wconf 83' lang='lat' dir='ltr'><strong>in</strong></span> 
     </span>
     <span class='ocr_line' id='line_1_101' title="bbox 1426 4155 2433 4218; baseline 0.003 -18"><span class='ocrx_word' id='word_1_602' title='bbox 1426 4155 1578 4201; x_wconf 84' lang='lat' dir='ltr'><strong>alium</strong></span> <span class='ocrx_word' id='word_1_603' title='bbox 1597 4157 1773 4213; x_wconf 86' lang='lat' dir='ltr'><strong>locum,</strong></span> <span class='ocrx_word' id='word_1_604' title='bbox 1786 4171 1936 4218; x_wconf 87' lang='lat' dir='ltr'><strong>quam</strong></span> <span class='ocrx_word' id='word_1_605' title='bbox 1959 4158 2043 4204; x_wconf 90' lang='lat' dir='ltr'><strong>ubi</strong></span> <span class='ocrx_word' id='word_1_606' title='bbox 2060 4158 2261 4213; x_wconf 82' lang='lat' dir='ltr'><strong>obierat,</strong></span> <span class='ocrx_word' id='word_1_607' title='bbox 2277 4163 2433 4203; x_wconf 79' lang='lat' dir='ltr'><strong>trans-</strong></span> 
     </span>
     <span class='ocr_line' id='line_1_102' title="bbox 1426 4218 2432 4280; baseline 0.004 -16"><span class='ocrx_word' id='word_1_608' title='bbox 1426 4218 1642 4274; x_wconf 81' lang='lat' dir='ltr'><strong>ferendo,</strong></span> <span class='ocrx_word' id='word_1_609' title='bbox 1655 4224 1785 4280; x_wconf 85' lang='lat' dir='ltr'><strong>quod</strong></span> <span class='ocrx_word' id='word_1_610' title='bbox 1807 4236 1903 4268; x_wconf 89' lang='lat' dir='ltr'><strong>non</strong></span> <span class='ocrx_word' id='word_1_611' title='bbox 1927 4221 2021 4267; x_wconf 89' lang='lat' dir='ltr'><strong>nisi</strong></span> <span class='ocrx_word' id='word_1_612' title='bbox 2040 4220 2278 4279; x_wconf 77' lang='lat' dir='ltr'><strong>permissu</strong></span> <span class='ocrx_word' id='word_1_613' title='bbox 2294 4221 2432 4268; x_wconf 82' lang='lat' dir='ltr'><strong>Pont.</strong></span> 
     </span>
     <span class='ocr_line' id='line_1_103' title="bbox 1428 4284 2433 4344; baseline 0.005 -18"><span class='ocrx_word' id='word_1_614' title='bbox 1428 4294 1558 4330; x_wconf 83' lang='lat' dir='ltr'><strong>max.</strong></span> <span class='ocrx_word' id='word_1_615' title='bbox 1593 4287 1668 4332; x_wconf 89' lang='lat' dir='ltr'><strong>vel</strong></span> <span class='ocrx_word' id='word_1_616' title='bbox 1693 4285 1929 4344; x_wconf 86' lang='lat' dir='ltr'><strong>Principis</strong></span> <span class='ocrx_word' id='word_1_617' title='bbox 1950 4284 2141 4343; x_wconf 77' lang='lat' dir='ltr'><strong>licebat.</strong></span> <span class='ocrx_word' id='word_1_618' title='bbox 2194 4284 2269 4329; x_wconf 86' lang='lat' dir='ltr'><strong>Ita</strong></span> <span class='ocrx_word' id='word_1_619' title='bbox 2288 4284 2433 4331; x_wconf 84' lang='lat' dir='ltr'><strong>tacite</strong></span> 
     </span>
     <span class='ocr_line' id='line_1_104' title="bbox 1429 4346 2434 4408; baseline 0.004 -17"><span class='ocrx_word' id='word_1_620' title='bbox 1429 4346 1578 4394; x_wconf 85' lang='lat' dir='ltr'><strong>simul</strong></span> <span class='ocrx_word' id='word_1_621' title='bbox 1622 4348 1973 4408; x_wconf 83' lang='lat' dir='ltr'><strong>Imperatorum</strong></span> <span class='ocrx_word' id='word_1_622' title='bbox 2018 4348 2434 4408; x_wconf 78' lang='lat' dir='ltr'><strong>sacerdotumque,</strong></span> 
     </span>
    </p>
   </div>
  </div>
 </body>
</html>
