2978 4920
930 317 1651 383 SATIRAXIII.

331 506 425 570 Et
455 504 743 592 privatus
773 504 983 569 adhuc
1015 503 1210 570 Idaeis
1238 504 1504 590 Jupiter
1532 503 1745 568 antris.
1857 583 1862 592 Ι

332 608 534 671 Nulla
560 630 749 694 super
777 607 980 671 nubes
1008 604 1295 669 convivia
1330 604 1798 681 Coelicolarum,

334 709 471 771 Nec
499 731 659 793 puer
692 708 947 785 Iliacus,
978 707 1254 770 formosa
1282 729 1396 796 nec
1429 704 1731 768 Herculis
1759 727 1923 769 uxor

335 809 449 873 Ad
477 810 761 896 cyathOS,
795 822 859 874 et
879 811 1017 895 jam
1048 810 1278 872 siccato
1306 821 1557 873 nectare
1587 819 1837 891 tergens

339 910 609 974 Brachia
639 910 960 974 Vulcanus
992 910 1290 995 Liparaea
1318 909 1501 995 nigra
1530 908 1807 972 taberna.

341 1010 711 1074 Prandebat
742 1010 862 1074 sibi
891 1010 1166 1095 quisque
1198 1011 1400 1085 Deus,
1431 1030 1547 1071 nec
1584 1008 1775 1072 turba
1805 1009 2087 1072 Deorum

341 1109 543 1188 Talis,
576 1123 649 1175 ut
679 1123 773 1175 est
802 1110 1016 1187 hodie,
1047 1120 1469 1195 contentaque
1500 1106 1707 1172 sidera
1735 1109 1954 1194 paucis

339 1211 729 1274 Numinibus
757 1210 1058 1274 miserum
1088 1210 1448 1295 urguebant
1480 1208 1754 1272 Atlanta
1781 1209 2006 1272 minori

343 1301 653 1377 Pondere.
698 1311 983 1375 nondum
1013 1310 1243 1397 aliquis
1273 1311 1535 1376 sortitus
1565 1311 1746 1375 triste
1774 1311 2079 1397 profundi

346 1412 868 1498 Imperium‚‹aut
903 1409 1118 1475 Sicula
1144 1424 1367 1476 torvus
1396 1433 1544 1476 cum
1574 1411 1844 1499 conjuge
1880 1411 2128 1476 Pluton.

2261 1412 2344 1474 50

344 1513 485 1576 Nec
513 1526 674 1591 rota,
705 1535 820 1577 nec
848 1511 1090 1589 Furiae,
1120 1534 1236 1578 nec
1267 1535 1515 1591 saxum,
1546 1524 1662 1577 aut
1691 1511 1966 1577 vulturis
1997 1512 2120 1577 atri

256 1708 392 1743 orem
428 1692 637 1742 duxisset
666 1692 905 1741 Junonem.
942 1694 1021 1743 Cf.
1043 1711 1146 1769 sup.
1183 1695 1278 1744 VI.

265 1758 478 1806 14—16.
498 1761 642 1805 antris
661 1761 811 1813 Idaeis,
828 1757 952 1815 Idae,
971 1768 1143 1807 montis
1162 1759 1276 1808 Cre-

259 1822 425 1871 tensis.
492 1823 640 1870 Fuere
682 1830 860 1879 tamen,
896 1824 980 1886 qui
1017 1825 1189 1873 Jovem
1228 1824 1278 1869 in

260 1886 372 1944 Ida,
416 1886 635 1951 Phrygiae
677 1894 851 1944 monte,
894 1896 1056 1935 natum
1102 1888 1277 1936 educa-

257 1959 364 1998 tum
398 1966 456 1999 ue
498 1951 748 2008 traderent,
786 1957 1036 2015 postquam
1068 1952 1278 2001 confusae

259 2015 344 2063 fab
397 2032 440 2063 ae
455 2016 706 2064 Cretenses
720 2024 770 2063 et
786 2016 1023 2080 Phrygiae.
1044 2033 1088 2063 v.
1108 2018 1280 2065 Passe-

261 2088 356 2127 rat.
389 2078 451 2127 ad
472 2081 618 2144 Prop.
647 2081 750 2127 111.
789 2081 832 2127 l.
853 2081 933 2127 27.
957 2088 1007 2127 et
1025 2080 1197 2144 Heyne
1221 2080 1284 2127 ad

261 2142 495 2210 Apollod.
525 2161 576 2208 p.
616 2145 692 2191 15.
720 2144 799 2190 16.
822 2141 900 2191 ed.
923 2159 1018 2191 rec.
1040 2159 1092 2207 p.
1110 2146 1157 2191 7.
1191 2146 1286 2191 Pro

264 2206 941 2321 ζῗῇοήῦμέεάἱεῑὲηὲῐῒὶεηίἱὲυε,
957 2224 1008 2318 ἓν.
1031 2208 1112 2254 41.
1136 2208 1216 2279 453.
1237 2215 1286 2255 et

339 2306 353 2319 .
447 2285 488 2317 si
582 2286 638 2318 su
671 2286 694 2317 s
786 2285 845 2318 en
880 2286 923 2317 ae
974 2285 1114 2318 orsan
1136 2285 1286 2318 mino·

264 2350 365 2390 rea,
386 2288 454 2383 liii:
495 2334 638 2383 verba
680 2335 1206 2382 prandebat-Pondere
1240 2351 1288 2382 v.

266 2400 485 2448 46-49.
515 2397 782 2465 parenthesi
816 2397 1124 2452 includenda,
1148 2405 1202 2445 ut
1222 2396 1289 2445 sic

264 2463 433 2514 omnia
462 2479 493 2512 a
521 2479 649 2513 vocc-
684 2472 795 2511 tunc
827 2480 966 2526 quum
991 2480 1037 2511 v.
1070 2465 1152 2520 40,
1174 2478 1292 2528 pen·

268 2527 433 2578 deant.
493 2528 597 2577 ‘Hic
631 2536 757 2577 certe
788 2536 860 2576 est
892 2527 1005 2574 ordo
1036 2526 1299 2575 sententia-'

269 2608 395 2649 rum,
431 2590 523 2664 (cf.
561 2609 608 2640 v.
647 2592 755 2654 53.)
798 2607 950 2656 neque
996 2599 1094 2640 tam
1138 2591 1293 2655 longae

269 2657 629 2770 mpositioneS,
673 2671 792 2720 quas
832 2655 986 2768 Eoesis
1025 2655 1219 2721 respuit,
1264 2669 1294 2703 a

178 2760 183 2766 .
362 2721 547 2770 uriante
564 2721 752 2784 ingenio
771 2721 831 2769 ab
867 2729 1036 2770 orrent.

292 2820 295 2823 -
342 2787 552 2835 42—45.
583 2787 707 2834 Tum
741 2785 840 2834 vita
862 2786 1073 2834 Deorum
1095 2800 1125 2832 a
1143 2783 1295 2849 poetis

272 2850 489 2898 nondum
521 2850 583 2898 ad
625 2850 820 2898 heroum
852 2849 999 2898 vitam
1025 2848 1294 2898 adcommo-

270 2915 392 2962 data
433 2922 550 2970 erat,
592 2929 678 2962 nec
725 2922 825 2961 tam
866 2914 1104 2963 lumriosa
1145 2914 1289 2961 etiam

270 2978 453 3032 efficta,
473 2979 549 3025 vel
576 2975 787 3038 jucunda
806 2984 853 3024 et
873 2978 1038 3033 otiosa,
1063 2986 1116 3025 ut
1137 2977 1289 3025 Salia-

273 3058 381 3090 rem
416 3040 468 3089 in
505 3041 697 3088 modum
734 3041 941 3104 quotidie
974 3042 1291 3105 epularentur.

276 3108 444 3156 Poetae
478 3103 766 3160 fabulantur,
799 3105 926 3168 quod
958 3106 1033 3153 vel
1067 3105 1294 3154 tironibus

277 3177 447 3218 notum
487 3177 575 3225 est,
618 3167 833 3217 convivia
874 3184 905 3216 a
942 3168 1050 3216 Diis
1102 3168 1294 3218 heroum

279 3250 412 3283 more
445 3233 541 3296 agi,
563 3231 716 3296 iisque
737 3235 797 3280 ad
817 3234 1012 3296 cyathos,
1037 3249 1067 3280 a
1099 3234 1295 3297 poculis,

273 3298 497 3365 μόοχὸους
531 3313 649 3351 esse,
674 3297 755 3360 (ut
787 3312 862 3361 ap.
883 3296 999 3344 Hor.
1024 3295 1119 3345 od.
1151 3298 1194 3346 Ι.
1216 3301 1296 3347 29.

284 3366 337 3412 8.
353 3374 402 3410 et
419 3365 560 3425 Prop.
579 3363 671 3410 IV.
692 3363 739 3410 8.
757 3361 863 3424 37.)
880 3376 1070 3422 puerum
1083 3362 1296 3418 Iliacum,

287 3427 622 3490 Ganymeden,
687 3425 1018 3490 pulcerrimum
1079 3424 1303 3487 juvenem

287 3491 530 3553 filiumque
572 3488 723 3547 Trois,
773 3490 847 3538 vel
882 3488 1190 3547 Erichthonii,
1226 3491 1304 3538 vel

288 3555 534 3611 Assaraci,
561 3554 634 3603 vel
667 3554 748 3611 Ili,
782 3570 946 3618 regum
978 3553 1303 3617 Trojanorum,

288 3618 591 3682 asco-mosam
614 3619 826 3667 Herculis
844 3635 1039 3673 uxorem,
1062 3619 1252 3668 Heben.
1300 3622 1307 3633 ⁰

359 3683 443 3729 44.
462 3683 546 3730 45.
578 3682 676 3731 Cur
707 3684 971 3740 Vulcanus,
1001 3699 1028 3731 e
1059 3683 1149 3730 diis
1178 3684 1307 3732 solus

291 3753 580 3808 memoratur
608 3746 658 3797 h.
690 3747 722 3795 l.
760 3747 839 3796 ubi
872 3748 933 3797 de
968 3747 1195 3796 conviviis
1226 3764 1307 3796 eo-

288 3810 398 3861 rum
419 3819 468 3859 et
499 3809 851 3876 pocillatoribus
870 3827 1021 3861 sermo
1040 3815 1146 3860 est!
1188 3813 1309 3861 Mea

294 3874 631 3939 qualicumque
656 3876 889 3925 sententia
904 3877 989 3925 ille
1007 3876 1056 3925 h.
1078 3877 1112 3925 l.
1133 3875 1182 3924 in
1200 3876 1306 3943 pin-

294 3954 462 3988 cernas
482 3955 756 4005 scurrasque
773 3942 981 3989 Deorum
1001 3941 1212 4000 refertur,
1238 3942 1308 4006 (et

293 4004 403 4054 scil.
429 4003 659 4064 nondum,
690 4005 778 4052 nisi
869 4004 962 4054 tius
992 4005 1084 4069 leg.
1108 4023 1187 4054 noc
1203 4009 1309 4067 jam

294 4068 373 4117 vel
393 4079 478 4116 aut
495 4072 600 4129 jam
622 4068 686 4117 ad
705 4021 901 4133 cyatssoos
920 4077 1021 4117 erat
1058 4069 1309 4132 Vulcanus)

296 4139 349 4181 et
381 4133 632 4182 Juvenalis
661 4147 711 4180 re
794 4132 863 4181 xit
893 4133 1049 4180 locum
1084 4135 1227 4182 Hom.
1249 4136 1310 4182 ΙΙ.

297 4204 358 4243 Α.
394 4198 521 4245 597-
542 4212 672 4260 seqq.
706 4215 738 4245 u
772 4197 789 4244 i
825 4197 1073 4245 Vulcanus
1105 4198 1261 4265 Aba-Ag
1294 4200 1314 4247 ὃ

236 4294 239 4295 ⁷
296 4264 390 4313 Ατοῖς
411 4261 593 4310 ἅλλοιτο
610 4263 727 4314 θεοῖς
749 4260 901 4322 ἰνδίξιοι
918 4264 1054 4311 τοῖσιν
1071 4263 1314 4327 Ὠ,νοχ6α,

297 4326 458 4387 γλυκὺ
501 4325 663 4392 tinne
709 4327 802 4376 ar&
844 4327 1054 4393 κρητῆρος
1098 4326 1316 4391 ἀφύσσων.

1332 1695 1545 1750 'Aetnen
1578 1693 1614 1744 δ’

1641 1695 1676 1744 ἅ
1697 1696 1711 1715 ’
1742 1696 1892 1764 iniiga-0
1924 1694 2069 1757 γίλονς
2106 1691 2355 1758 μοικοίςυιι

1340 1761 1517 1814 θεοῖσιν.
1549 1762 1643 1814 Ὠς
1671 1717 1765 1808 itu
1787 1761 2033 1824 Ἥφαιστον
2064 1757 2135 1830 δορὶ
2166 1756 2358 1820 δόματα

1344 1823 1626 1873 ποιπνύοντα.
1691 1826 1804 1873 Non
1837 1825 1991 1871 minus
2020 1824 2221 1871 ridicula
2253 1822 2303 1870 h.
2321 1822 2358 1868 1.

1342 1888 1649 1938 adumbratur
1669 1888 1816 1937 forma
1839 1888 2061 1945 Vulcani,
2083 1886 2359 1954 porrigentis

1344 1954 1516 2018 pocula
1548 1964 1598 2001 et
1629 1956 1809 2001 brachia
1830 1969 1858 2001 e
1880 1953 2067 2001 fornace
2100 1960 2149 2000 et
2175 1950 2360 1999 camino

1344 2020 1479 2082 nigra
1501 2016 1591 2066 sibi
1613 2017 1909 2081 detergentis»,
1933 2028 2125 2072 nectare,
2144 2015 2253 2064 vino
2277 2015 2361 2063 de·

1347 2097 1496 2135 orum,
1520 2085 1694 2138 siccato,
1725 2092 1975 2147 postquam
2008 2081 2127 2129 illud
2158 2080 2359 2134 biberat,

1349 2145 1438 2208 (cf.
1474 2146 1541 2193 V.
1579 2146 1684 2208 47.)
1725 2147 1802 2194 vel
1836 2153 2203 2210 praegustaverat
2232 2159 2361 2191 more

1382 2208 1693 2264 incernarum,
1728 2209 1788 2256 de
1819 2226 1913 2271 quo
1951 2226 1997 2257 v.
2031 2209 2093 2256 ad
2123 2210 2217 2257 VI.
2249 2209 2361 2255 633.

1393 2271 1658 2320 ocillatores
1676 2273 1891 2319 solebant
1920 2287 2020 2320 esse
2054 2272 2184 2335 pueri
2215 2269 2366 2336 pulcri

1352 2351 1408 2384 ac
1442 2334 1580 2383 nitidi
1595 2352 1609 2394 3
1656 2343 1707 2384 at
1727 2336 2011 2399 pauperibus
2043 2334 2251 2382 convivis
2283 2335 2369 2382 cli-

1353 2398 1635 2463 entibusque
1647 2402 1809 2462 pocula
1824 2416 1976 2446 cursor
1991 2400 2204 2447 Gaetulus
2215 2401 2365 2453 dabat,

1355 2474 1436 2512 aut
1456 2467 1581 2528 nigri
1597 2481 1756 2512 'navius
1773 2481 1886 2512 ossea
1902 2464 2077 2520 Mauri,
2095 2464 2252 2526 qualis
2267 2464 2314 2509 h.
2333 2464 2370 2511 l.

1358 2529 1606 2577 Vulcanus
1629 2528 1834 2591 fingitur.
1858 2528 1935 2577 cf.
1954 2544 2058 2592 sup.
2075 2530 2141 2576 V.
2159 2528 2369 2576 52-62.

1362 2594 1555 2640 Vulcani
1576 2599 1626 2640 et
1642 2592 1906 2657 Cyclopum
1928 2595 2111 2639 taberna
2132 2606 2168 2638 S.
2186 2591 2373 2641 officina

1358 2672 1389 2705 a
1426 2656 1576 2722 poetis
1610 2657 1880 2705 conlocatur
1914 2656 1966 2704 in
1998 2656 2055 2703 iis
2092 2654 2225 2712 locis,
2265 2671 2370 2720 quae

1356 2721 1546 2785 ignibus
1580 2720 1894 2769 subterraneis
1927 2721 2110 2778 ardent,
2132 2720 2371 2785 praecipue

1356 2786 1408 2833 in
1453 2788 1623 2843 AEtna,
1667 2788 1865 2841 Lemno,
1907 2784 2073 2833 insulis
2115 2783 2287 2831 AEoliis
2331 2802 2371 2834 s·

1358 2849 1608 2899 Vulcaniis
1653 2851 1782 2900 circa
1835 2848 2065 2904 Siciliam,
2118 2858 2374 2915 earumque

1352 2915 1648 2980 potissimum
1680 2914 1904 2970 maxima,
1929 2917 2118 2976 Lipara.
2150 2912 2211 2960 cf.
2238 2913 2300 2960 ad
2322 2914 2368 2961 I.

1355 2983 1400 3027 8.
1436 2987 1484 3027 et
1519 2981 1583 3026 X.
1621 2981 1729 3028 132.
1770 2980 1878 3027 46.
1919 2980 2171 3026 Prandebat
2192 2980 2374 3040 quisque

1355 3047 1486 3091 Deus
1527 3045 1626 3099 sibi,
1672 3043 1909 3107 privatim,
1953 3044 2105 3091 solus:
2162 3041 2371 3090 nondum

1355 3107 1481 3156 enim
1503 3107 1728 3154 luxuriosi
1749 3114 1897 3154 erant.
1995 3130 2000 3135 ·

1423 3172 1504 3219 46.
1525 3186 1657 3234 seqq.
1694 3170 1934 3221 Πολυθιίοι
1959 3186 1988 3218 a
2016 3169 2168 3236 poetis
2199 3169 2370 3228 efficta,

1359 3235 1515 3302 lepide
1534 3235 1766 3283 inriditur.
1797 3235 1871 3284 Cf.
1895 3236 2023 3284 Plin.
2044 3236 2118 3282 11.
2134 3236 2183 3284 7.
2199 3242 2247 3282 et
2265 3233 2372 3282 Cic.

1359 3300 1419 3348 de
1454 3300 1572 3349 Nat.
1608 3300 1753 3348 Deor.
1793 3301 1985 3363 passim.
2037 3301 2118 3347 48.
2133 3302 2366 3352 miserum,

1361 3366 1505 3420 bene,
1526 3365 1587 3412 ob
1608 3365 1886 3428 gravitatem
1906 3362 2141 3428 ponderis.
2345 3419 2350 3425 ι

1430 3430 1511 3476 49.
1532 3431 1609 3477 50.
1634 3428 1861 3477 Nondum
1882 3427 2053 3491 aliquis
2085 3432 2227 3490 poeta
2248 3441 2377 3472 com·

1367 3499 1553 3539 meatus
1565 3501 1681 3546 erat,
1697 3489 1886 3539 Saturni
1894 3490 2030 3544 filios,
2045 3490 2074 3538 J
2080 3504 2232 3544 ovem,
2246 3490 2382 3564 Nep-

1368 3563 1537 3609 tunum
1564 3563 1616 3603 et
1634 3556 1885 3603 Plutonem
1905 3554 1965 3606 de
1987 3552 2151 3617 mundi
2183 3553 2377 3618 imperio

1368 3620 1539 3668 sortitos
1550 3634 1670 3667 esse.
1715 3621 1961 3679 Imperium
1974 3617 2209 3682 prqfundi,
2222 3618 2381 3676 maris,

1370 3685 1493 3748 (non
1514 3681 1791 3746 inferorum)
1814 3685 1955 3739 triste,
1977 3682 2040 3731 ob
2061 3690 2378 3749 tempestateS,

1368 3748 1419 3797 in
1435 3748 1553 3797 mari
1571 3747 1833 3803 saevientes,
1851 3762 1955 3810 quae
1973 3754 2043 3795 tot
2057 3748 2381 3797 calamitatum

1371 3827 1526 3861 causae
1560 3818 1684 3861 sunt.
1750 3813 1936 3868 Pluton,
1956 3812 2190 3869 nanda-m,-
2212 3824 2377 3867 torvus,

1371 3893 1541 3933 saevus,
1567 3877 1726 3930 durus,
1747 3876 2062 3934 inexorabilis,
2081 3876 2232 3932 Ἀΐδης
2254 3876 2384 3938 ἀμεί-

1371 3952 1505 4005 λιχος
1530 3939 1590 3992 3¹3⁴
1603 3939 1852 4003 ἀδάμας-ος·
1895 3942 2084 3992 ‘reama
2108 3943 2191 3991 nal
2210 3960 2259 3988 τε
2282 3947 2314 3996 β
2341 3959 2383 3987 ο-

1373 4011 1484 4056 τοῖσι
1515 4007 1628 4055 θεῶν
1657 4007 1847 4070 ἔχθος-ος
1881 4008 2109 4062 ἁπάντων,
2145 4007 2287 4053 Hom.
2315 3961 2379 4050 il.

1374 4072 1468 4120 IX.
1512 4075 1619 4121 158.
1679 4074 1786 4122 159.
1828 4091 1931 4121 cum
1982 4076 2168 4132 conjuge
2209 4068 2380 4123 Sicula,

1376 4135 1671 4202 Proserpina,
1694 4137 1758 4184 in'
1779 4136 1941 4184 Sicilia
1972 4142 2085 4182 nata
2115 4138 2164 4178 et
2195 4137 2330 4194 rapta
2354 4145 2383 4179 a

1380 4201 1586 4248 Plutone
1612 4201 1751 4265 juxta
1783 4202 2023 4250 Hennam,
2040 4194 2167 4241 unde
2189 4200 2237 4240 et
2260 4195 2386 4242 Hen-

1376 4281 1476 4312 naea
1509 4264 1697 4314 dicitur.
1746 4265 1826 4311 51.
1860 4264 1939 4309 52.
1972 4259 2049 4307 Cf.
2082 4273 2183 4322 sup.
2218 4258 2280 4305 ad
2314 4259 2386 4307 II.

1383 4329 1493 4378 149.
1531 4343 1630 4392 seq.
1695 4325 1922 4375 Nondum
1952 4320 2123 4387 aliquis
2152 4330 2292 4388 p‘oeta
2318 4322 2389 4372 fa-

1478 4393 1668 4454 222
