2978 4920
622 288 752 356 152

1325 286 2000 355 JUVENALIS

704 463 992 527 Aversus
1013 459 1219 547 jacuit
1244 483 1265 533 ;
1307 457 1499 547 periit
1528 458 1807 538 libraria,
1839 475 2088 546 ponunt

707 566 1023 629 Cosmetae
1055 561 1322 639 tunicas,
1355 559 1536 625 tarde
1566 560 1807 625 venisse
1839 560 2169 629 Liburnus

704 665 988 741 Dicitur,
1015 675 1082 727 et
1112 685 1330 749 poenas
1357 660 1543 726 alieni
1574 660 1849 747 pendere
1879 666 2081 729 somni

703 765 992 852 Cogitur.
1038 764 1144 829 hic
1171 763 1411 848 frangit
1439 762 1702 841 ferulas,
1731 763 1919 828 rubet
1948 763 2054 828 ille
2083 763 2370 851 flagellis,

703 867 832 932 Hic
863 866 1133 931 scutica:
1183 877 1353 943 sunt,
1377 888 1527 952 quae
1557 865 2147 940 tortoribusssannua
2174 881 2499 954 praestent.
2576 874 2697 936 480

701 968 1030 1045 Verberat,
1060 979 1257 1054 atque
1285 967 1493 1032 obiter
1520 965 1748 1033 faciem
1777 966 1962 1041 linit;
2010 968 2193 1034 audit
2216 968 2469 1049 amicae,

701 1073 841 1135 Aut
870 1070 1071 1135 latum
1103 1070 1291 1156 pictae
1323 1067 1516 1133 vestis
1544 1067 1902 1136 considerat
1931 1086 2187 1150 aurum,

699 1174 789 1237 Et
822 1170 1007 1236 caedit
1034 1197 1053 1245 3
1101 1169 1273 1256 longi
1303 1169 1530 1255 relegit
1561 1184 1915 1235 transversa
1934 1171 2175 1253 diurni,

697 1275 790 1338 Et
818 1273 1029 1350 caedit,
1053 1271 1253 1336 donec
1282 1270 1460 1335 lassis
1489 1270 1880 1336 caedentibus
1905 1271 2080 1336 EXI

700 1377 956 1443 Intonet
985 1373 1395 1451 horrendum,
1417 1374 1555 1459 jam
1585 1371 1942 1457 cognitione
1971 1386 2247 1459 peracta.

783 1476 1175 1541 Praefectura
1195 1475 1423 1538 domus
1456 1473 1670 1538 Sicula
1696 1497 1823 1547 non
1853 1472 2069 1538 mitior
2098 1475 2261 1539 aula.

685 1579 862 1645 Nam
892 1576 942 1641 si
972 1562 1298 1641 constituit
1328 1574 1644 1660 ,solitoque
1674 1575 2002 1639 decentius
2031 1587 2212 1660 optat

695 1678 947 1755 ornari,
979 1690 1042 1741 et
1072 1685 1393 1762 properat,
1416 1676 1681 1761 jamque
1710 1686 2116 1761 exspectatur
2145 1675 2212 1738 in
2243 1674 2467 1754 hortiS,

692 1781 836 1843 Aut
859 1777 1035 1865 apud
1068 1777 1287 1841 Isiacae
1315 1775 1532 1864 potius
1561 1775 1830 1841 sacraria
1857 1776 2044 1851 lenae3

604 1952 906 2005 conceptam,
924 1946 976 1991 in
999 1957 1160 1989 servos
1182 1956 1437 2004 servasque
1458 1943 1615 1987 efflan-

604 2011 693 2056 dit.
760 2010 893 2055 'ralis
927 2009 1063 2055 Circe
1108 2022 1183 2067 ap.
1223 2010 1408 2054 Petron.
1442 2008 1616 2053 Gravis

607 2086 722 2119 vero
737 2086 880 2119 causa
903 2074 987 2119 irae
1010 2070 1060 2118 h.
1083 2073 1117 2120 l.
1141 2075 1382 2120 adfertur:
1419 2072 1462 2117 si
1492 2075 1618 2117 nocte

606 2138 806 2184 moritus
833 2149 1022 2183 aversus
1041 2140 1103 2184 ab
1134 2151 1282 2185 uxore
1300 2136 1478 2197 jacuit,
1501 2137 1552 2182 h.
1571 2150 1613 2181 e.

605 2201 793 2247 libidini
831 2203 997 2248 uxoris
1030 2215 1127 2247 non
1161 2202 1278 2247 satis
1315 2201 1457 2255 fecit3
1503 2215 1615 2260 quoe

601 2267 846 2312 sententia
864 2267 1022 2326 lepide
1044 2267 1111 2312 ita
1133 2265 1436 2325 exprimitur.

670 2328 782 2376 476.
813 2334 975 2391 periit,
1004 2337 1167 2377 actum
1202 2337 1276 2376 est
1296 2331 1358 2375 de
1379 2325 1612 2384 ea,.2m35

603 2408 709 2454 pro,
723 2398 851 2442 maie
867 2401 1118 2447 tractatur,
1134 2396 1207 2440 vel
1221 2407 1455 2453 magnum
1472 2395 1518 2440 ei
1536 2395 1610 2439 in-

601 2460 782 2522 pendet
813 2462 1016 2507 malum.
1079 2459 1304 2507 Libran‘o
1336 2472 1453 2517 non,
1499 2473 1611 2519 quae

600 2525 749 2571 libros
782 2526 1075 2583 transcribit,
1100 2527 1184 2571 sed
1216 2539 1328 2585 quae
1356 2523 1517 2570 lanam
1552 2522 1606 2570 li·

598 2590 723 2643 brat,
738 2596 787 2637 et
802 2590 1044 2650 quasillari
1051 2592 1090 2635 is
1104 2589 1353 2650 adpendit,
1370 2589 1446 2634 vel
1464 2602 1613 2647 pensa

598 2654 803 2701 lanificis
824 2655 1011 2701 ancillis
1033 2654 1289 2700 distribuit.
1356 2651 1419 2699 47
1422 2653 1467 2699 7.
1500 2653 1608 2699 Cos·

555 2763 564 2776 ,
596 2721 736 2774 meto,
760 2733 855 2765 non
880 2717 1145 2783 κοσμήσῃς,
1158 2718 1392 2771 ornatrix,
1416 2717 1611 2775 ancilla,

596 2795 708 2843 quae
750 2784 1006 2830 dominam
1048 2789 1268 2835 exornat,
1312 2794 1610 2839 componens

594 2848 782 2893 crinem
812 2854 906 2895 cet.
949 2845 1049 2907 (ct.
1081 2847 1168 2892 inf.
1203 2844 1315 2892 490.
1347 2842 1484 2905 495.)
1524 2846 1608 2891 sed

593 2908 845 2970 mpsim,
861 2924 1047 2968 servus,
1060 2911 1147 2970 qui
1169 2910 1409 2954 mundum
1434 2908 1605 2954 mulie-

595 2977 732 3021 brem
755 2977 969 3022 curabat.
1005 2979 1211 3035 ponunt,
1240 2974 1508 3032 deponunt,
1529 2977 1605 3019 tu-

590 3040 737 3094 nit-as,
751 3040 863 3085 exui
873 3033 1129 3099 jubentur,
1145 3045 1199 3083 ut
1218 3038 1338 3082 nudi
1357 3038 1601 3097 vapulent.

591 3102 851 3160 Liburnus,
888 3103 1176 3159 lecticarius,
1196 3115 1242 3146 v.
1277 3115 1385 3161 sup.
1407 3103 1467 3148 ati
1502 3103 1600 3148 111.

592 3166 708 3214 240.
732 3180 893 3226 pernae
912 3167 1061 3212 oomni
1080 3166 1242 3224 alieni,
1267 3179 1362 3211 non
1397 3167 1492 3222 sui,
1516 3168 1599 3213 aed

589 3232 778 3287 mariti,
801 3231 885 3290 qui
909 3236 1047 3276 nocte
1067 3243 1264 3276 aversus
1274 3225 1446 3289 jacuit.

619 3317 622 3318 ⁷
652 3294 765 3343 ms.
783 3292 1169 3357 frangitfcrulaae
1189 3295 1331 3340 dorso
1350 3307 1457 3350 suo,
1478 3295 1595 3340 dum

588 3360 650 3407 iis
664 3361 870 3408 caeditur
888 3376 902 3406 ε
939 3366 993 3404 ut
1010 3358 1082 3405 M
1081 3359 1212 3404 arius
1212 3356 1466 3419 frangebat
1495 3373 1597 3405 ver-

585 3426 674 3472 nce
695 3426 834 3474 vitem
851 3426 938 3472 inf.
963 3424 1104 3472 vm.
1119 3422 1231 3472 247.
1271 3421 1599 3481 ‘wa-Sentice,

582 3497 787 3549 parvum
804 3491 1068 3550 flagellum,
1086 3502 1114 3536 e
1132 3488 1248 3534 loris
1262 3488 1338 3534 vel
1358 3489 1487 3534 corio
1505 3487 1593 3535 bu-

574 3555 699 3600 ·bulo
717 3554 792 3608 (ινδ
805 3552 983 3609 env'eu,
1008 3550 1215 3613 corium)
1239 3554 1446 3603 factum.
1502 3553 1594 3599 Le-

583 3618 663 3663 via
696 3628 889 3677 peccata
907 3620 1103 3681 ferulis,
1134 3619 1354 3678 graviora
1386 3619 1591 3671 scuticis,

579 3687 631 3726 et
652 3683 936 3740 gravissima
954 3684 1160 3743 flagellis
1193 3684 1475 3741 puniuntur.
1513 3677 1590 3729 Cf.

584 3744 756 3792 Horat.
782 3747 879 3794 Sat.
905 3749 946 3796 1.
963 3749 1008 3795 3.
1036 3746 1143 3793 119.
1170 3747 1284 3796 120.
1314 3748 1397 3794 ubi
1417 3746 1589 3792 simili-

580 3814 655 3856 ter
677 3810 755 3854 liae
778 3824 916 3856 voces
931 3809 1224 3873 junguntur.

644 3872 754 3920 480.
775 3887 929 3919 minua
950 3871 1151 3929 salaria3
1188 3876 1302 3937 quia
1324 3874 1466 3920 toties
1488 3887 1587 3921 ser-

565 3949 665 3983 ·vos
681 3938 803 3984 caedi
818 3933 1010 3997 jubent.

641 4000 918 4049 filu-485.
951 4002 1228 4049 Saevissima
1260 4003 1435 4049 mulier
1466 4004 1587 4049 adeo

572 4080 771 4113 omnem
808 4067 944 4112 exuit
988 4066 1363 4125 humanitatem,
1398 4075 1447 4113 et
1483 4074 1583 4113 tarn

571 4144 745 4191 parum
759 4131 1007 4191 suppliciis
1018 4143 1264 4177 servorum
1277 4132 1580 4178 innoxiorum

556 4200 814 4253 movetur,
836 4205 911 4254 ut,
933 4197 1052 4243 dum
1086 4195 1157 4249 hi,
1180 4209 1299 4257 quos
1332 4210 1393 4242 ne
1426 4196 1583 4243 homi-

570 4261 861 4320 nesquidem
880 4274 986 4308 esse
1001 4267 1159 4320 putet,
1180 4258 1265 4323 (cf.
1282 4274 1387 4319 sup.
1408 4276 1453 4308 v.
1472 4261 1581 4307 219.

568 4323 708 4382 222.)
749 4326 1027 4385 caeduntur,
1069 4326 1230 4385 obiter,
1270 4326 1407 4387 quasi
1450 4328 1581 4374 aliud

1680 1956 1850 2002 agens,
1870 1946 1939 1995 (v.
1961 1955 2069 2001 sup.
2092 1943 2155 1988 ad
2179 1941 2276 1988 111.
2295 1942 2619 2006 241.)fizciem
2636 1945 2692 1991 li-

1679 2013 1763 2052 nat
1787 2008 2148 2054 medicamentis
2171 2021 2209 2051 s.
2233 2008 2364 2065 fuco,
2388 2009 2552 2054 aaudiat
2573 2013 2690 2056 ami·

1678 2085 1754 2117 cas
1770 2086 1934 2118 secum
1953 2072 2316 2117 confabulantes
2333 2081 2425 2120 cet.
2447 2070 2688 2127 Verberat,

1679 2145 1728 2182 et
1755 2151 1803 2182 v.
1839 2132 1951 2183 483.
1978 2134 2088 2181 484.
2122 2135 2277 2190 caedit,
2297 2150 2411 2196 pro:
2450 2139 2690 2186 verberari

1677 2214 1735 2248 ac
1757 2202 1880 2247 caedi
1894 2197 2052 2261 jubet.

1741 2264 1853 2312 482.
1874 2263 2126 2310 considerat
2139 2269 2187 2310 et
2204 2264 2411 2310 miratur
2423 2279 2596 2314 aurum
2613 2270 2704 2328 pi·⁴

1677 2335 1763 2376 σία·
1785 2330 1942 2389 vestis,
1956 2335 2139 2374 vestem
2162 2342 2252 2374 acu
2274 2329 2454 2388 pictam
2478 2345 2689 2393 auroque

1675 2397 1929 2441 intextam.
1993 2390 2102 2438 483.
2132 2392 2397 2451 Diurnum,
2412 2407 2459 2455 s.
2480 2397 2687 2444 diarium

1676 2473 1742 2506 sc.
1788 2459 2042 2518 scriptum,
2084 2455 2303 2523 ipnptgls,
2344 2459 2427 2511 (cf.
2465 2462 2591 2509 Gen.
2627 2463 2687 2509 V.

1678 2523 1777 2582 18.)
1799 2524 1938 2580 liber,
1962 2522 2012 2567 in
2035 2537 2132 2582 quo
2146 2529 2256 2568 acta
2275 2524 2449 2569 diurna
2469 2537 2507 2570 s.
2531 2528 2690 2585 quoti-

1675 2589 1837 2642 diana,
1849 2589 2152 2647 rationesque
2168 2587 2476 2646 potissimum
2498 2592 2687 2650 adcepti

1675 2660 1725 2699 et
1759 2652 1955 2712 expensi
1988 2652 2350 2712 consignantur.
2401 2651 2684 2701 Transverso

1673 2717 1855 2775 diurni,
1879 2717 2128 2774 diurnum,
2150 2716 2202 2773 in
2223 2722 2496 2764 transversa
2516 2720 2683 2765 charta

1674 2783 1930 2841 scriptum,
1953 2779 2291 2845 imeessygaepor,
2313 2780 2379 2827 al.
2399 2777 2682 2830 adversaria.

1672 2846 1751 2894 Ita
1773 2847 2002 2892 dicuntur
2015 2846 2183 2902 libelli,
2198 2847 2247 2889 in
2261 2845 2438 2904 quibus
2453 2853 2503 2891 et
2522 2846 2685 2895 adver-

1670 2925 1722 2957 so
1743 2918 1897 2970 parte,
1915 2924 2094 2970 perque
2113 2914 2426 2955 transversum
2442 2912 2674 2958 scribeba-

1672 2981 1769 3030 tur,
1786 2983 1835 3021 et
1856 2976 1906 3020 in
1929 2981 2050 3034 quos
2070 2975 2173 3019 sine
2196 2974 2362 3019 ordine
2383 2975 2550 3022 omnia
2565 2990 2653 3021 con
2667 3000 2681 3010 ·

1659 3037 1967 3099 jiciebantur,
1991 3039 2320 3084 transferenda
2341 3036 2517 3086 deinde
2536 3040 2589 3085 in
2608 3048 2679 3087 ta·

1668 3104 1806 3149 bulas
1826 3104 2015 3163 adcepti
2036 3110 2085 3150 et
2100 3102 2313 3164 expensi.

1729 3166 1840 3214 484.
1888 3167 2010 3221 Exi,
2038 3163 2147 3227 jam
2190 3166 2288 3220 abi,
2340 3156 2542 3214 furcifer
2584 3173 2680 3215 cet.

1663 3230 1776 3280 465.
1808 3232 1994 3278 Intonat
2027 3229 2323 3286 horrendum,
2347 3228 2583 3290 horrende
2606 3233 2677 3278 fe-

1662 3296 1815 3350 mina,
1840 3302 1893 3340 ut
1914 3309 1993 3356 ap.
2020 3295 2161 3355 Virg.
2194 3287 2309 3343 AEn.
2339 3293 2457 3343 ΧΠ.
2492 3295 2603 3343 700.
2625 3304 2673 3342 et

1662 3361 1750 3406 inf.
1775 3375 1822 3408 v.
1845 3359 1956 3407 517.
1988 3359 2170 3420 grande
2188 3364 2320 3405 sonat
2342 3357 2408 3407 sc.
2434 3361 2670 3421 Semivir-3

1663 3426 1738 3471 vel
1765 3424 1818 3471 «rt
1840 3426 2012 3472 intonet
2044 3423 2408 3482 inpersonaliter
2428 3423 2668 3484 adcipien·

1659 3489 1775 3535 dum
1799 3496 1887 3536 est.
1909 3491 2094 3549 Intonat
2110 3490 2509 3549 autemssgraviuS,
2521 3502 2665 3547 quam

1657 3560 1861 3600 resonet.
1886 3555 2143 3613 cognitione
2154 3558 2366 3613 peracto,
2383 3567 2479 3599 non
2503 3549 2666 3615 recogss

1657 3618 1774 3663 nitis
1796 3619 2095 3670 rationibusz
2130 3620 2214 3664 sed
2237 3619 2373 3665 finita
2396 3617 2533 3680 quasi
2555 3632 2669 3664 cau-

1656 3695 1724 3727 sae
1741 3683 2034 3742 cognitione,-
2049 3688 2098 3728 et
2119 3689 2282 3729 sumto
2304 3683 2364 3729 de
2385 3681 2536 3728 servis
2551 3696 2663 3743 sup·

1652 3748 1809 3807 plicio.

1715 3810 1829 3857 486.
1875 3811 2184 3873 Proeficmra‚
2218 3809 2577 3857 administratio
2614 3816 2661 3854 et

1651 3878 1957 3935 gubernatio,
1980 3876 2143 3923 domus
2159 3889 2248 3922 non
2270 3876 2432 3920 mitior
2455 3881 2531 3922 est
2551 3871 2660 3919 aula

1651 3940 1827 3995 Sicula,
1850 3942 1904 3989 h.
1921 3956 1966 3991 e.
1998 3949 2222 3988 matrona
2252 3954 2291 3985 s.
2325 3939 2529 3993 femina,
2550 3953 2658 3999 quae

1634 4006 1817 4050 ,domui
1841 4012 1888 4050 et
1919 4005 2120 4053 familiae
2153 4013 2332 4064 praeest
2363 4017 2461 4049 non
2497 4003 2658 4048 miuus

1649 4069 1856 4115 crudelis
1885 4072 1934 4115 in
1965 4084 2145 4125 servos,
2174 4081 2322 4128 quam
2357 4068 2552 4128 tyranni
2586 4068 2658 4113 si·-

1647 4135 1765 4189 culi,
1788 4134 2000 4180 Phalaris
2020 4142 2069 4179 et
2091 4132 2310 4193 Dionysii
2333 4132 2382 4177 in
2406 4133 2550 4177 cives.

1713 4196 1826 4243 487.
1862 4198 1998 4243 Nom
2030 4200 2071 4244 si
2092 4198 2349 4252 constituit,
2370 4197 2562 4254 statuit,
2582 4205 2657 4241 or·-

1648 4264 1754 4307 nari
1775 4272 1865 4307 cet.

1712 4324 1824 4375 488.
1854 4329 2141 4387 exspectatur
2158 4326 2204 4372 in
2225 4325 2374 4373 hortis
2386 4339 2427 4386 a*
2438 4325 2652 4376 moechis.
