2978 4920
937 347 940 350 ¹
1043 328 1487 395 sATmA
1549 302 1821 406 v111.³

395 522 529 600 Nil,
559 522 679 585 nisi
712 516 1116 605 Cecropides,
1142 529 1497 599 truncoque
1526 510 1879 575 simillimus
1911 509 2191 594 Hermae.
2220 519 2225 524 ’

321 651 326 656 ·
396 622 597 686 Nullo
627 621 868 707 quippe
896 618 1021 682 alio
1048 616 1248 681 vincis
1276 611 1653 688 discrimine,
1684 633 1877 697 quam
1898 609 2085 696 quod
2184 619 2185 622 ’

404 722 511 787 Illi
541 742 960 786 marmoreum
988 730 1183 804 eaput
1211 729 1328 794 est,
1362 728 1475 779 tua
1503 712 1664 777 vivit
1692 713 1901 798 imago

2313 713 2396 774 55

400 823 522 887 Dic
549 821 1159 901 mihi,·Teucrorum
1188 818 1418 905 proles,
1449 814 1744 879 animalia
1771 825 1950 878 muta

400 925 557 1003 Quis
586 946 887 1010 generosa
913 933 1123 1008 putet,
1152 921 1272 986 nisi
1301 919 1494 984 fortia
1513 923 1538 981 Ρ
1560 946 1566 950 ⁴
1589 940 1813 1004 nempe
1840 917 2160 981 volucrem

402 1027 503 1091 Sic
534 1025 868 1089 laudamus
896 1046 1156 1110 equum,
1185 1021 1353 1086 facili
1384 1022 1486 1086 cui
1518 1019 1793 1107 plurima
1820 1018 2030 1104 palma

403 1129 662 1205 Fervet,
693 1139 757 1190 et
788 1126 1066 1190 exsultat
1094 1147 1285 1189 rauco
1315 1124 1580 1187 victoria
1611 1121 1815 1185 Circo.

400 1227 648 1292 Nobilis
676 1226 801 1305 hic,
833 1249 1239 1313 quocumque
1270 1224 1442 1288 venit
1470 1224 1552 1287 de
1580 1223 1886 1309 gramine,
1917 1223 2101 1309 cujus

404 1328 593 1392 Clara
619 1327 777 1413 fuga
806 1341 951 1392 ante
981 1328 1158 1404 alios,
1190 1339 1254 1392 et
1283 1325 1528 1413 primus
1556 1326 1622 1388 in
1652 1347 1907 1411 aequore
1936 1323 2182 1408 pulvis:

407 1428 531 1492 Sed
559 1428 777 1492 venale
804 1451 999 1514 pecus
1023 1426 1327 1514 Corythae
1353 1425 1697 1513 posteritas.
1714 1438 1779 1489 et

407 1529 691 1615 Hirpini,
723 1528 774 1592 si
801 1551 944 1593 rara
962 1529 1127 1615 jugo
1156 1528 1420 1592 victoria
1449 1526 1629 1591 sedit.

326 1716 534 1764 14-26.
552 1723 600 1764 et
617 1715 679 1766 ad
698 1714 783 1764 Sil.
800 1715 901 1763 III.
919 1715 1058 1778 608.)
1081 1716 1207 1764 unde
1228 1716 1277 1764 h.
1294 1717 1328 1765 l.

1457 1716 1534 1764 58.
1571 1730 1666 1789 seq.
1683 1714 1924 1789 'Grandia
1939 1721 2011 1763 est
2029 1713 2175 1763 oratio
2191 1721 2403 1763 ornatus-

322 1779 547 1845 suspicari
579 1779 742 1845 possi8‚
764 1782 998 1845 dmnitique
1020 1780 1108 1845 (ab
1130 1780 1327 1845 Agrico·
1393 1795 1486 1844 que
1518 1780 1804 1844 exquisitior,
1825 1780 2013 1843 qualem
2048 1778 2265 1828 ludorum
2298 1779 2401 1828 Cir-

323 1843 398 1906 la)
446 1847 679 1893 Britanni.
743 1848 823 1895 52.
864 1848 1049 1909 aquilas,
1105 1846 1329 1909 legiones.
1391 1845 1602 1892 censium
1639 1843 1813 1892 mentio
1843 1843 2139 1891 admittebat.
2183 1844 2261 1892 Cf.
2283 1845 2404 1893 Stat.

321 1911 531 2019 gunedes,
567 1909 738 1958 milites
768 1910 1031 1960 limitaneos
1062 1911 1137 1958 vel
1168 1911 1328 1977 praesi-

362 1986 426 2020 ia.

393 2039 478 2086 53.
508 2039 777 2101 Cecropides,
820 2039 1006 2088 nomine
1046 2047 1231 2089 tantum
1274 2055 1330 2088 ac

329 2116 499 2163 genere
521 2103 706 2158 nobilis,
729 2119 779 2151 re
800 2119 912 2152 vera
943 2103 1160 2166 ignobilis
1180 2111 1229 2152 et
1250 2102 1329 2151 de·

323 2179 481 2227 gener.
516 2167 595 2216 Cf.
618 2168 681 2215 ad
701 2183 748 2215 v.
771 2169 851 2215 38.
873 2175 921 2215 et
940 2168 1020 2215 46.
1085 2177 1242 2215 muco
1274 2170 1332 2214 si·

324 2231 541 2279 millimus
565 2231 763 2287 Hermen,
779 2240 831 2278 ut
853 2240 1040 2279 truncus
1058 2241 1189 2293 atque
1207 2233 1335 2292 stipes

323 2308 408 2357 ap.
429 2296 533 2344 Cic.
564 2295 664 2342 Pis.
683 2297 734 2343 9.
756 2303 805 2343 et
821 2295 1027 2359 ‹inxu-
1083 2296 1263 2359 Reliqui
1282 2298 1337 2343 de

306 2358 523 2423 factione
533 2368 638 2406 sunt
649 2361 898 2407 inertissimi
913 2361 1087 2415 nobiles,
1099 2363 1149 2407 in
1166 2362 1336 2422 quibus,

323 2425 450 2470 sicut
468 2426 519 2470 in
534 2431 697 2479 statua,
714 2433 1038 2486 proetervwmen
1050 2425 1165 2472 nihil
1179 2433 1240 2472 est
1256 2426 1338 2472 ‹ul-

324 2489 567 2535 ditamenti
588 2489 778 2536 Sallust.
809 2488 869 2536 de
885 2504 981 2554 rep.
1007 2488 1105 2537 ord.
1129 2496 1244 2537 orat.
1267 2489 1339 2536 ΙΙ.

327 2549 413 2601 Cf.
436 2551 598 2617 Eurip.
621 2553 807 2601 Electra
825 2570 870 2601 v.
889 2556 1000 2603 383.
1023 2567 1151 2617 seqq.
1220 2553 1340 2600 Her-

325 2633 433 2673 moe,
456 2617 496 2664 οἵ
526 2617 669 2683 ἱςμιῗ,
695 2617 831 2681 signa
857 2617 953 2666 sive
984 2618 1231 2681 imagines,
1265 2617 1340 2666 vel

327 2679 541 2736 deorum,
573 2682 648 2730 vel
689 2681 946 2740 hominum,
987 2681 1107 2747 inpr.
1146 2684 1339 2730 Mercu-

327 2743 404 2801 rii,
445 2745 614 2809 quibus
644 2755 795 2808 caput,
824 2747 901 2795 vel
933 2747 1099 2802 solum,
1134 2746 1211 2796 vel
1240 2761 1335 2794 una

328 2824 441 2857 cum
472 2818 674 2874 pectore,
696 2818 746 2859 et
776 2827 848 2859 ex·
867 2811 999 2860 varia
1030 2811 1241 2867 materia,
1268 2811 1336 2858 ef-

329 2953 448 3002 quae
462 2939 599 2986 simul
615 2939 743 2988 basis
774 2940 878 2988 loco
899 2948 1014 2996 erat,
1037 2940 1135 2989 sive
1153 2948 1335 2996 acutus,

329 3002 429 3051 sive
445 3003 701 3066 quadratus
718 3004 870 3068 palus.
918 3005 1040 3054 Inde
1059 3020 1231 3053 nomen
1252 3003 1339 3053 ha-

328 3069 462 3124 bent,
484 3069 681 3134 (ὅςμαῗος
703 3068 834 3122 λίθος
856 3076 979 3117 certe
1001 3068 1171 3118 Suidas
1198 3085 1339 3144 expo·-

331 3131 404 3216 nit
447 3132 746 3207 τετράγωνος)
790 3134 864 3181 vel
917 3132 1029 3196 quia
1078 3135 1343 3183 Mercurius

332 3201 415 3308 i?
417 3195 1342 3328 &3213‘3..13¹⁶;33‘¹z¹0‡.5⁶32:53333

333 3325 616 3390 aediumque,
641 3327 795 3391 (quod
811 3327 887 3375 vel
907 3326 1132 3376 tironibus
1149 3341 1177 3374 e
1200 3328 1342 3379 Corn.

328 3389 386 3436 -Ν
389 3404 463 3455 ep.
497 3390 655 3439 Alcib.
675 3393 723 3440 3.
757 3397 919 3439 notum
951 3390 1049 3452 est)
1066 3399 1131 3448 et,
1143 3399 1208 3439 ‘ut
1240 3392 1341 3440 Ro-

329 3468 441 3510 mae,
471 3453 522 3502 in
554 3454 660 3512 viis,
689 3455 917 3521 compitis,
953 3455 1341 3521 agris,‘·(termini,

330 3519 569 3583 termites)
591 3528 638 3568 et
655 3519 799 3570 hortis
819 3520 1125 3585 ponebantur.
1194 3521 1343 3583 Caput

329 3598 641 3641 marmoreum,
686 3584 896 3648 adeoque
941 3585 1041 3632 sine
1087 3584 1200 3634 vita.
1268 3586 1341 3633 Cf.

333 3647 490 3695 XIII.
517 3649 620 3696 115.
641 3656 689 3697 et
710 3649 921 3698 Martial.
941 3649 1034 3698 XI.
1052 3651 1132 3698 61.
1152 3652 1200 3697 8.

335 3748 342 3754 ,
402 3711 611 3760 56-67.
644 3713 703 3760 In
735 3712 882 3762 brutis
914 3729 1098 3778 quoque
1132 3712 1347 3762 animali-

337 3776 546 3823 bus-non
565 3791 737 3839 -genus,
759 3777 842 3826 sed
874 3778 1067 3834 utilitas,
1090 3794 1233 3842 quam
1265 3795 1349 3843 pa-

327 3839 488 3900 riunt,
526 3840 668 3888 bona»
686 3842 867 3891 indoles
903 3851 951 3891 et
986 3843 1180 3892 viitutes
1220 3858 1350 3906 quae-

333 3913 519 3978 runtur.
544 3918 550 3926 ’
584 3906 735 3955 Poeta
748 3907 931 3971 egregie
948 3916 1141 3957 exornat
1160 3915 1346 3956 senten·

333 3978 453 4017 tiam
486 3985 621 4018 suam
652 3972 993 4036 comparatione
1007 3986 1010 4001 ·=
1024 3986 1347 4036 generosorum

335 4033 640 4090 animalium,
661 4036 832 4100 quibus
870 4036 998 4093 olim,
1032 4044 1088 4084 ut
1123 4045 1171 4085 et
1209 4037 1348 4086 hodie

333 4097 387 4144 in
410 4098 621 4156 Oriente,
644 4112 742 4148 sua*
758 4115 942 4164 quoque
974 4100 1165 4150 nomina
1196 4109 1345 4159 erant,

338 4169 389 4209 et
427 4162 635 4221 familiae,
658 4166 734 4213 vel
749 4184 756 4189 ·
768 4165 1056 4228 genealog-ia.
1085 4183 1132 4214 v.
1166 4166 1227 4215 ad
1264 4168 1349 4216 Sil.

336 4227 488 4275 XVI.
508 4229 621 4277 328.
640 4243 740 4294 seq.
782 4231 1055 4278 Teucrorum
1071 4233 1229 4291 proles,
1247 4231 1351 4295 jac-

335 4298 468 4338 tator
483 4294 683 4354 generis,
693 4295 767 4341 ab
780 4292 890 4343 Iulo
912 4301 960 4341 et
971 4293 1186 4358 Trojanis
1202 4295 1349 4345 ducti.

283 4402 294 4411 „
338 4353 556 4421 cmup.
569 4357 632 4407 ad
652 4375 701 4408 v.
722 4359 803 4408 40.
812 4357 981 4423 fortia,
1002 4366 1209 4408 nostrum
1221 4362 1352 4410 brev.

1395 1910 1526 1973 Sylv.
1565 1909 1629 1957 V.
1668 1911 1716 1956 2.
1751 1911 1831 1957 21.
1878 1909 2064 1956 Colum.
2100 1909 2193 1956 VI.
2234 1908 2314 1955 27.
2357 1919 2405 1957 et

1396 1973 1522 2022 Plin.
1556 1974 1703 2022 VIII.
1733 1975 1812 2023 42.
1842 1973 2009 2021 Facitis
2040 1972 2190 2038 poetis
2217 1971 2404 2030 dicitur,

1395 2038 1477 2101 qui
1506 2038 1642 2087 facile
1673 2053 1724 2086 se
1758 2044 1913 2085 movet
1931 2054 1969 2086 S.
1991 2046 2217 2093 movetur,
2242 2037 2407 2090 ιῦκίνη-

1398 2122 1470 2156 τος
1489 2121 1503 2162 ;
1538 2104 1619 2166 (ut
1632 2104 1796 2163 facilis
1815 2105 1948 2150 cardo
1967 2118 2070 2167 sup.
2093 2103 2188 2151 IV.
2208 2103 2289 2150 63.
2322 2102 2405 2150 ubi

1397 2182 1443 2213 v.
1485 2166 1610 2228 not.)
1661 2168 1769 2215 hinc
1810 2166 1964 2231 agilis,
2004 2167 2158 2218 velox.
2226 2167 2406 2224 Palma,

1399 2229 1620 2292 καλάμη,
1641 2233 1839 2291 plurima
1855 2231 2026 2295 fervet,
2048 2232 2283 2294 eleganter
2304 2249 2406 2297 pro,

1400 2295 1562 2342 multis
1582 2294 1892 2358 spectantium
1912 2294 2130 2341 manibus
2149 2294 2406 2359 plauditur,

1400 2366 1534 2407 tanto
1598 2359 1778 2412 ardore.
1831 2366 1886 2405 ut
1955 2373 2123 2406 manus
2182 2358 2409 2410 ferveant.

1404 2423 1537 2471 Nam
1564 2438 1590 2471 e
1626 2422 1673 2472 ui
1705 2424 1863 2478 etiam,
1886 2429 1940 2469 ut
1970 2432 2076 2471 utar
2108 2423 2261 2472 verbis
2282 2425 2410 2476 Plin.

1402 2488 1484 2536 l.l.
1518 2491 1570 2535 in
1630 2491 1720 2535 irco
1740 2491 1800 2535 ad
1820 2504 1980 2534 currus
1985 2490 2163 2548 juncti,
2178 2505 2266 2535 non
2280 2492 2411 2539 dubie

1402 2554 1677 2600 intellectum
1698 2554 2014 2600 adhortatimiis
2025 2561 2068 2598 et
2083 2554 2244 2614 gloria·
2250 2553 2413 2617 faten-

1405 2625 1499 2664 tur.
1565 2618 1645 2664 59.
1682 2617 1888 2665 Eis-altat
1929 2618 2112 2664 victoria
2160 2616 2290 2664 Circo
2314 2615 2412 2683 'pro

1404 2681 1602 2744 vulgari,
1639 2681 1824 2738 Circus,
1851 2681 1901 2729 h.
1923 2696 1966 2728 e.
2092 2679 2217 2736 ulus,
2245 2680 2327 2745 qui
2364 2681 2415 2731 in

1400 2743 1523 2794 circo
1555 2753 1641 2801 est,
1667 2747 1748 2810 (ut
1779 2762 1858 2813 ap.
1883 2745 1969 2793 Sil.
1996 2697 2060 2793 ΞΟ
2095 2745 2140 2792 Ι.
2167 2746 2411 2808 534.)ἐι-

1361 2858 1380 2868 „
1400 2809 1547 2858 sultat
1573 2810 1782 2860 victoria.
1846 2827 1997 2864 rauco,
2020 2809 2101 2875 qui
2134 2809 2283 2859 multo
2315 2811 2413 2860 cla-

329 2873 518 2922 formari
538 2875 733 2924 solebat.
799 2877 974 2924 Eorum
995 2874 1181 2925 inferior
1210 2890 1335 2941 pars»,
1359 2886 1362 2887 ’

1399 2890 1529 2924 more
1565 2884 1766 2932 resonat,
1800 2877 1880 2941 (ut
1911 2877 2121 2924 clamosus
2152 2878 2298 2923 circus
2329 2875 2414 2924 int:

1402 2940 1496 2986 IX.
1523 2941 1629 2989 144.
1652 2947 1700 2989 et
1722 2956 1797 3006 ap.
1818 2940 2032 2989 Martial.
2054 2941 2118 2986 X.
2137 2941 2217 2988 51.
2245 2940 2315 3002 1.)
2337 2940 2414 2990 vel

1408 3004 1539 3052 Circo
1569 3021 1722 3060 rauco,
1744 3006 1919 3071 populo
1946 3005 2026 3069 qui
2059 3019 2208 3068 usque
2244 3006 2304 3054 ad
2339 3022 2412 3056 ra·

1404 3068 1502 3116 vim
1523 3085 1562 3117 s.
1582 3070 1861 3120 raucitatem
1886 3070 2077 3126 clamat,
2100 3078 2154 3117 ut
2179 3086 2320 3120 rauca
2341 3089 2414 3120 co·

1406 3133 1505 3183 hors
1526 3149 1630 3198 sup.
1653 3136 1746 3184 VI.
1770 3137 1883 3184 515.
1903 3144 1951 3185 et
1970 3152 2111 3183 rauca
2137 3137 2313 3191 vicinia,
2335 3152 2416 3202 ap.

1407 3198 1524 3246 Hor.
1558 3198 1709 3264 Epist.
1743 3200 1786 3248 I.
1826 3202 1898 3249 17.
1935 3201 2014 3248 62.
2080 3201 2160 3249 60.
2191 3200 2414 3266 gramine,

1403 3278 1594 3327 pascuo,
1626 3279 1754 3328 agro,
1784 3265 1904 3314 loco.
1969 3266 2046 3313 61.
2065 3265 2214 3330 fuga,
2242 3264 2415 3313 veloci-

1405 3334 1495 3383 tas„
1513 3344 1693 3376 cursus.
1710 3332 1839 3390 eujus
1858 3333 2029 3392 primus
2048 3332 2097 3376 in
2119 3346 2294 3392 aqum-e
2309 3331 2414 3401 ριιῤ·

1405 3408 1837 3522 'gemitur-‘3¹32’
1860 3393 2419 3523 ᾅὲῗᾳῗιὲῗᾏῖῖἓῗῗᾈῗ

1408 3520 1504 3582 νῖζυ
1548 3536 1585 3568 s·
1632 3521 1757 3570 κονίει
1801 3519 1973 3570 πεδίοιο.
2039 3523 2115 3568 62·
2151 3536 2251 3585 seq.
2290 3521 2423 3571 Pulli

1406 3600 1632 3648 equorum
1676 3588 1819 3635 etiam
1865 3585 2336 3650 generosissimorum,
2380 3590 2422 3640 si

1336 3667 1341 3674 ·
1404 3648 1659 3712 degeneres
1698 3659 1824 3708 sunt,
1861 3647 2161 3707 venduntur,·
2178 3659 2421 3717 tamquam

1412 3711 1529 3761 viles
1548 3715 1671 3778 equi.
1721 3717 1946 3779 Corythoe,
1968 3732 2104 3780 equae
2124 3732 2421 3780 generosum·

1413 3794 1520 3834 mae,
1555 3788 1609 3827 ut
1644 3789 1829 3844 putant,
1864 3781 1931 3829 sic
1964 3779 2104 3830 dictae
2144 3797 2180 3830 a.
2212 3784 2420 3849 Corytho,

1415 3843 1615 3891 Etruriae
1643 3860 1751 3910 opp.
1773 3845 1915 3910 quod·
1931 3846 2193 3896 et'Cortoua
2213 3857 2424 3898 vocatur.

1411 3907 1482 3969 (v.
1525 3909 1693 3973 Heyne
1738 3911 1854 3958 Exc.
1889 3910 1950 3958 ad
1992 3911 2128 3976 Virg.
2166 3914 2282 3961 AEn.
2318 3914 2421 3960 III.

1415 3973 1550 4037 170.)
1585 3974 1677 4023 Sed
1696 3974 1763 4022 ita
1784 3973 1937 4040 potius
1951 3976 2043 4039 leg.
2065 3993 2197 4036 pecus
2219 3977 2420 4038 Corythi,

1410 4037 1504 4092 vel,
1527 4038 1638 4100 quia
1661 4039 1779 4086 duae'
1800 4040 1974 4106 priores
1993 4041 2099 4104 syll.
2119 4039 2163 4087 h.
2183 4040 2216 4087 l.
2248 4039 2421 4104 produ·

1411 4110 1596 4158 cuntur,
1636 4105 1833 4152 Cortonae
1844 4122 1862 4162 ;
1896 4106 1955 4153 de
1986 4104 2119 4178 cujus
2149 4106 2308 4150 tamen
2337 4120 2422 4168 ge-

1413 4169 1588 4216 nerosis
1630 4168 1764 4233 equis
1804 4168 1933 4216 haud
1976 4166 2246 4239 quidquam'
2268 4166 2424 4229 legere

1412 4231 1620 4280 memini.
1685 4233 1838 4281 Vetus
1885 4230 2039 4280 schol.
2063 4230 2196 4294 legit
2237 4231 2421 4296 Cor-yse,

1415 4295 1558 4357 (forte
1579 4296 1782 4360 Corffaei
1798 4294 2154 4357 velCm-yphoei)
2168 4302 2422 4359 monetque

1418 4359 1722 4424 Coryfeorum
1762 4372 1987 4422 equorum
2023 4358 2073 4406 in
2106 4358 2294 4408 Achaia
2329 4360 2423 4426 pri·
