2978 4920
631 336 757 402 258

1331 332 1990 397 JUVJENALIS

804 518 909 579 Da
936 515 1209 601 spatium
1238 516 1409 593 vitoe,
1439 515 1676 600 multos
1702 515 1806 595 da,
1836 515 2120 602 Jupiter,
2150 521 2382 582 annos!
2408 577 2434 599 ‚o

720 621 863 682 Hoc
892 629 1064 682 recto
1088 617 1276 706 ¹vultu
1307 616 1533 695 solum,
1562 618 1683 682 hoc
1709 629 1775 681 et
1804 616 2081 706 pallidus
2107 628 2307 705 optas.

720 721 846 785 Sed
875 742 1067 805 quam
1092 718 1407 783 continuis
1435 731 1500 783 et
1529 720 1786 804 quantis
1814 719 2004 805 longa
2032 733 2318 806 senectus
2405 779 2433 783 ..

2579 721 2709 790 190

719 821 916 885 Plena
944 819 1167 884 malis?
1212 820 1556 884 deformem
1584 833 1648 885 et
1678 832 1911 884 tetrum
1944 833 2090 885 aute
2118 822 2331 886 omnia
2355 822 2609 886 vultum

718 922 1226 1009 Dissimilemque
1255 923 1375 999 sui,
1405 921 1749 986 deformem
1777 945 1896 1009 pro
1924 935 2071 988 cute
2100 923 2350 1009 pellem,

721 1024 1200 1109 Pendentesque
1228 1045 1442 1108 genas,
1471 1034 1538 1087 et
1567 1022 1723 1087 tales
1751 1023 2006 1110 adspice
2033 1046 2246 1110 rugas,
2529 1103 2534 1107 .

720 1125 973 1203 QualeS,
1003 1124 1378 1189 umbriferos
1407 1123 1520 1187 ubi
1549 1123 1770 1210 pandit
1806 1125 2099 1195 Tabraca
2130 1125 2352 1202 saltus,
2440 1185 2450 1190 -

720 1229 800 1290 In
828 1226 1043 1291 vetula
1071 1207 1292 1311 scalpit
1313 1227 1448 1312 jam
1470 1233 1671 1314 mater
1701 1226 1880 1289 simia
1907 1227 2125 1291 bucca.

2579 1227 2709 1295 195

716 1330 1003 1394 Plurima
1031 1340 1177 1393 sunt
1197 1330 1509 1413 juvenum
1540 1327 1930 1391 discrimina:
1978 1328 2259 1414 pulcrior
2285 1327 2392 1391 ille

719 1432 897 1507 Hoc,
912 1443 1107 1515 atque
1134 1428 1240 1492 ille
1268 1429 1428 1502 alio;
1475 1429 1751 1494 multum
1780 1428 1883 1491 hic
1910 1428 2231 1493 robustior
2252 1428 2379 1492 illo.

720 1527 870 1597 Una
898 1518 1112 1596 senum
1144 1531 1353 1609 facieS,
1385 1554 1529 1596 cum
1559 1554 1711 1595 voce
1741 1533 2073 1596 trementia
2100 1531 2403 1609 membra,

721 1635 811 1699 Et
831 1636 966 1720 jam
994 1634 1132 1696 leve
1157 1644 1372 1718 caput,
1404 1631 1768 1717 madidique
1797 1617 2067 1696 infant-ia
2093 1631 2246 1696 nasi.

722 1734 1136 1832 Frangendus
1163 1737 1389 1816 misero
1416 1734 1675 1820 gingiva
1702 1734 1882 1820 panis
1911 1735 2135 1800 inermi
2159 1755 2174 1792 :

722 1839 949 1923 Usque
966 1837 1133 1900 ¹adeo
1159 1838 1369 1932 gravis
1399 1834 1583 1898 uxori
1606 1833 1894 1927 nati-sque
1925 1834 2193 1920 sibique,
2245 1885 2248 1890 ⁴

723 1940 816 2002 Ut
849 1939 1431 2025 captatorimoveat
1458 1937 1714 2002 fastidia
1741 1937 1979 2032 Cosso(
2201 1933 2206 1942 ’

640 2089 709 2136 ita
756 2086 986 2160 homines-¹
1005 2085 1251 2161 ‘ambitiosi‘
1272 2101 1281 2132 3-
1289 2088 1443 2151 puniri
1491 2088 1640 2162 solent

640 2159 829 2329 {3532
854 2152 1642 2271 ⁸22¹”1‘1‘2‘3053ffi’330223‘ffl‘3

691 2295 838 2331 el'xesso
1140 2307 1146 2322 υ
1209 2291 1213 2302 ’

712 2345 984 2406 188-288.
1010 2345 1122 2394 Non
1163 2344 1319 2397 minus
1350 2347 1500 2396 stulta
1535 2352 1644 2393 sunt

642 2418 751 2459 vota
771 2421 946 2465 eorum,
966 2409 1049 2473 qui
1072 2409 1270 2474 longam
1298 2409 1388 2460 sibi
1418 2417 1644 2476 exoptant

642 2475 802 2525 vitam.
887 2475 1148 2523 senectutis
1187 2474 1485 2527 incommoda
1519 2490 1644 2525 more

642 2669 844 2719 sentiret.
877 2668 909 2717 J
911 2682 1088 2719 avenes
1106 2676 1375 2732 comparent
1390 2666 1644 2718 Maximia-

642 2733 692 2781 ni
725 2735 861 2796 Eleg.
895 2733 939 2780 Ι.
977 2730 1045 2779 ἰιι’
1065 2732 1355 2784 Wernsdorf.
1391 2733 1539 2781 Poetm
1562 2732 1647 2780 lat.

643 2796 758 2846 min.
777 2799 836 2845 T.
854 2796 948 2843 VI.
970 2813 1018 2860 p.
1035 2796 1146 2844 269.
1167 2811 1264 2860 seq.
1284 2796 1409 2844 Plin.
1427 2796 1550 2865 VII.
1566 2796 1647 2844 50.

644 2870 694 2911 et
726 2864 894 2912 Horat.
928 2859 989 2906 A.
1023 2860 1082 2908 P.
1123 2862 1231 2908 169.
1261 2875 1359 2923 seq.
1392 2858 1476 2907 sed
1508 2866 1556 2905 et
1588 2874 1647 2907 ea

643 2942 753 2989 quae
778 2931 947 2977 ,contra
964 2921 1232 2988 ‚disputavit
1266 2923 1430 2973 Cicero
1462 2922 1513 2969 in
1549 2923 1645 2972 Ca·

644 2997 751 3039 tone
770 2988 958 3052 majore.
1072 3020 1076 3027 -
1222 3000 1225 3003 ’

714 3056 820 3102 189.
836 3053 953 3105 ,Hoc
973 3053 1129 3108 solum,
1147 3059 1388 3114 tamquam
1413 3066 1647 3099 summum

644 3116 837 3173 bonum,
862 3125 983 3176 optas
1012 3131 1209 3179 orasque
1241 3123 1291 3164 et
1311 3126 1444 3172 recto,
1473 3124 1643 3173 erecto,

645 3183 778 3229 vultu
803 3191 846 3228 et
877 3179 1087 3239 pallidus,
1111 3179 1159 3227 h.
1181 3194 1224 3227 e.
1244 3187 1292 3228 et
1321 3181 1461 3229 laetus
1487 3187 1537 3229 et
1565 3180 1646 3228 tri·

642 3245 742 3301 stis,
765 3244 911 3293 velet
929 3257 1071 3290 sanus
1090 3251 1137 3291 et
1164 3250 1386 3304 aegrotus:
1423 3259 1534 3292 nam
1553 3244 1647 3292 laeti

645 3325 702 3358 ac
721 3308 824 3359 sani
851 3305 1033 3357 vultum
1060 3306 1299 3363 adtollere,
1334 3307 1488 3356 tristes
1515 3316 1563 3356 et
1584 3324 1647 3357 ae-

642 3374 762 3439 groti
772 3371 1021 3425 demittere
1037 3371 1204 3421 solent.

715 3441 823 3489 192.
852 3436 1117 3491 Dissimilem
1134 3437 1221 3490 sui,
1245 3450 1338 3483 non
1362 3435 1516 3499 qualis
1537 3435 1647 3484 olim

644 3502 797 3553 fuerat
817 3502 867 3551 in
889 3500 1153 3565 juventute.
1212 3501 1371 3561 pellem
1396 3501 1647 3563 dffotmem

645 3583 879 3631 rugosam,
902 3564 1236 3622 macilentam,
1278 3579 1559 3630 exsanguem
1603 3575 1651 3613 et

646 3647 876 3697 asperam,
902 3647 985 3691 pro
1018 3640 1135 3687 mate,
1173 3629 1277 3678 loco
1308 3627 1427 3677 cutis
1456 3639 1647 3688 tenerae,

646 3694 766 3743 vivre
804 3710 859 3743 ac
882 3692 1074 3749 nitidae.
1124 3695 1278 3742 -Cutis
1301 3692 1554 3757 juvenibus
1592 3709 1647 3742 ac

649 3757 782 3814 vivis,
806 3758 939 3818 pellis
965 3758 1153 3807 senibus
1182 3773 1236 3805 ac
1262 3759 1452 3806 mortuis
1484 3757 1647 3806 tribui·

647 3830 724 3871 tur
740 3839 753 3879 ;
775 3822 853 3885 (ut
870 3819 965 3871 illis
980 3820 1119 3887 χςὺς,
1140 3829 1189 3870 et
1207 3821 1281 3869 his
1293 3820 1431 3888 δίεμαι
1448 3822 1523 3870 vel
1541 3820 1647 3888 ῥανὶς

648 3887 711 3936 ab
731 3887 879 3937 Hom.
896 3882 987 3931 Od.
1013 3885 1160 3932 XIII.
1178 3886 1289 3934 430.
1309 3902 1409 3951 seq.
1429 3895 1476 3934 et
1497 3886 1647 3951 Apol-

646 3953 746 4001 lon.
758 3949 829 3998 11.
841 3949 952 3996 200.
971 3948 1049 3996 Cf.
1061 3948 1271 3997 Horat.E
1333 3949 1649 4000 d.XV11.22.

634 4025 698 4069 ,et
716 4011 906 4065 Wakef.
935 4011 1210 4060 adLucret.
1312 4047 1326 4061 .
1363 4013 1521 4076 1268.)
1549 4014 1647 4079 ple-

646 4094 843 4144 rumque
883 4086 1041 4124 tamen
1080 4074 1199 4124 inter
1234 4075 1321 4124 has
1357 4093 1496 4125 voces
1531 4077 1647 4127 nihil

647 4148 852 4195 interest.
933 4140 1178 4188 Pandemos
1208 4157 1360 4205 gena,
1397 4141 1645 4207 pendulas,

645 4210 924 4260 macilentas
943 4212 989 4255 et
1015 4205 1281 4260 flaccenteS,
1303 4220 1420 4269 quas
1451 4205 1531 4254 alii
1542 4209 1645 4270 flu·

648 4285 764 4325 entes
784 4277 938 4322 buccas
955 4278 1007 4318 et
1025 4271 1161 4319 mahts
1180 4271 1364 4319 labentes
1383 4270 1560 4329 dicunt.
1621 4308 1622 4313 ,

719 4338 982 4388 193-195.
1013 4334 1196 4384 Festive
1230 4334 1444 4399 devrugis
1464 4351 1643 4399 senum.

1705 2087 1835 2135 Nota
1852 2102 2037 2151 quoque
2059 2093 2168 2136 sunt
2189 2085 2331 2136 Ennii
2350 2088 2492 2136 verba
2508 2104 2590 2154 ap.
2612 2088 2716 2138 Cic.

1705 2151 1776 2201 N.
1795 2153 1862 2199 D.
1884 2151 1927 2199 Ῑ.
1947 2154 2027 2201 35.
2080 2152 2234 2217 *Simia
2251 2169 2382 2215 qaam
2412 2154 2586 2210 similis,
2612 2163 2709 2200 tur·

1703 2218 1880 2277 pissima
1914 2217 2062 2272 bestia,
2094 2218 2242 2264 uobis?
2289 2216 2350 2264 de
2377 2217 2565 2280 quocs.
2588 2218 2714 2267 Plin.

1709 2280 1860 2328 VIII.
1879 2280 1957 2329 54.
1980 2296 2019 2328 s.
2040 2282 2119 2328 80.
2142 2288 2190 2328 et
2207 2280 2299 2328 XI.
2317 2281 2398 2329 44.
2415 2297 2454 2329 s.
2479 2283 2592 2330 100.
2629 2283 2714 2330 Τα-

1705 2346 1853 2399 braca,
1893 2344 2003 2392 urbs
2040 2343 2269 2393 maritima
2308 2344 2571 2400 Numidiae,

1707 2408 1864 2473 steph.
1887 2408 2121 2464 Tabathra,
2141 2408 2265 2457 Ptol.
2282 2410 2377 2458 lv.
2392 2411 2440 2457 3.
2467 2411 2713 2478 eaeque,

1708 2473 1834 2521 Plin.
1851 2474 1915 2522 V.
1935 2476 1983 2522 3.
2053 2475 2278 2522 Tabracha
2298 2472 2486 2530 dicitur,
2503 2486 2552 2524 et
2572 2476 2714 2524 etiam

1707 2553 1834 2585 nunc
1854 2545 1986 2587 vetus
2006 2537 2196 2586 retinuit
2209 2553 2396 2587 nomen.
2458 2541 2538 2587 ubi
2555 2543 2715 2600 ματαία

1711 2601 1909 2649 Tabraca
1927 2604 2066 2651 saltus
2084 2602 2358 2668 umbriferos,
2380 2602 2464 2651 ubi
2492 2603 2640 2654 densa
2660 2621 2709 2655 se

1708 2665 1889 2732 pandit,
1911 2667 2005 2717 late
2025 2674 2171 2733 patet,
2194 2667 2329 2732 sylva
2355 2683 2503 2740 prope
2533 2669 2711 2718 Tabra-

1709 2746 1832 2787 cam,
1863 2731 1913 2778 in
1945 2747 2027 2779 ora
2049 2731 2283 2779 maritima
2311 2733 2510 2795 Libyae3
2542 2733 2594 2781 'm
2620 2750 2712 2809 qua

1709 2795 1852 2858 sylva,
1876 2795 2153 2844 Posidonius
2188 2794 2361 2844 multas
2387 2795 2508 2844 vidit
2538 2797 2710 2855 simias,

1710 2866 1828 2910 teste
1847 2859 2001 2909 Strab.
2022 2859 2105 2908 lib.
2122 2860 2295 2908 XVII.
2314 2863 2363 2908 in
2381 2862 2536 2908 vetula
2555 2864 2712 2910 bracem

1707 2920 1824 2975 nain
1861 2937 1994 2987 genae
2031 2923 2176 2973 etiam
2209 2923 2445 2973 simiarum
2477 2934 2714 2976 senectute

1712 2995 2038 3051 conrugantur.

1741 3080 1744 3081 ν
1779 3054 1889 3102 196.
1925 3054 2032 3101 197.
2064 3053 2271 3102 Juveues
2299 3051 2556 3117 plurimum
2585 3053 2715 3104 diffe-

1710 3125 1818 3169 runt
1847 3117 1996 3166 forma
2027 3132 2082 3164 ac
2114 3118 2295 3166 robore.
2362 3119 2471 3166 198.
2513 3118 2617 3175 Ver,
2649 3120 2713 3169 lo·

1709 3181 1850 3243 quela
1885 3196 2050 3230 senum
2087 3190 2271 3230 monens
2302 3188 2351 3229 et
2381 3181 2629 3241 vacillam,
2664 3193 2714 3233 ut

1709 3254 1759 3293 et
1774 3248 1980 3294 membra.
2454 3287 2461 3294 .

1779 3311 1888 3359 199.
1908 3318 2050 3372 caput
2064 3310 2170 3364 leve,
2191 3309 2378 3359 calvum
2401 3325 2457 3359 ac
2481 3310 2713 3373 glabrum,

1709 3376 1879 3423 madidi
1907 3372 2115 3439 insontia⁴
2129 3375 2230 3423 1ωεί
2248 3373 2412 3422 festive
2432 3374 2605 3427 dieitur
2637 3377 2713 3426 de-

1710 3437 1902 3486 stillatio
1922 3430 2105 3488 narium
2123 3437 2174 3485 in
2200 3445 2456 3494 senectute,
2478 3448 2535 3487 ut
2565 3441 2617 3488 in
2646 3441 2714 3490 in·

1709 3502 1877 3559 santia,
1911 3504 2000 3553 vel.
2017 3517 2179 3559 nasae,
2208 3514 2266 3550 ex
2298 3518 2399 3566 quo
2419 3504 2632 3559 senibus,
2654 3522 2716 3554 a·

1711 3581 1805 3630 que
1845 3582 1904 3631 ac
1943 3565 2234 3632 infantibus,⁴
2256 3566 2505 3616 abundans
2556 3568 2716 3619 defluit

1709 3629 1877 3678 humor
1895 3638 1943 3681 et
1974 3630 2233 3696 dependet:
2268 3645 2379 3679 nam
2397 3628 2622 3682 ‘senectus
2652 3641 2719 3684 est

1711 3695 1917 3743 secunda
1931 3695 2145 3745 infantia.

1707 3804 1710 3807 Α
1767 3760 1887 3811 200.
1917 3762 2105 3825 gingiva
2138 3760 2316 3815 inermi,
2338 3767 2530 3809 carente
2569 3760 2719 3810 denti-

1711 3822 1817 3880 bus,
1839 3839 1945 3888 quae
1966 3833 2076 3873 sunt
2106 3838 2253 3883 arma,
2276 3838 2306 3871 a
2337 3832 2510 3873 natura
2539 3824 2716 3876 homini

1713 3885 1841 3935 data.
1863 3932 1866 3937 .
1906 3888 1986 3939 Sic
2004 3906 2084 3937 ora
2101 3897 2324 3945 exarmata
2337 3887 2462 3938 dixit
2478 3889 2647 3939 Sidon.

1775 3953 1887 4000 201.
1907 3954 2019 4002 202.
2042 3955 2213 4002 Facete
2232 3959 2372 4017 poeta
2401 3953 2537 4010 dicit,
2561 3969 2717 4004 senem

1713 4014 2002 4093 decrepitum
2042 4018 2275 4074 omnibus,
2313 4017 2459 4067 etiam
2510 4019 2722 4082 cognatis

1714 4088 1763 4127 et
1781 4079 1871 4129 sibi
1901 4081 1917 4128 i
1973 4082 2007 4139 i,
2027 4082 2272 4132 molestum
2303 4096 2424 4138 esse,
2446 4089 2497 4130 et
2526 4084 2717 4147 quidem

1710 4151 1808 4192 tam
1849 4161 1925 4193 mo
1944 4155 2097 4196 estum
2137 4154 2185 4195 et
2235 4154 2334 4194 tam
2374 4145 2717 4198 intolerabilem

1698 4208 1961 4268 hominem,
1983 4221 2037 4260 ut
2068 4227 2127 4259 ne
2162 4211 2335 4261 Cossus
2366 4210 2560 4274 quidem
2586 4212 2714 4261 here·

1709 4271 1871 4338 dipeta
1900 4290 2009 4325 eum
2042 4275 2170 4327 ferre,
2188 4273 2348 4339 possit,
2376 4284 2524 4338 quum
2559 4284 2714 4325 tamen

1695 4336 1797 4395 ,hoc
1826 4338 2068 4391 hominum
2102 4355 2256 4405 genus
2283 4354 2421 4407 senes
2449 4339 2583 4389 omni
2617 4341 2714 4391 offi-
