2978 4920
995 317 1444 386 SATIRA
1511 320 1602 384 X.

344 506 697 571 Matronae:
744 525 895 570 mox
923 525 1126 590 quum
1153 503 1401 570 dederit
1436 503 1698 570 Servilia
1724 527 1973 582 numos,

310 608 480 672 *Fiet
511 620 587 673 et„
603 607 803 684 illius,
824 627 1019 692 quam
1046 627 1174 670 non
1202 616 1373 671 amat
1396 625 1412 669 t
1459 617 1653 670 exuet
1681 629 1931 674 omnem

2203 609 2337 676 ,320

341 708 639 795 Corporis
665 715 979 772 ornatum.
1025 705 1185 792 quid
1213 704 1380 772 enim
1409 705 1895 793 ulla‘negaverit
1925 706 2072 776 udis

334 810 739 898 InguinibuS,
760 809 894 875 sive
921 820 1017 875 est
1045 808 1183 874 haec
1213 808 1446 896 Oppia,
1479 809 1610 874 sive
1643 809 1944 876 Catulla?

337 914 634 979 Deterior
662 924 830 979 totos
857 912 1052 978 habet
1080 911 1210 976 illic
1237 910 1474 975 femina
1501 933 1723 977 morea.
1791 927 1792 932 ’

339 1015 465 1080 Sed
493 1027 666 1082 casto
693 1015 856 1104 quid
882 1015 1092 1079 forma
1121 1018 1353 1078 nocet?
1398 1013 1568 1101 quid·
1590 1014 1835 1101 profuit
1863 1015 2056 1084 immo
2215 1073 2226 1090 ‚

333 1119 697 1206 Hippolyto
720 1139 912 1207 grave
941 1116 1389 1205 propositum?
1433 1115 1595 1203 quid
1626 1117 2098 1206 Bellerophonti
2113 1123 2145 1184 Ρ.
2202 1122 2331 1186 325

332 1220 620 1284 Erubuit
648 1242 876 1306 nempe
902 1220 1063 1299 haec,
1093 1242 1212 1284 eeu
1237 1218 1549 1297 fastidita,
1577 1218 1849 1305 repulsa.
1889 1275 1892 1280 .
1963 1277 1968 1283 .
2085 1301 2092 1306 .

331 1323 397 1386 N
399 1346 471 1386 ec
504 1323 885 1388 Stheneboea
911 1323 1144 1401 minue,
1176 1345 1370 1410 quam
1403 1324 1651 1406 Cressa,
1682 1324 2049 1405 excanduit,
2072 1336 2136 1391 et
2165 1349 2233 1392 se

335 1425 726 1490 Concussere
753 1424 977 1496 ambae.
1066 1424 1309 1490 Mulier
1339 1422 1682 1497 saevissima
1703 1431 1861 1491 tu'nc
1888 1437 2008 1505 est,
2061 1407 2070 1416 ’

248 1556 373 1607 idem
406 1555 472 1604 ad
495 1556 720 1622 Apollod.
741 1558 854 1607 1.·7.
873 1560 922 1607 5.
944 1575 994 1624 p.
1018 1557 1127 1607 104.
1161 1571 1260 1621 seq.

247 1624 440 1678 dilectae,
463 1620 691 1693 formosae,
715 1630 766 1671 et
797 1637 939 1694 quam
961 1630 1092 1672 amat
1120 1637 1259 1690 prop-

247 1685 915 1823 targili?{teli-mdillicitumattona
951 1749 1171 1800 deformis
1202 1764 1260 1798 ae

247 1813 392 1864 dives.
482 1814 578 1863 Vix
621 1815 911 1872 crediderim,
953 1822 1141 1889 poetam
1181 1829 1256 1863 re·

248 1878 455 1942 spexisse
467 1878 586 1927 duas
597 1879 833 1935 Serviliae,
850 1886 873 1927 t
1022 1879 1141 1927 imas
1157 1878 1255 1926 Ca-

245 1944 364 1992 tonis
398 1957 595 2001 sorores,
632 1959 661 1993 e
697 1944 868 2007 quibus
911 1945 1076 2000 altera,
1116 1943 1256 1991 Bruti

245 2016 406 2064 mater,
427 2023 541 2056 cum
567 2008 756 2057 Caesare
787 2006 998 2056 libidinis
1028 2022 1255 2056 commer-

245 2071 366 2121 cium
395 2071 582 2129 habuit,
617 2073 764 2122 altera
794 2081 952 2120 autem
980 2087 1011 2120 a
1036 2072 1274 2129 Lucullo„

245 2138 408 2186 marito
442 2152 544 2193 suo,-
579 2132 638 2185 ob
670 2144 949 2202 prostratam
979 2136 1255 2201 pudicitiam

242 2200 328 2249 fuit
341 2202 610 2267 repudiata.
625 2200 696 2265 (v.
725 2202 852 2249 Suet.
877 2200 1000 2248 Caes.
1019 2203 1099 2249 50.
1124 2202 1255 2248 Plut.

241 2266 291 2316 in
309 2266 513 2328 Lucullo
533 2282 582 2330 p.
604 2266 719 2314 517.
739 2266 790 2312 in
814 2264 927 2314 Cat.
944 2263 1061 2327 min.
1075 2280 1125 2329 p.
1143 2266 1256 2313 759.

245 2332 355 2382 769.
389 2333 506 2380 770.
539 2331 652 2378 785.
686 2337 734 2378 et
764 2329 814 2377 in
851 2329 1003 2377 Bruto
1032 2346 1081 2393 p.
1113 2326 1253 2390 984.)

243 2395 336 2446 Illa
354 2403 483 2444 certe
513 2409 610 2442 non
630 2410 784 2441 numos
811 2396 934 2441 dedit
955 2391 1151 2454 Caesari,
1171 2392 1256 2441 sed

244 2460 536 2534 amplissima
555 2458 711 2526 potius
731 2458 791 2509 ab
822 2473 878 2507 eo
911 2456 1100 2523 adcepit
1130 2457 1257 2507 dona

242 2524 594 2638 πέξᾶἓάῗὲιὶεε
622 2586 747 2634 filius
777 2580 888 2636 tuus
923 2584 1049 2650 turpi
1078 2591 1254 2633 matro-

243 2668 332 2710 nae,
355 2653 513 2717 qualis
545 2651 743 2709 Servilia
774 2658 862 2708 est,
881 2666 1047 2699 omnem
1066 2652 1256 2711 corporis

244 2727 466 2776 ornatum,
501 2716 551 2766 h.
581 2732 626 2765 e.
659 2731 838 2765 amores
862 2715 964 2780 ejus
984 2714 1252 2771 sectabitur,

243 2781 393 2830 donec
412 2781 631 2841 omnibus
649 2797 756 2841 eam
787 2779 1037 2830 nudaverit
1069 2778 1254 2829 unioni-

243 2846 332 2894 bus
372 2846 450 2896 vel
487 2846 681 2910 gemmis
727 2844 1000 2910 reliquoque
1051 2843 1255 2910 corporis

239 2916 426 2961 ornatu.

305 2975 420 3023 321.
442 2975 549 3036 quid
569 2974 684 3020 enim
704 2972 841 3038 pretii
860 2988 917 3021 ac
935 2971 1141 3022 muneris
1155 2974 1254 3021 ulla

240 3037 410 3086 mulier
428 3036 654 3103 inpudica
683 3040 908 3101 negaverit
927 3041 1031 3085 udis
1047 3040 1249 3102 inguini·

244 3106 337 3159 bus,
359 3103 412 3151 in
433 3103 668 3150 Venerem
686 3099 1024 3164 libidinemque
1045 3101 1252 3150 conferre

240 3165 506 3216 dubitabit'!
571 3167 685 3225 322.
711 3165 854 3226 Oppia
873 3165 966 3230 (al.
989 3166 1138 3226 Optio,
1173 3165 1250 3227 Ip-

239 3234 331 3292 pia,
367 3230 567 3293 Hippia)
602 3228 801 3294 patricia
841 3244 898 3277 ac
938 3229 1124 3286 nobilis,
1162 3230 1252 3278 Ca·

244 3298 357 3344 tulta
378 3311 486 3346 vero
507 3294 709 3359 plebeia,
733 3293 810 3342 vel
838 3293 923 3343 illa
957 3293 1163 3351 liberalis
1194 3309 1252 3343 ae

275 3360 437 3425 rodiga
459 3369 507 3408 et
540 3360 641 3408 haee
663 3373 822 3414 avara,
847 3358 923 3407 vel
943 3358 1149 3423 denique
1169 3357 1252 3419 illa

277 3424 370 3474 ‘ves
407 3432 459 3483 et
489 3424 594 3472 hoec
635 3438 817 3488 pauper
849 3423 994 3472 fuisse
1033 3422 1251 3484 videtur3

241 3503 334 3537 non
352 3489 500 3537 altera
519 3488 760 3553 inpudica,
779 3486 853 3552 (v.
869 3488 963 3537 VI.
979 3487 1251 3550 82—115.)

241 3552 388 3611 altera
408 3569 515 3601 vero
543 3559 700 3601 casta:
736 3553 809 3618 (v.
831 3551 894 3600 ad
916 3553 989 3601 IL
1011 3552 1118 3616 49.)
1140 3566 1253 3599 nam

240 3624 372 3665 casta
401 3618 565 3673 mulier
595 3633 762 3682 parum
795 3623 904 3683 apte
936 3616 983 3664 h.
1003 3617 1038 3666 l.
1070 3623 1265 3666 memo-'

198 3722 201 3725 Α
239 3689 382 3733 tatur.

301 3747 415 3795 323.
435 3745 619 3794 Femina
638 3748 842 3802 deterior,
862 3744 912 3793 in
931 3745 1100 3796 ceteris
1121 3745 1247 3796 male

1387 1557 1502 1605 324.
1523 1556 1609 1605 Sed
1628 1566 1749 1608 casto
1766 1560 1875 1622 quid
1887 1557 2046 1624 forma
2064 1557 2230 1625 pulcra
2253 1575 2329 1606 no-

1322 1623 1423 1670 cet?
1455 1620 1693 1685 objectio,
1721 1638 1865 1685 quam
1898 1624 2068 1673 refellit
2089 1632 2231 1689 poeta
2248 1638 2332 1671 ex-

1323 1684 1494 1751 emplis
1514 1685 1750 1750 Hippolyti
1769 1695 1818 1735 et
1840 1687 2199 1750 Bellerophontis,
2216 1702 2333 1751 quo·

1323 1765 1428 1799 rum
1451 1749 1643 1814 castitas
1673 1751 1750 1799 vel
1778 1750 1831 1800 in
1861 1752 2155 1817 proverbium
2186 1752 2335 1808 venit,

1319 1828 1531 1879 quosque
1564 1831 1705 1880 grave
1742 1817 2010 1878 propositum
2048 1825 2189 1866 castae
2222 1815 2331 1865 vitae

1319 1894 1413 1927 non
1446 1894 1476 1927 a
1507 1878 1726 1943 periculis
1758 1887 1882 1929 tutos
1913 1880 2147 1947 praestitit,
2169 1880 2254 1929 sed
2277 1881 2330 1929 in

1317 1942 2334 2075 2320032252”12335‘”13¹?;5053333⁸2Tff.2³25

1317 2072 1456 2128 filius,
1481 2072 1565 2136 qui
1599 2087 1629 2120 a
1655 2072 1860 2122 Phaedra
1885 2091 2103 2135 noverca,
2126 2076 2328 2139 (Cressa,

1318 2135 1368 2185 h.
1390 2152 1432 2186 e.
1451 2134 1632 2185 Minois
1648 2137 1771 2199 regis
1792 2139 2031 2188 Cretensis
2048 2138 2174 2202 filia)
2195 2138 2332 2203 cujus

1320 2201 1497 2250 incesto
1522 2201 1668 2265 amori
1700 2216 1794 2250 non
1825 2204 2186 2268 obsequebatur,
2209 2205 2331 2253 falso

1322 2265 1450 2330 apud.
1535 2272 1682 2312 atrem
1724 2266 1872 2331 stupri
1921 2268 2217 2325 insimilatus,
2263 2276 2329 2326 et,

1318 2344 1465 2391 quum
1540 2328 1645 2392 ujus
1680 2326 1797 2377 iram
1840 2331 2037 2406 fugeret,
2072 2333 2133 2406 ab
2177 2332 2329 2397 equis,

1318 2393 2332 2523 zlfflzcgfftgfflsgm'lgggsegogsscrffausegg
2345 2457 2350 2523 ᾖ

1317 2537 1456 2587 curru
1487 2521 1697 2587 de‘ectus
1724 2532 2025 2590 raptatusque
2045 2525 2212 2574 misere
2310 2553 2330 2563 ·

1316 2585 1409 2660 riit.
1431 2588 1506 2652 (v.
1533 2644 1536 2647 ¹
1577 2583 1674 2634 vid.
1684 2587 1825 2660 ‘Men’
1841 2589 1951 2637 XV.
1976 2591 2089 2637 491.
2109 2603 2209 2653 seq.
2269 2605 2348 2649 u-‚

1316 2648 2333 2788 {ipfaihffrississgffiffiffsshffgfflw

1316 2779 1417 2846 phi,
1460 2778 1808 2829 Corinthmrum
1846 2780 1986 2845 regin,
2024 2797 2187 2847 nepos,
2230 2782 2330 2847 qui,

1316 2859 1463 2917 quum
1496 2861 1528 2893 a
1559 2845 1739 2902 Proeto,
1761 2845 2043 2912 Argivorum
2074 2861 2199 2910 rege,
2213 2840 2339 2909 *hos-¹

1315 2908 1431 2975 pitio
1456 2915 1681 2974 exceptus
1713 2918 1763 2958 et
1799 2911 1859 2959 ab
1896 2909 1999 2975 ejus
2025 2926 2169 2960 uxore
2202 2912 2329 2961 Sthe-

1315 2976 1464 3022 neboea
1509 2974 1572 3022 ad
1606 2973 1889 3024 adulterium
1923 2975 2153 3041 pellectus
2192 2985 2333 3034 esset,

1316 3045 1506 3104 propter
1546 3053 1596 3085 re
1630 3037 1784 3088 ulsam
1822 3039 1883 3088 ab
1920 3055 1979 3090 ea
2012 3048 2087 3088 stu
2122 3037 2160 3087 ri
2200 3041 2329 3105 apud

1316 3102 1537 3152 maritum
1565 3054 1836 3160 adcusatus',
1858 3110 1908 3152 et
1940 3103 2002 3152 ad
2034 3104 2090 3153 Io
2125 3112 2233 3154 aten
2253 3121 2341 3165 so-,

1315 3180 1475 3215 cerum
1496 3165 1665 3215 missus
1684 3175 1772 3226 est,
1794 3174 1849 3216 ut
1877 3168 1938 3216 ab
1966 3184 2024 3218 eo
2047 3168 2328 3220 interficere-

1316 3237 1407 3281 tur.
1473 3233 1552 3282 De
1583 3229 1659 3279 his
1688 3239 1738 3281 et
1774 3231 1968 3296 reliquis
2002 3230 2104 3296 ejus
2134 3234 2246 3283 fatis
2282 3251 2338 3295 v.

1314 3295 1461 3344 Hom.
1483 3296 1545 3344 Il.
1566 3304 1619 3360 z.
1640 3297 1749 3346 152.
1762 3312 1893 3363 seqq.
1914 3298 2085 3363 Heyne
2102 3298 2164 3347 ad
2181 3298 2333 3366 Apol-

1313 3358 1410 3408 lod.
1430 3376 1481 3425 p.
1496 3362 1775 3410 283-290.
1789 3368 1839 3409 et
1858 3362 2022 3426 Intpp.
2040 3363 2209 3411 Horat.
2231 3361 2337 3427 od..

1315 3423 1418 3472 111.
1445 3427 1523 3475 17.
1554 3427 1629 3474 13.
1650 3440 1750 3489 seq.
1813 3425 1926 3473 326.
1945 3427 2121 3486 repulso
2153 3426 2216 3474 al.
2246 3440 2341 3491 pa-

1314 3502 1417 3536 rum
1439 3497 1567 3553 apte.
1621 3490 1717 3538 Sed
1737 3503 1892 3553 neque
1913 3486 1968 3536 τ)
1988 3489 2083 3537 hoee
2103 3489 2217 3538 satis
2231 3489 2283 3538 h.
2296 3488 2334 3539 l.

1316 3551 1550 3601 convenit.
1638 3552 1861 3600 Refertur
1902 3552 2045 3617 vulgo
2086 3552 2149 3601 ad
2191 3553 2334 3602 Phae.

1311 3615 1462 3673 dram,
1502 3631 1609 3681 quae
1650 3632 1760 3665 mox
1805 3616 1957 3664 Cressa
1996 3615 2193 3666 dicitnr:
2243 3617 2330 3669 sed

1310 3674 1446 3729 nulla
1486 3680 1631 3746 hujus
1663 3687 1805 3729 antea
1845 3681 2023 3731 mentio
2067 3691 2143 3732 est
2183 3681 2327 3735 facta.

1312 3746 1452 3797 Forte
1493 3745 1587 3810 leg.
1629 3744 1827 3793 Erubuit
1868 3763 1974 3794 mm
2016 3746 2231 3804 Pha-dra,
2273 3759 2329 3799 ut

240 3814 433 3866 morata,
454 3816 504 3859 et
533 3811 584 3858 in
603 3810 807 3874 reliquos
829 3825 988 3863 omnes
1021 3825 1167 3861 avara
1200 3805 1253 3858 et
1296 3809 1537 3876 fastidita,
1558 3811 1752 3872 repulsa.
1793 3811 1906 3858 327.
1924 3813 2189 3873 Sthembaea,
2206 3808 2329 3869 Σθεέ

242 3875 1043 3989 {ffissffiaffsstffssssgssziim’
1065 3875 1144 3989 ἓέἓ
1176 3873 1254 3988 ³¹12}

646 3974 661 3996 ῃ
1150 3973 1165 3989 ο

243 4003 437 4053 moecbis
489 4004 714 4068 largiatur
759 4013 822 4054 etv
860 4004 1065 4069 placeat.
1159 4002 1255 4053 Sed

244 4066 358 4118 forte
378 4069 471 4134 leg.
490 4085 624 4117 eomes
635 4084 727 4142 pro
747 4077 870 4130 totos,
892 4077 947 4117 ut
976 4083 1140 4118 sensus
1163 4069 1250 4118 sit:

246 4134 449 4190 dernier,
471 4133 616 4191 mala,
633 4133 873 4199 inpudica,
877 4133 1060 4194 femina
1077 4134 1193 4196 illic,
1205 4132 1258 4182 in

243 4210 292 4247 re
328 4197 561 4260 Venerea,
601 4199 727 4257 habet
762 4213 898 4247 comes
935 4214 1087 4254 mores,
1125 4211 1259 4248 come

248 4257 513 4323 ingenium:
567 4277 751 4311 summa
787 4261 1009 4311 comitate
1047 4277 1104 4310 ac
1140 4261 1260 4322 libe·

252 4324 431 4383 ralitate
452 4325 654 4398 adlicere
673 4327 792 4377 solet
816 4324 937 4376 viros
959 4340 1017 4376 ac
1036 4325 1262 4377 delenire.

1318 3874 1470 3932 vicus,
1485 3874 1609 3939 (non
1620 3875 1896 3940 Sthenoboea)
1909 3876 2201 3941 qute'Amm
2214 3877 2332 3928 dici·

1316 3949 1393 3989 tur
1415 3941 1561 3991 Hom.
1582 3940 1646 3990 11.
1668 3948 1721 3990 z.
1750 3941 1854 4005 160.
1876 3949 1925 3991 et
1943 3942 2019 3990 vel
2051 3944 2232 3992 Iobatae
2255 3942 2332 3991 vel

1317 4003 1416 4054 Am
1448 4004 1682 4054 hianactis
1699 4000 1799 4055 filia
1809 4002 1914 4055 fuit.
1956 4004 2062 4069 (Cf.
2079 4009 2247 4070 Heyne
2266 3998 2331 4061 ad

1319 4021 1544 4135 Apollo&
1572 4086 1623 4137 p.
1645 4070 1757 4118 277.
1790 4079 1840 4118 et
1870 4070 2010 4134 670.)
2075 4071 2187 4143 320.
2214 4069 2331 4116 Con-

1321 4150 1617 4248 mm.
1629 4139 2339 4263 tffitffiffxzffi’pfssssffitss

1330 4265 1376 4311 1.
1395 4279 1465 4328 pr.
1486 4281 1575 4312 mm
1598 4265 1753 4311 leviter
1780 4278 1824 4310 se
1854 4261 2075 4308 Numidia
2102 4261 2335 4322 concussit,

1327 4326 1390 4376 ad
1409 4326 1736 4392 pugnandum,
1748 4326 1822 4376 ad
1841 4324 2020 4389 bellurn
2044 4322 2221 4375 fortiter
2248 4339 2331 4388 ge·

1403 4393 1607 4454 2112
