2978 4920
1101 323 1557 388 SATIRA·
1598 322 1716 388 v1.

2313 326 2439 389 143

449 492 782 571 Provocat,
813 515 852 556 a
873 492 1135 560 domina
1161 493 1369 558 factus
1399 494 1614 580 spado.
1706 494 2001 561 Dormiat
2030 492 2138 559 ille

450 595 614 658 Cum
644 587 933 660 domina:
981 595 1092 659 sed
1120 607 1195 661 tu
1216 595 1353 682 jam
1380 594 1640 673 durum,
1673 594 1999 675 Postume,
2014 597 2279 683 jamque

451 695 877 759 Tondendum
906 697 1198 761 eunucho
1221 684 1552 760 Bromium
1582 697 1972 762 committere
1999 697 2150 763 noli.

539 796 604 860 Si
634 796 873 882 gaudet
902 809 1133 872 cantu;
1180 798 1421 862 nullius
1449 797 1655 887 fibula
1678 797 1870 864 durat

353 925 358 929 ·
445 899 677 962 Vocem
705 898 1029 964 vendentis
1057 898 1471 986 praetoribus:
1520 921 1757 984 organa
1784 921 2027 987 semper

2306 903 2436 966 380
2487 956 2495 965 .

454 999 536 1061 In
564 999 855 1064 manibus
880 1024 895 1063 ε
944 998 1119 1063 densi
1149 999 1397 1064 radiant
1427 998 1747 1063 testudine
1776 1011 1913 1064 tota

456 1098 928 1186 Sardonyches:
977 1099 1183 1185 crispo
1202 1112 1620 1164 numerantur
1646 1099 1895 1185 pectine
1921 1100 2198 1179 chordae,

455 1201 599 1277 Quo
629 1213 805 1265 tener
828 1200 1216 1287 Hedymeles
1243 1224 1466 1288 operas
1485 1201 1691 1266 dedit:
1724 1201 1897 1266 hunc
1918 1214 2113 1281 tenet,
2140 1203 2262 1268 hoc
2290 1228 2355 1270 se

459 1299 737 1379 Solatur,
766 1312 1077 1388 gratoque
1104 1299 1394 1386 indulget
1424 1301 1600 1366 basia
1627 1301 1886 1387 plectro.

458 1402 766 1478 Quaedam
793 1403 875 1468 de
904 1424 1167 1467 numero
1198 1404 1563 1468 Lamiarum
1595 1426 1667 1467 ac
1688 1402 1957 1468 nominis
1985 1403 2098 1469 alti

437 1636 954 1686 376-378.0bscurus
966 1636 1259 1701 locus‚cujus
1271 1654 1380 1687 sen-

376 1702 568 1746 sumita
581 1709 709 1748 recte
724 1704 845 1748 mihi
860 1705 1043 1762 cepisse
1056 1704 1245 1751 videor:
1271 1707 1382 1751 talis

375 1763 660 1818 Eunuchus,
682 1769 773 1814 etsi
794 1769 915 1814 bene
931 1768 1258 1825 mentulatus,·
1276 1770 1382 1814 dor·

378 1832 514 1882 mint,
534 1833 822 1878 concumbat
841 1846 954 1877 cum
975 1833 1157 1877 domz'na
1178 1830 1383 1895 conjuge

377 1898 481 1948 tua,
505 1893 752 1949 Postume,
774 1910 885 1954 quae
906 1910 968 1943 ex
988 1909 1046 1942 eo
1066 1909 1163 1941 non
1184 1898 1383 1955 gravida

379 1958 490 2004 fieta
527 1959 611 2003 sed
642 1958 908 2016 Bromium,
939 1973 1145 2020 puerum
1180 1962 1255 2006 vel
1285 1973 1383 2006 ser·

379 2034 519 2078 vum,
531 2023 852 2069 concubinum
871 2031 1028 2076 tuum,
1047 2025 1191 2075 (forte
1205 2025 1382 2071 formo-

381 2098 490 2131 sum
537 2093 586 2131 et
625 2093 889 2141 comatum,
934 2095 989 2133 ut
1032 2084 1225 2150 Βρόμιος,
1257 2088 1382 2135 Bac·

380 2147 523 2211 chus)
547 2151 631 2210 qui
654 2151 762 2209 jam
782 2151 927 2196 durus
944 2158 1034 2207 est,
1054 2153 1103 2196 h.
1119 2167 1162 2198 e.
1184 2154 1383 2198 duratus

379 2226 436 2259 ac
459 2215 628 2260 firmus
649 2215 711 2258 ad
729 2214 914 2260 l.»bores
945 2215 1174 2274 coporis,
1200 2217 1275 2261 vel
1307 2229 1383 2260 ro-

380 2277 554 2323 bustus
570 2291 626 2323 ac
644 2278 1003 2338 virilis,jaeumque
1017 2277 1263 2337 tondendus
1278 2282 1326 2325 h.
1342 2293 1383 2328 e.

359 2370 364 2373 -
382 2343 634 2396 barbatuS,
649 2337 929 2400 hujusmodi
945 2341 1174 2388 Eunucho
1187 2343 1388 2388 commit-

381 2409 481 2450 tere
496 2405 608 2457 noli,
627 2406 675 2449 h.
689 2418 733 2448 e.
752 2418 868 2450 cave
885 2406 1098 2465 patiaris,
1120 2407 1259 2451 illum
1274 2408 1391 2467 qua-

381 2470 426 2514 si
470 2482 583 2514 cum
618 2470 711 2515 hoc
739 2471 1024 2515 descendere
1054 2470 1105 2516 in
1148 2476 1390 2516 certamen

379 2533 560 2590 stupri,
578 2534 718 2579 uxori
735 2539 835 2579 tuae
856 2533 1113 2591 inferendi,
1136 2547 1290 2592 quum
1312 2544 1387 2579 ve·

381 2598 591 2643 rendum
615 2599 696 2653 sit,
719 2610 781 2643 ne
802 2598 909 2643 haec
925 2599 993 2643 ita
1011 2598 1264 2644 confestim
1277 2611 1392 2644 con·

382 2662 547 2720 cipiet.
574 2662 867 2708 Committere
878 2663 1026 2707 estid.
1041 2665 1120 2721 qd.
1134 2672 1393 2720 componere

383 2731 435 2771 et
455 2738 737 2785 comparare,
760 2739 870 2785 quae
893 2732 1009 2771 sunt
1032 2728 1176 2772 verba
1197 2726 1389 2781 theatri,

383 2802 544 2835 arenae
566 2796 615 2836 et
645 2790 923 2835 certaminis
955 2792 1152 2849 publici.
1211 2790 1390 2836 Similis

386 2854 522 2899 locus
543 2867 648 2913 sup.
674 2854 714 2899 Ι.
736 2853 842 2899 162.
868 2853 977 2901 163.
1000 2855 1082 2901 ubi
1105 2870 1153 2904 v.
1174 2860 1275 2901 not.

450 2915 724 2965 879—397.
766 2920 892 2964 Aliae
925 2919 1152 2966 mulieres
1178 2919 1391 2965 maxime

382 2981 684 3029 delectantur
698 2982 1066 3028 citharoedorum
1080 2983 1394 3029 histrionum-

385 3058 484 3105 que
515 3053 679 3100 cantu,
722 3060 778 3093 ac
810 3048 1007 3093 musicis
1038 3048 1393 3105 instrumentiS,

386 3123 500 3168 quae
521 3112 573 3156 in
591 3110 808 3157 maximo
828 3111 981 3169 pretio
1004 3112 1195 3157 babent.
1223 3110 1395 3177 nulligu

372 3174 528 3233 fibula
546 3175 707 3230 durat,
732 3174 911 3220 nullius
930 3181 1097 3220 cantor
1116 3175 1395 3221 infibulatus

281 3255 294 3270 ν
390 3239 460 3300 (v.
484 3252 590 3298 sup.
614 3240 674 3284 ad
696 3252 744 3285 v.
762 3235 861 3298 73.)
890 3244 1046 3297 potest
1070 3246 1169 3284 tam
1193 3239 1394 3299 longum

387 3304 594 3348 canendi
616 3304 827 3348 laborem
851 3303 1059 3361 perferre
1079 3317 1090 3345 ε
1125 3304 1217 3348 nisi
1236 3303 1394 3356 malis,

391 3367 557 3412 nullus
577 3374 650 3412 est
675 3367 963 3412 citharoedus
995 3368 1072 3412 vel
1105 3372 1288 3419 cantor,
1311 3368 1396 3426 qui

393 3444 513 3487 non,
536 3431 690 3488 pretio
711 3431 773 3476 ab
794 3444 850 3475 ea
878 3438 1162 3490 conruptus,
1197 3431 1395 3478 fibulam

391 3494 578 3540 solvere
609 3500 826 3555 cogatur,
868 3500 924 3540 ut
966 3508 1081 3540 cum
1124 3495 1208 3540 illa
1244 3502 1395 3540 coeat.

391 3558 624 3604 Mulieres
645 3565 793 3613 certe,
816 3559 877 3603 de
896 3560 1071 3617 quibus
1093 3560 1141 3603 h.
1161 3559 1195 3603 l.
1218 3559 1395 3617 agitur,

391 3622 594 3667 musicis
609 3623 943 3668 instrumentis
964 3624 1270 3681 potissimum
1290 3635 1399 3682 gra-

393 3687 465 3731 tia
486 3698 672 3740 eorum,
696 3686 781 3746 qui
802 3686 898 3731 illis
929 3692 1150 3740 utuntur,
1171 3692 1219 3731 et
1252 3693 1400 3732 cantu

389 3759 587 3809 propter
659 3750 936 3796 canentium
1002 3750 1397 3809 pulcritudinem,

392 3828 494 3873 qua
552 3814 828 3873 capiuntur,
880 3815 1103 3860 delectari
1159 3815 1399 3860 videntur.

394 3877 574 3924 navius
594 3878 822 3934 cantoris,
841 3891 990 3924 vocem
1009 3876 1243 3923 vendentis
1264 3878 1398 3923 Proe-

393 3942 583 3996 toribus,
601 3941 686 4001 qui
706 3942 845 3988 ludos
860 3955 916 3987 ac
939 3955 1140 3987 munera
1159 3943 1332 3999 edunt,
1350 3948 1400 3988 et

391 4006 509 4051 hinc
525 4007 761 4059 cantores,
779 4006 1034 4051 histriones
1050 4011 1099 4051 et
1114 4006 1400 4064 gladiatores

394 4077 572 4115 emunt
593 4070 668 4116 vel
690 4070 843 4129 pretio
864 4071 1157 4115 conducunt.
1222 4069 1402 4115 Simili-

398 4141 476 4178 ter
491 4132 673 4193 funera
695 4147 779 4180 ma
797 4132 986 4179 vendere
1005 4131 1294 4179 Proetoribm
1315 4134 1403 4181 inf.

396 4196 544 4245 vm.
562 4197 672 4244 194.
689 4199 775 4243 ubi
791 4211 840 4243 v.
856 4204 958 4243 not.
994 4196 1202 4257 Organa,
1217 4194 1403 4263 ἔςγανα,

400 4263 723 4307 instrumenta
737 4260 941 4320 quaevis,
963 4260 1088 4320 inpr.
1109 4263 1310 4311 musica.
1341 4263 1406 4309 In

398 4326 609 4373 mnibus
629 4326 894 4374 mulierum
916 4332 1045 4371 sunt.

2314 1407 2442 1472 385

1511 1641 1623 1688 381.
1664 1639 1876 1697 Testudo,
1896 1641 2018 1702 lyra,
2039 1637 2205 1703 χίλυς,
2228 1642 2297 1688 sic
2318 1642 2448 1690 dicta

1445 1720 1475 1753 a
1519 1705 1778 1757 testudine,
1818 1718 1880 1750 ex
1928 1716 2035 1764 qua·
2074 1720 2181 1752 eam
2229 1706 2443 1766 primum

1445 1771 1717 1816 Mercurius
1733 1770 1901 1815 fecisse
1918 1770 2113 1827 dicitur,
2126 1770 2324 1816 intensis
2341 1784 2450 1816 ner-

1447 1835 1522 1879 vis
1544 1833 1707 1879 ovium
1731 1833 1808 1877 vel
1836 1834 1983 1879 boum
2014 1834 2231 1893 Apollini
2262 1834 2451 1879 abacta·

1445 1911 1578 1944 rum.
1601 1896 1867 1956 Sardonyx,
1878 1911 2073 1956 gemma
2087 1898 2449 1956 pretiosissima,

1448 1963 1531 2024 (cf.
1546 1961 1635 2006 inf.
1657 1960 1806 2006 xm.
1825 1960 1934 2009 138.
1954 1959 2083 2023 139.)
2099 1963 2218 2020 lapis
2236 1961 2451 2020 sardius,

1445 2021 1667 2090 (Σάρδος)
1688 2026 1896 2070 colorem
1918 2026 2119 2071 humani
2141 2026 2317 2085 unguis
2340 2021 2446 2086 (ἶιψ

1446 2088 2451 2212 ἓξὲξῑῗῑῖίῗίς.ἰέζὲἓὲὲέζᾋῑοζὶὶξὲέε

1447 2217 1560 2264 382.
1581 2215 1758 2261 elwrde
1779 2216 1897 2276 lyrae
1918 2230 1959 2264 s.
1980 2218 2179 2263 citharae
2200 2231 2230 2262 a
2251 2218 2450 2265 muliere

1447 2286 1772 2334 numeramur,
1787 2292 1988 2326 numero
2004 2281 2053 2325 h.
2075 2294 2121 2327 e.
2137 2281 2302 2327 ordine
2317 2278 2452 2342 justo

1452 2345 1569 2390 scite
1581 2345 1853 2403 pulsantur,
1859 2345 2053 2402 pectine,
2072 2346 2271 2403 plectro,
2287 2347 2456 2405 crispo,

1454 2409 1585 2466 fisso,
1595 2407 1669 2452 vel
1688 2408 1848 2466 potius
1861 2407 2061 2453 chordas
2072 2409 2329 2467 crispante,
2346 2410 2395 2454 h.
2411 2423 2455 2458 e.

1455 2472 1665 2518 tremulo
1697 2469 1931 2530 celerique
1975 2480 2112 2517 motu
2154 2474 2368 2531 agitante
2399 2482 2455 2521 ae

1455 2536 1769 2594 percutiente.
1809 2534 1922 2581 383.
1944 2539 2087 2588 tener,
2105 2542 2160 2580 ut
2186 2548 2296 2594 sup.
2317 2538 2356 2583 Ι.
2377 2536 2454 2588 22.

1458 2600 1540 2646 uhi
1563 2613 1612 2647 v.
1644 2605 1743 2643 not.
1767 2598 1843 2642 vel
1871 2595 2085 2659 juvenis,
2110 2600 2183 2643 vel
2207 2600 2456 2660 delicatus,

1454 2665 1505 2709 h.
1528 2677 1570 2708 e.
1594 2663 1777 2723 pulcer,
1789 2658 2055 2721 jucundus,
2078 2662 2296 2709 dilectus.
2361 2665 2456 2712 He.

1454 2727 1669 2788 dymeleae,
1701 2727 2010 2781 citharoeduS,
2044 2722 2182 2785 cujus
2221 2740 2397 2774 nomen
2427 2743 2458 2776 a

1454 2792 1586 2837 dulei
1606 2796 1750 2837 cantu
1769 2785 1874 2851 (ἡδὺ
1891 2786 2049 2851 μέλις)
2070 2790 2235 2835 fictum
2254 2791 2463 2843 videtur.

1452 2869 1638 2915 operum
1657 2853 1780 2901 dedit
1800 2856 1986 2912 cantui,
2019 2855 2069 2899 in
2096 2855 2311 2902 canendo
2343 2870 2459 2904 usus

1454 2926 1542 2966 est.
1591 2918 1716 2965 hunc
1745 2919 1983 2977 pectinem
2018 2922 2154 2972 tenet,
2188 2931 2377 2980 semper
2408 2922 2459 2968 in

1455 2984 1682 3029 manibus
1701 2984 1862 3036 habet,
1883 2996 2071 3028 memor
2086 2982 2264 3028 amoris
2279 2997 2335 3030 ac
2348 2999 2460 3031 con-

1456 3048 1725 3094 suetudinis
1741 3060 1854 3094 cum
1872 3047 2152 3100 citharoedo,
2175 3048 2252 3092 vel
2266 3049 2463 3096 abseme

1457 3113 1534 3158 vel
1558 3120 1769 3165 mortuo,
1792 3107 1931 3173 cujus
1952 3118 2001 3156 et
2022 3117 2159 3172 grato
2181 3112 2362 3170 plectro
2383 3115 2461 3159 vel

1458 3177 1642 3222 cithara
1664 3176 1838 3221 solatur
1859 3189 1924 3232 se,
1949 3176 1998 3220 h.
2023 3190 2065 3221 e.
2084 3175 2233 3221 amati
2268 3177 2358 3222 viri
2379 3180 2462 3224 de-

1459 3240 1711 3296 siderium,
1736 3247 1786 3285 et
1820 3239 2086 3286 absentiam
2122 3241 2198 3285 vel
2233 3248 2461 3296 mortem,

1460 3306 1675 3363 gaudens
1696 3318 1747 3349 se
1768 3304 2090 3349 instrumenta
2112 3310 2211 3348 tam
2230 3306 2364 3362 grati
2385 3318 2464 3350 ca-

1460 3368 1596 3426 rique
1615 3368 1702 3412 viri
1722 3369 1977 3427 possidere,
1992 3381 2101 3425 quae
2113 3367 2204 3425 ipsi
2218 3373 2318 3410 tam
2328 3374 2466 3425 grata

1460 3438 1597 3486 sunt,
1615 3437 1668 3476 ut
1687 3440 1734 3476 et
1751 3432 1871 3476 basia
1886 3432 1946 3474 iis
1968 3430 2229 3488 indulgeat,
2245 3430 2296 3476 h.
2317 3443 2358 3474 e.
2371 3431 2465 3477 fre-

1460 3501 1664 3553 quenter
1684 3496 1848 3540 oscula
1869 3495 1964 3538 det.
2000 3493 2195 3552 Proprie
2218 3494 2370 3539 amori
2391 3495 2463 3554 in-

1460 3558 1636 3616 (haget,
1656 3559 1774 3603 dum
1797 3558 2056 3603 osculatur.

1526 3621 1637 3668 385.
1671 3634 1804 3681 seqq.
1841 3620 1954 3666 Fuit
1982 3628 2205 3666 matrona
2225 3624 2466 3681 quondam

1463 3686 1779 3741 nobilissima,
1792 3699 1903 3745 quae
1926 3686 2072 3738 Deos,
2092 3681 2220 3730 facto
2241 3687 2374 3745 prius
2394 3701 2466 3734 sa-

1463 3750 1659 3805 crificio,
1684 3747 1760 3811 (ut
1782 3749 1883 3795 voti
1905 3750 1981 3796 sui
2004 3750 2134 3795 tieret
2155 3749 2375 3811 compos)
2395 3765 2469 3797 ro-

1462 3822 1620 3872 garet,
1665 3827 1726 3859 an
1772 3814 1926 3859 Pollio
1970 3814 2282 3873 citharoeduS,
2329 3812 2468 3877 cujus

1462 3891 1627 3924 amore
1642 3879 1848 3935 arderet,
1861 3878 2107 3926 victoriam
2125 3886 2468 3926 consecuturus

1463 3949 1588 3987 esset
1608 3944 1658 3988 in
1680 3944 1949 3989 certamine
1973 3942 2257 4002 Capitolino.
2322 3942 2469 3988 Poeta

1462 4007 1588 4052 sorte
1608 4007 1858 4052 historiam
1882 4021 2060 4065 veram,
2079 4007 2215 4053 nobis
2231 4007 2474 4065 ignotam,

1464 4078 1721 4119 memorat.
1770 4072 2126 4123 Lamina-amm·
2149 4084 2193 4115 e.
2217 4071 2472 4118 nobilium.

1469 4149 1516 4181 v.
1533 4148 1639 4193 sup.
1657 4137 1717 4181 ad
1743 4135 1834 4182 IV.
1863 4136 1968 4181 154.
2004 4134 2206 4180 nominis
2221 4132 2325 4185 alti,
2347 4133 2471 4177 anti.

1466 4199 1569 4256 qui,
1587 4200 1636 4243 h.
1654 4213 1695 4243 e.
1714 4200 1886 4244 veteris
1903 4200 2099 4259 originis
2122 4211 2177 4242 ac
2194 4195 2470 4241 nobilitatis·

1468 4262 1542 4307 Cf.
1567 4262 1715 4307 VIII.
1733 4263 1811 4309 40.
1837 4262 1944 4309 131.
1967 4270 2015 4307 et
2040 4262 2208 4306 Heius.
2232 4260 2293 4303 ad
2324 4259 2470 4308 ovid.

1469 4324 1601 4373 Fast.
1626 4324 1721 4371 lv.
1785 4325 1898 4372 305.
1932 4327 2013 4372 ubi
2045 4321 2478 4383 etiamvingeniose
