2978 4920
583 284 711 357 296

1288 273 1956 345 JUVENALIS

667 474 823 539 Velo
851 489 1039 561 prora
1067 487 1220 530 suo:
1260 465 1395 550 jam
1424 462 1864 527 deficientibus
1891 461 2175 540 Austris,

669 578 827 663 Spes
854 573 1003 636 vitae
1032 590 1176 632 cum
1208 564 1336 633 sole
1363 562 1566 629 redit:
1614 576 1753 628 tum
1778 574 2007 649 gratus
2041 562 2213 641 Iule,

2582 566 2662 630 70

666 677 890 762 Atque
918 665 1226 736 novercali
1256 665 1435 731 sedes
1461 664 1730 751 pr'aelata
1760 664 2029 742 Lavim,

670 773 1075 864 Conspicitur
1103 769 1390 835 sublimis
1418 791 1606 854 apex,
1636 767 1739 832 cui
1769 766 2043 832 candida
2069 771 2299 833 nomen

673 877 890 943 Scrofa
918 873 1120 950 dedit,
1155 869 1347 951 (laetis
1377 867 1747 955 Phrygibus
1774 867 2061 933 mirabile
2093 873 2345 955 sumen)

670 980 762 1042 Et
789 994 1117 1061 nunquam
1144 970 1293 1035 visis
1322 969 1590 1056 triginta
1616 969 1786 1034 clara
1814 968 2125 1033 mamillis.

671 1078 964 1143 Tandem
992 1075 1187 1139 intrat
1222 1071 1460 1158 positas
1486 1071 1730 1137 inclusa
1755 1094 1870 1158 per
1900 1094 2159 1158 aequora
2188 1072 2406 1151 moles,

2586 1075 2670 1140 75

680 1180 1209 1267 Tyrrhenamque
1240 1176 1498 1240 Pharon
1525 1187 1943 1262 porrectaque
1972 1176 2236 1240 brachia
2262 1199 2544 1255 rursum,

672 1283 832 1359 Quae
859 1278 1085 1367 pelago
1111 1278 1463 1342 obcurrunt
1495 1276 1729 1353 medi0‚
1753 1276 2076 1363 longeque
2103 1275 2475 1363 relinquunt

677 1381 946 1448 Italiam.
992 1402 1119 1444 non
1147 1379 1237 1443 sic
1264 1378 1465 1464 igitur
1495 1378 1802 1442 mirabere
1831 1391 2080 1463 portuS,

673 1486 849 1562 Quos
876 1495 1105 1548 natura
1131 1480 1342 1546 dedit:
1390 1480 1505 1544 sed
1532 1491 1759 1545 trunca
1785 1501 2005 1566 puppe
2038 1480 2338 1586 magister

678 1584 990 1650 Interiora
1008 1581 1179 1670 ’petit
1210 1582 1466 1645 Baianae
1495 1579 1714 1668 pervia
1741 1580 1986 1666 cymbae

677 1685 842 1750 Tuti
873 1698 1096 1770 stagna
1127 1684 1317 1747 sinus.
1364 1682 1648 1768 gaudent
1678 1681 1767 1746 ibi
1797 1681 2028 1746 vertice
2058 1704 2199 1746 raso

594 1919 711 1976 nori,
734 1918 785 1967 in
814 1936 964 1980 prora,
996 1918 1122 1982 quod
1154 1918 1281 1965 dolon
1313 1887 1522 1972 uocatur,
1549 1924 1602 1964 ut

1652 1868 1930 1980 fundiquam
1962 1918 2069 1973 salo,
2090 1885 2200 1964 virolo
2229 1918 2411 1977 obiecto,
2434 1932 2574 1978 quam
2603 1933 2688 1978 quo

594 1983 748 2047 majus
788 1983 1003 2049 ἀρόμην,
1034 1992 1248 2036 artemon,
1284 1989 1332 2028 et
1371 1981 1498 2044 quod
1541 1980 1604 2028 ad
1668 1981 1868 2030 stabilius
1875 1981 2121 2045 fundaret,
2139 1995 2297 2028 navem
2325 1989 2433 2027 mtto
2461 1981 2687 2036 masis,

596 2046 792 2122 puppim
825 2055 914 2103 est,
937 2046 1052 2095 forte
1083 2048 1344 2106 epidromus.
1379 2061 1472 2101 suo,
1494 2044 1607 2119 quia
1667 2063 1757 2106 qua
1776 2061 1962 2109 magnus
1982 2046 2188 2093 obeliscus
2218 2061 2269 2120 eq:
2286 2044 2504 2120 ⁸AEgypto
2519 2042 2690 2107 fuerat

596 2128 649 2160 m
688 2126 822 2177 prora
857 2118 947 2167 est,
985 2109 1062 2158 vel
1099 2110 1305 2158 vestibus
1341 2110 1605 2173 obpomtur,
1669 2111 1893 2165 advectus,
1907 2111 2197 2185 congestisque
2203 2109 2317 2170 palu
2330 2110 2612 2169 superposuit
2620 2110 2688 2155 al·

597 2191 706 2252 quae
728 2175 909 2249 proprie
925 2189 1020 2286 rlron
1041 2174 1272 2285 muttiiela
1286 2172 1607 2286 nizizi-»geff-

558 2265 561 2266 ⁷
598 2242 772 2289 entzbm
794 2256 855 2296 vl,
878 2254 934 2288 ve
974 2253 1137 2287 cessan
1206 2254 1278 2287 us.
1501 2253 1609 2286 cum

601 2305 786 2354 delectu
828 2303 982 2371 positi,
1022 2311 1263 2366 tamquam
1304 2300 1431 2350 venti
1470 2301 1609 2351 vehe—

602 2368 851 2418 mentiores
869 2383 926 2416 ac
947 2375 1271 2432 tempestatem
1290 2366 1481 2415 cientes.

665 2434 874 2484 70—72.
888 2433 1002 2481 Tum
1010 2432 1475 2495 conspicitur-sublimis
1484 2447 1610 2492 aper,

604 2513 738 2548 mons
774 2499 1007 2552 Albanus,
1041 2507 1216 2562 gratus,
1254 2496 1470 2553 dilectus,
1510 2496 1614 2543 1qu

602 2578 643 2612 s.
681 2563 906 2619 Ascanio,
946 2564 1118 2611 AEueae
1154 2560 1267 2618 filio,
1309 2560 1484 2626 quippe
1516 2559 1626 2624 qui,-

601 2628 792 2677 condita
825 2627 875 2675 in
907 2642 965 2675 eo
999 2626 1130 2675 Alba
1162 2626 1342 2690 Longa,
1374 2628 1514 2674 xdem
1547 2625 1613 2673 ibi

603 2691 787 2758 imperii
819 2690 1097 2747 conlocavit,
1125 2697 1173 2739 et
1204 2690 1434 2747 Lavinire,
1457 2705 1613 2738 nover-

603 2774 667 2806 coe
686 2773 803 2812 suae,
822 2754 1050 2805 concessit
1078 2755 1333 2802 Lavinium.
1400 2755 1505 2802 Res
1530 2769 1612 2801 no-

606 2820 784 2871 tissima
801 2821 873 2869 vel
893 2836 952 2867 ex
970 2818 1074 2866 Liv.
1088 2818 1131 2866 1.
1153 2820 1196 2864 1.
1217 2826 1265 2866 et
1280 2821 1329 2867 3.
1347 2819 1483 2880 Virg.
1498 2819 1612 2866 AEn.

609 2887 655 2934 1.
675 2887 790 2934 267.
822 2900 955 2948 seqq.
989 2882 1069 2930 ubi
1100 2899 1147 2929 v.
1170 2883 1352 2947 Heyne.
1419 2884 1501 2930 71.
1524 2882 1619 2928 La·

608 2952 733 2998 vino.-
768 2965 877 2997 nam
908 2954 1086 2997 veteres
1117 2946 1261 2996 etiam
1292 2947 1517 2994 &vinum
1538 2961 1621 3011 pro

610 3014 859 3061 Lavinium
889 3011 1059 3060 dixisse
1096 3010 1328 3063 videntur.
1363 3027 1411 3059 v.
1452 3012 1622 3074 Heyne

615 3077 758 3125 obss.
782 3078 832 3125 in
855 3076 1031 3124 Tibull.
1062 3076 1134 3125 ΙΙ.
1157 3078 1205 3124 5.
1228 3076 1309 3126 49.
1331 3085 1379 3124 et
1399 3074 1461 3124 ad
1483 3075 1619 3138 Virg.

616 3141 734 3188 AEn.
754 3141 798 3188 I.
818 3143 871 3189 2.
918 3176 923 3179 Α
1372 3176 1377 3181 .

679 3205 888 3252 72-74.
919 3202 1079 3251 Etiam
1104 3203 1219 3251 boec
1251 3210 1363 3251 nota
1392 3218 1450 3251 ex
1483 3203 1620 3265 Virg.

616 3270 732 3319 AEn.
755 3267 856 3316 111.
878 3267 991 3314 388.
1013 3282 1111 3330 seq.
1135 3268 1287 3315 VIII.
1307 3268 1386 3315 42.
1412 3282 1512 3330 seq.
1542 3269 1621 3315 81.

615 3349 717 3399 seq.
743 3331 807 3380 ad
835 3347 944 3396 quae
970 3331 1074 3379 loca
1105 3348 1150 3380 v.
1182 3333 1365 3395 Heyne.
1402 3333 1496 3388 σιιί,
1531 3331 1619 3379 Al·

613 3398 740 3448 bano
772 3395 936 3451 monti,
969 3402 1025 3443 ut
1057 3402 1104 3443 et
1137 3395 1275 3445 Albae
1305 3398 1500 3459 Longae,
1543 3413 1620 3443 πο-

613 3480 713 3512 men
765 3464 886 3511 dedit
936 3462 1129 3509 candida
1174 3460 1335 3525 scrofa,
1377 3476 1457 3509 sus
1498 3461 1622 3509 alba.

618 3527 891 3592 Phrygibus,
926 3525 1033 3575 Iulo
1064 3534 1114 3575 et
1147 3525 1382 3590 Trojanis,
1415 3527 1532 3573 loete‘s
1562 3527 1622 3575 ob

617 3599 847 3656 repertam
886 3606 944 3641 ex
996 3591 1172 3640 oraculi
1347 3606 1430 3638 nso
1473 3604 1622 3639 suem.

614 3671 783 3710 sumen,
805 3670 900 3703 sus.
934 3655 1011 3704 cf.
1033 3654 1095 3703 ad
1127 3657 1219 3705 XI.
1245 3657 1352 3704 138.
1418 3656 1479 3702 In
1509 3654 1623 3703 MS.

618 3718 768 3766 Basil.
783 3718 953 3781 legitur
967 3736 1148 3777 numen,
1159 3720 1285 3784 quod
1295 3718 1507 3768 adridere
1520 3727 1622 3792 pot-

619 3790 718 3830 est:
752 3797 864 3831 nam
896 3799 1060 3831 ’tumen
1090 3783 1242 3849 poetis
1302 3800 1422 3848 ropr.
1454 3783 1627 3832 dicitur

623 3846 719 3898 Dei
747 3846 963 3895 voluntas
988 3846 1178 3911 ejusque
1210 3848 1261 3897 in
1299 3848 1453 3905 cium,
1473 3849 1624 3897 moni-

622 3917 720 3960 tum
740 3918 789 3960 et
809 3909 1068 3959 oraculum.

687 3978 768 4025 74.
790 3974 1018 4022 Μαηιίίἱω
1034 3975 1184 4024 facete
1203 3976 1357 4025 forsan
1376 3975 1630 4025 substituit

620 4049 761 4106 poeta
802 4055 886 4103 pro
925 4038 1091 4104 porcis,
1135 4049 1186 4088 ut
1234 4041 1298 4090 rei
1352 4039 1629 4090 miraculum

624 4113 887 4169 augeretur.
1493 4123 1500 4130 ⁶

687 4171 768 4220 75.
784 4185 881 4234 seq.
904 4167 1195 4219 Describitur
1207 4175 1367 4234 portus
1384 4167 1640 4225 Ostiensis,-

624 4235 685 4282 de
723 4250 817 4299 quo
849 4236 981 4283 Suet.
1016 4233 1185 4285 Claud.
1219 4250 1261 4283 c.
1294 4235 1376 4283 20.
1442 4235 1632 4283 Portum

628 4300 757 4348 Ostioe
788 4302 1018 4357 eutr-usit,
1049 4301 1353 4349 circumducto
1383 4301 1538 4353 dmm
1572 4303 1632 4349 si-

1674 2175 1882 2221 tissimam
1914 2183 2093 2229 turrim,
2129 2176 2177 2221 in
2214 2174 2461 2231 amplum
2491 2174 2687 2221 Ausan-

1672 2240 1798 2285 drini
1822 2238 1981 2293 Phari,
2004 2247 2059 2285 ut
2078 2239 2139 2285 ad
2169 2245 2406 2285 nocturnos
2438 2239 2566 2300 ignes
2585 2254 2689 2285 cur-

1674 2319 1771 2350 sum
1791 2319 1853 2350 na
1886 2303 1896 2313 '
1936 2304 1944 2313 '
2003 2305 2095 2349 diri
2125 2310 2266 2350 uerit.
2331 2300 2412 2349 Cf.
2434 2302 2612 2349 Burm.
2629 2302 2689 2350 ad

1676 2366 1889 2414 Valer.F
1914 2399 1928 2414 .
1947 2367 2068 2413 VII.
2124 2368 2170 2413 4.
2271 2398 2287 2414 .
2308 2367 2456 2422 moles,
2479 2364 2691 2429 ingentia

1676 2445 1808 2488 saxa,
1828 2429 1879 2479 in
1911 2445 2038 2479 mare
2061 2430 2209 2496 jacta,
2281 2437 2421 2494 teque
2452 2438 2690 2480 exstructa

1677 2495 1824 2544 instar
1856 2494 2052 2559 aggeris,
2091 2496 2263 2559 quibus
2302 2510 2414 2560 pars
2445 2496 2593 2551 maris
2622 2499 2690 2544 ia-

1678 2561 1802 2608 clusa
1812 2566 1861 2608 et
1871 2560 2064 2608 exclusa
2077 2576 2091 2618 ;
2117 2560 2480 2624 Tyrrhenamque
2493 2561 2689 2615 Pharon,

1676 2625 1841 2672 turrim
1891 2624 2142 2679 excelsam,
2183 2623 2234 2672 in
2273 2625 2393 2674 mari
2447 2625 2690 2689 Tyrrheno

1677 2688 1980 2737 aedificatam.
2014 2690 2211 2744 brachia,
2235 2696 2397 2753 portus
2427 2699 2591 2754 partes
2621 2690 2692 2738 vel

1678 2754 1825 2802 moles
1845 2752 2165 2818 prominentes
2198 2760 2262 2801 et·
2282 2753 2454 2802 dextra
2484 2754 2692 2802 sinistra-

1679 2832 1771 2881 que
1800 2826 2038 2878 porrectas,
2056 2824 2297 2883 protentas
2328 2818 2378 2866 in
2410 2833 2562 2876 mare,
2583 2835 2693 2865 rur-

1680 2898 1793 2937 sum,
1816 2888 1954 2936 retro,
1982 2882 2190 2945 (rursum
2221 2880 2347 2929 euim
2375 2897 2537 2947 propr.
2564 2883 2693 2947 quasi

1680 2946 1928 3008 revorsum)
1945 2946 1994 2993 h.
2008 2961 2052 2995 e.
2073 2945 2197 2993 ultra
2217 2945 2424 3003 Pharon,
2448 2947 2513 2996 ad
2534 2947 2690 2996 intmi·

1684 3018 1785 3059 tum
1804 3017 1965 3075 portus
1982 3017 2281 3058 exstructam.

1748 3076 1828 3123 77.
1847 3074 2133 3138 Magnitudo
2163 3082 2325 3138 portus
2344 3073 2585 3122 Ostiensis
2614 3075 2690 3122 de-

1683 3139 1911 3202 signatur.
1936 3140 2092 3203 pelago
2106 3140 2368 3194 obe-arrum,
2390 3138 2490 3185 alto
2509 3138 2632 3186 mari
2648 3139 2697 3186 iu

1684 3203 2229 3331 sessuram&
2250 3211 2307 3313 ἴ*
2327 3204 2575 3330 iiam&
2602 3203 2695 3316 ‘331'

1684 3350 1730 3381 v.
1776 3333 1963 3397 Heyne.
2027 3332 2087 3380 In
2126 3330 2286 3380 multis
2326 3330 2461 3379 libris
2497 3330 2695 3394 legitur:

1682 3398 1837 3461 pelago
1858 3405 2069 3453 currunt,
2090 3396 2216 3459 quod
2235 3395 2627 3461 interpretantur:
2649 3396 2697 3443 in

1688 3462 1838 3510 altum
1882 3468 2158 3525 procurrunt
2192 3474 2337 3508 mare.
2400 3459 2497 3508 Sed
2538 3459 2609 3509 ita
2649 3464 2695 3506 in

1687 3526 1764 3574 vel
1794 3542 1874 3587 pm·
1900 3526 2085 3592 pelagus
2106 3524 2360 3575 dicendum
2386 3531 2507 3572 erat.
2560 3526 2694 3572 relin-

1687 3600 1831 3654 quunt
1852 3590 2052 3646 Italiam,
2073 3589 2135 3639 ab
2155 3587 2258 3652 ejus
2278 3603 2362 3637 ora
2380 3587 2628 3637 recedunt.

1751 3656 1832 3704 78.
1853 3655 1932 3702 79.
1957 3655 2077 3702 Haec
2105 3653 2247 3702 verba
2279 3653 2503 3716 languere
2536 3652 2697 3702 viden-

1687 3725 1766 3768 tur
1778 3735 1792 3777 ;
1839 3717 1936 3766 -nisi
1972 3718 2089 3767 forte
2127 3717 2229 3766 haec
2269 3732 2428 3766 eorum
2466 3716 2702 3766 sententia

1688 3791 1785 3831 est:
1821 3782 1916 3831 Hic
1936 3791 2097 3848 portus
2118 3782 2350 3831 Ostiensis
2380 3782 2535 3830 multo
2563 3781 2699 3830 mira·

1687 3847 1842 3905 bilior,
1877 3862 2023 3911 quam
2056 3847 2308 3903 naturales,
2342 3845 2424 3909 qui
2457 3847 2637 3911 passim
2674 3861 2703 3894 a

1689 3912 1840 3976 poetis
1857 3911 2198 3969 describuntur,
2223 3909 2586 3960 admirationem
2605 3925 2702 3958 ma-

1691 3976 1778 4041 gis,
1798 3992 1942 4041 quam
1962 3975 2203 4026 veritatem
2226 3974 2536 4024 sectantibus.

1757 4043 1834 4092 79.
1868 4044 2092 4106 magister,
2125 4040 2422 4105 gubernator,
2446 4042 2561 4101 petit
2590 4042 2701 4086 inte·

1691 4108 1814 4154 riom
1834 4108 1924 4154 tuti
1941 4116 2100 4171 stagvoea
2111 4103 2312 4169 (aquas)
2329 4107 2472 4160 siam,
2493 4104 2543 4152 h.
2561 4117 2607 4152 e.
2626 4118 2702 4150 su-

1694 4170 1765 4218 bit
1784 4180 1970 4236 portum
1989 4171 2269 4226 interiorem,
2293 4168 2376 4217 ubi
2410 4183 2561 4217 naves
2591 4174 2701 4214 tutae

1696 4244 1806 4283 sunt
1836 4252 1865 4284 a
1898 4243 2173 4303 tempestate
2209 4243 2257 4284 et
2284 4232 2554 4296 naufragio,
2582 4230 2704 4305 uncle

1696 4301 1771 4351 vel
1808 4303 1972 4363 cymbae
2015 4301 2221 4356 Boione,
2257 4298 2389 4363 quali
2422 4304 2622 4347 utuntur
2655 4309 2704 4343 m
