2978 4920
1078 332 1524 397 SATIRA
1588 334 1723 397 IX.

2264 337 2387 401 :931

394 521 541 598 Dic,
572 540 806 606 passer,
837 511 940 583 cui
973 528 1068 583 tot
1096 531 1497 597 montes,'tot
1518 515 1768 607 praedia
1799 516 2009 585 servas

394 622 681 708 Appula,
713 620 1062 687 tot-‘milvos
1090 622 1260 685 intra
1287 635 1403 686 tua
1432 634 1668 709 pasc‘ua
1696 622 1887 687 lassos
1913 628 1938 686 ?
2313 627 2396 689 55

321 801 330 812 Ι
391 725 493 786 Te
526 723 882 787 Trifolinus
910 744 1061 809 ager
1088 722 1378 787 fecundis
1415 724 1656 789 vitibus
1683 724 1906 811 inplet,

287 808 908 913 ‘'“Siispectunique
924 828 1159 913 jugum
1192 828 1437 904 CumiS,
1469 839 1533 892 et
1567 829 1827 892 Gaurus
1855 829 2076 892 inanis.

391 930 556 992 Nam
588 929 733 1016 quis
761 928 951 1016 plura
980 929 1119 994 linit
1150 930 1402 1010 victuro
1431 928 1606 993 dolia
1633 934 1890 993 musto?

388 1033 714 1109 Quantum
744 1045 879 1097 erat
908 1031 1202 1097 exhausti
1232 1031 1483 1096 lumbos
1510 1032 1747 1096 donare
1775 1033 2019 1097 clientis

305 1165 314 1172 ·
388 1134 429 1198 J
436 1135 737 1220 ugeribus
765 1134 1030 1222 paucis?
1074 1134 1378 1198 meliusne
1407 1133 1517 1197 hic
1542 1134 1818 1199 rusticus
1846 1134 2073 1213 infanS‚

2306 1136 2390 1201 60

394 1238 558 1301 Cum
590 1251 791 1303 matre
820 1250 885 1302 et
915 1237 1143 1302 casulis
1171 1250 1235 1303 et
1265 1235 1596 1301 conlusore
1622 1237 1871 1316 catone,

398 1338 708 1425 Cymbala
736 1339 1056 1426 pulsantis·
1078 1339 1360 1426 legatum
1391 1340 1501 1404 fiet
1530 1339 1714 1403 amici
1738 1343 1764 1402 Ρ

389 1442 709 1527 Inprobus
737 1465 825 1520 eS‚
857 1462 1057 1528 quum
1075 1442 1315 1528 posci&
1333 1439 1454 1506 ais.
1488 1443 1600 1507 sed
1629 1445 1851 1529 pensio
1878 1443 2128 1521 elamat,

294 1590 393 1638 det.

294 1665 366 1702 tus
409 1656 628 1730 longaque
662 1659 873 1704 cathedra
915 1657 1310 1714 Munna-tractet,

293 1719 343 1768 h.
365 1735 411 1769 e.
436 1722 653 1769 manibus
674 1729 940 1787 pertractet,
959 1720 1207 1769 dulcedine
1231 1736 1310 1770 eo·

292 1800 396 1833 rum
465 1786 723 1851 taliumque
788 1786 1067 1836 deliciarum'
1126 1794 1309 1851 captus.

296 1849 498 1897 Munera
528 1862 707 1906 secreta,
729 1860 908 1900 secreto
941 1851 1098 1907 missa,
1119 1859 1168 1900 et
1201 1867 1305 1914 qnae

292 1920 387 1961 non
412 1914 557 1964 audet
576 1915 734 1980 palam
755 1917 1011 1972 ostendere,
1036 1911 1197 1981 utpote
1219 1931 1305 1980 pu-

292 1976 456 2027 denda
477 1983 527 2027 et
545 1980 807 2037 muliebria,
829 1997 934 2045 quae
954 1979 1044 2045 ipsi
1066 1989 1307 2045 tamquam

292 2042 483 2091 seminae
506 2060 535 2092 a
554 2044 728 2093 drauco
748 2046 891 2093 missa
911 2054 1035 2094 sunt.

294 2114 298 2120 '
358 2110 442 2156 54.
460 2124 557 2173 seq.
575 2110 606 2158 J
611 2125 688 2156 am
706 2117 863 2174 aperte
885 2110 1116 2158 Naevolus
1132 2109 1182 2157 in
1193 2108 1306 2157 Vir:

290 2177 457 2222 ronem
489 2173 565 2221 vel
593 2173 797 2222 cinaedos
829 2173 874 2221 ei
907 2173 1098 2229 similes,
1123 2189 1320 2222 eorum-'

290 2245 386 2301 que
409 2246 462 2285 et
494 2237 741 2285 avaritiam
772 2246 820 2285 et
851 2237 1109 2292 mollitiem,
1132 2238 1306 2284 debac-

290 2303 479 2350 chatur.
547 2303 705 2351 Passer
736 2302 904 2350 dicitur
927 2303 1066 2350 hoino
1086 2302 1241 2350 mollis
1260 2307 1309 2348 et

288 2366 531 2426 lascivus3
584 2382 695 2415 nam
735 2382 944 2432 passeres
986 2366 1035 2414 in
1073 2367 1307 2414 Venerem

291 2430 433 2496 proni
466 2447 523 2481 ae
555 2431 749 2487 salaeeS,
784 2430 908 2480 unde
939 2438 984 2478 et
1012 2434 1118 2479 esus
1150 2446 1308 2480 eorum

292 2495 357 2543 ad
381 2494 629 2544 libidinem
649 2496 856 2551 excitari,
874 2502 1127 2559 currusque
1149 2497 1307 2545 Vene-

288 2559 353 2609 ris
377 2561 439 2609 ab
463 2561 556 2608 illis
577 2561 698 2610 trahi
718 2561 1010 2610 credebatur.
1041 2564 1134 2617 cui,
1156 2560 1207 2608 in
1228 2576 1311 2609 cu-

283 2623 366 2689 jus
389 2626 592 2689 gratiam
622 2636 720 2675 tam
752 2641 922 2676 avarus
940 2641 991 2674 es
1014 2635 1061 2673 et
1093 2633 1162 2674 tot
1194 2641 1306 2690 opes

287 2689 523 2756 conligis?
563 2701 740 2749 montes,
764 2691 914 2741 vineis
944 2689 1162 2739 consitos.
1226 2694 1304 2739 55.

288 2756 488 2816 Appula,
532 2756 677 2820 epith.
719 2762 821 2805 orn.
863 2755 1083 2820 quoniam
1128 2754 1307 2820 Apulia

292 2818 578 2869 fertilissima
592 2821 743 2869 Italiae
761 2819 887 2884 regio
902 2820 1004 2868 fuit.
1026 2819 1104 2869 ef.
1126 2836 1229 2884 sup.
1243 2819 1305 2868 ad

290 2883 387 2933 IV.
406 2886 487 2932 27.
506 2893 569 2930 tot
585 2887 732 2934 milvos
743 2887 867 2933 intra
879 2895 960 2933 tua
977 2902 1141 2946 pascua
1158 2887 1301 2941 lassos,

288 2947 339 2995 h.
374 2963 419 2994 e.
450 2947 700 2999 latifundia
729 2957 828 2998 tam
860 2965 937 2997 am
970 2950 1033 3004 la,
1067 2958 1121 2998 ut
1159 2948 1304 2998 etiam

290 3011 427 3059 milvi
449 3028 509 3061 ea
527 3014 865 3062 transvolantes
884 3014 943 3063 de
963 3022 1189 3062 assentur.
1225 3013 1304 3063 Cf.

291 3076 425 3124 Pers.
447 3077 540 3126 IV.
562 3079 644 3126 26.

325 3148 330 3152 '
355 3143 437 3191 56.
462 3141 712 3207 Trifolinus
730 3158 838 3208 ager
858 3140 951 3190 dici
984 3149 1173 3206 putatur
1195 3158 1306 3205 ager

292 3203 476 3255 Trifolii
516 3222 624 3272 opp.
668 3213 752 3254 aut
791 3205 961 3254 montis
1010 3207 1304 3272 Campaniae,

290 3270 382 3326 vel,
428 3271 540 3336 quia
593 3270 733 3335 hujus
773 3269 958 3319 Trifolii
1000 3278 1136 3318 nemo
1175 3287 1305 3321 men-

291 3332 467 3383 tionem
488 3335 620 3392 facit,
645 3340 756 3400 ager
779 3336 1071 3400 Campanus,
1090 3338 1172 3400 qui
1194 3335 1305 3385 vina

292 3398 448 3448 tulerit
488 3404 549 3449 tri
574 3403 710 3457 olina,
756 3399 804 3448 h.
838 3416 881 3450 e.
920 3401 1054 3449 tertio
1090 3399 1303 3448 foliorum

293 3470 470 3525 exortu,
496 3482 526 3514 a
558 3481 706 3529 eoque
728 3465 865 3515 tertio
887 3479 1012 3513 anno
1045 3464 1107 3513 ad
1139 3464 1303 3513 biben-

295 3524 406 3576 dum
446 3537 542 3578 tem
576 3530 739 3580 estivo.
817 3529 997 3579 Vinum
1026 3529 1305 3577 Trifolinum

294 3589 494 3642 laudant
574 3595 701 3644 then.
729 3595 874 3643 Ῑ.21.
907 3595 1122 3643 Martial.
1155 3594 1305 3642 XIII.

299 3655 409 3706 113.
432 3665 480 3705 et
499 3659 623 3707 Plin.
644 3660 786 3709 XIV.
808 3660 856 3709 6.
880 3658 980 3708 ubi.
1005 3675 1049 3707 v.
1071 3658 1306 3708 Harduin.

360 3723 440 3770 57.
460 3722 712 3785 Suspectum
715 3726 889 3790 jugum
910 3725 1077 3780 Cumis,
1095 3731 1149 3771 ut
1165 3725 1308 3788 vulgo

295 3791 478 3846 putant,
522 3788 765 3837 Misenum
795 3804 945 3854 prom.
976 3787 1143 3838 Cumis
1168 3788 1307 3837 imni-r

296 3862 412 3898 nens
443 3860 494 3902 et
523 3852 701 3902 ruituro
732 3853 900 3903 simile.
966 3854 1073 3903 Hoc
1094 3862 1254 3902 tamen
1277 3869 1307 3901 a

296 3911 459 3985 Qumis
479 3917 629 3967 tribus
649 3917 832 3967 circiter
853 3917 1061 3967 millibus
1081 3933 1307 3984 passuum

294 3974 451 4035 distat,-
477 3997 582 4038 nec,
605 3983 733 4048 quod
762 3982 923 4041 sciam,
945 3982 1180 4032 vitiferum
1200 3982 1304 4040 fuit,

295 4049 346 4088 ut
380 4059 468 4094 nec.
498 4062 633 4096 mons
666 4048 729 4096 ad
765 4048 960 4104 Cumas,
982 4056 1030 4096 et
1060 4048 1170 4096 huic
1202 4046 1320 4096 urbi—

295 4102 540 4217 iltitgminens,
574 4112 635 4161 de
663 4127 756 4177 qno
791 4120 848 4187 v.
870 4113 1041 4177 Heyne
1076 4113 1137 4161 ad
1171 4112 1307 4176 Virg.

298 4177 721 4309 .1g†.¹‚{fi{'};.²32-1⁸‚‘5‘}1
740 4179 1000 4298 &33:233ss
1013 4178 1311 4306 {3303}ssss

300 4301 487 4362 quidem
508 4304 653 4355 etiam
674 4305 862 4355 Miseno
889 4306 1032 4355 distat
1062 4323 1093 4356 a
1126 4306 1311 4362 Cumis,

303 4364 384 4412 sed
416 4368 595 4421 cineres
626 4378 725 4421 tam
756 4370 856 4420 late*
886 4371 1077 4436 spargit,
1113 4380 1165 4420 ut
1201 4370 1311 4420 huic

464 1590 735 1640 Praestiterit
753 1599 939 1640 tamen:
971 1600 1025 1640 ut
1041 1601 1182 1640 strata
1200 1594 1313 1652 posi-

1379 1608 1566 1657 quoque
1590 1592 1692 1640 urbi
1715 1602 1935 1654 simpectas
1960 1592 2111 1640 vocari
2195 1594 2293 1642 ssit.
2316 1595 2387 1657 (v.

1378 1657 1694 1722 Intp.·Valer.
1716 1658 1793 1706 ΓΙ.
1825 1659 1898 1705 11.
1932 1657 2045 1706 620.
2081 1660 2138 1707 n
2161 1693 2173 1705 .
2196 1660 2307 1707 509.
2340 1668 2389 1709 et

1376 1722 1460 1769 Sil.
1476 1722 1647 1770 XVII.
1662 1723 1774 1772 592.
1787 1723 1912 1785 seq.)
1938 1721 2073 1771 Idem
2085 1722 2389 1787 pulcerrimus

1374 1786 1584 1835 omnium
1624 1786 1897 1851 Campaniae
1936 1788 2180 1842 montium,
2216 1787 2390 1836 vitibus

1374 1851 1667 1904 amictorum,
1692 1850 1860 1899 dieitur
1893 1852 2014 1899 Flor.
2042 1853 2081 1899 l.
2118 1852 2194 1900 16.
2226 1854 2274 1902 5.
2310 1852 2387 1902 Cf.

1373 1916 1507 1980 Virg.
1532 1917 1623 1966 Ge.
1648 1917 1719 1964 ΙΙ.
1741 1918 1854 1965 224.
1885 1917 2099 1964 Martial.
2124 1918 2214 1965 IV.
2238 1917 2319 1964 43.
2341 1925 2390 1968 et

1373 1980 1435 2028 al.
1505 1981 1690 2029 Gaurus
1734 1981 2009 2045 Campaniae
2054 1997 2203 2038 mons,
2248 1981 2387 2045 (hod.

1373 2045 1529 2094 Monte
1557 2045 1781 2109 Bar-baro)
1802 2044 1920 2093 inter
1954 2047 2175 2094 Puteolos
2208 2053 2256 2093 et
2290 2048 2385 2095 Lu-

1368 2110 1551 2158 crinum
1571 2111 1905 2173 Avernumque
1937 2110 2112 2167 lacum,
2135 2110 2230 2158 vini
2263 2109 2383 2159 fera-

1369 2173 1596 2222 cissimus.
1619 2191 1664 2221 v.
1686 2174 1812 2222 Plin.
1835 2176 1977 2224 XIV.
1999 2177 2045 2223 3.
2069 2184 2117 2225 et
2138 2177 2186 2223 6.
2221 2178 2383 2228 inanis.

1370 2237 1542 2312 viduus
1595 2238 1835 2286 arboribus
1885 2238 2150 2304 vitibusque
2198 2247 2382 2287 tantum

1371 2311 1594 2350 consituS.
2223 2321 2227 2327 ·

1435 2369 1517 2415 58.
1551 2367 1672 2414 Nam
1704 2368 1801 2428 quis
1835 2367 1987 2425 plura,
2022 2382 2166 2431 quam
2197 2376 2267 2423 tu,
2304 2370 2383 2417 do-

1372 2430 1437 2477 lia
1468 2431 1566 2480 vini
1599 2430 1812 2480 recondit
1842 2430 1891 2477 in
1923 2428 2076 2479 cella‘!
2108 2431 2213 2495 quis
2244 2434 2382 2499 plura

1372 2495 1579 2560 possidet
1610 2496 1784 2550 vineta,
1815 2502 1863 2543 et
1894 2503 2052 2544 tamen
2084 2504 2183 2544 tam
2217 2512 2385 2554 avarus

1372 2568 1458 2616 est,
1498 2568 1553 2609 ut
1591 2576 1651 2609 ne
1689 2559 1953 2616 clientibus,
1991 2560 2155 2623 quales
2189 2576 2272 2608 nos
2303 2578 2382 2609 su-

1369 2640 1493 2692 mus2
1527 2622 1772 2688 vini,quid
1805 2623 1919 2671 det‘!
1961 2626 2097 2679 dolia,
2130 2623 2290 2679 cados,
2325 2628 2382 2674 li·

1369 2692 1457 2745 nit,
1492 2704 1651 2738 eorum
1685 2688 1904 2737 corticem
1937 2687 2058 2753 pice,
2089 2689 2165 2736 vel
2197 2704 2311 2745 cera⁸
2335 2698 2384 2738 et

1369 2769 1518 2819 gypso
1550 2752 1734 2809 oblinit,
1755 2765 1898 2801 musto
1926 2756 2115 2809 victuro,
2140 2751 2264 2817 (dat.
2332 2771 2382 2804 ro

1370 2818 1547 2882 genit.)
1586 2827 1640 2867 ut
1690 2818 1862 2867 multos
1901 2833 2049 2866 annos
2086 2817 2238 2867 duret.
2276 2876 2283 2881 ,
2356 2835 2383 2870 e

1368 2892 1604 2933 vetustate
1645 2883 1759 2941 vini,
1798 2882 1992 2956 ejusque
2030 2881 2281 2937 condendi,
2323 2882 2383 2931 li·

1368 2948 1514 2997 nendi
1544 2957 1592 3000 et
1623 2946 1931 2997 conservandi
1962 2947 2141 2996 ratione
2174 2965 2221 2996 v.
2251 2948 2384 3014 Intp.

1369 3013 1538 3062 Horat.
1552 3013 1648 3063 Od.
1661 3014 1704 3063 Ι.
1716 3015 1854 3062 202.
1868 3013 1916 3061 3.
1928 3020 1977 3061 et
1988 3013 2146 3060 11L8.
2164 3015 2238 3061 10.
2251 3027 2385 3076 seqq.

1432 3079 1515 3126 59.
1539 3078 1771 3132 Quantum
1802 3087 1915 3134 erat,
1939 3077 2170 3141 quantula
2201 3093 2275 3126 res
2307 3077 2380 3125 fu-

1368 3140 1494 3191 isset.
1535 3144 1733 3191 exhausti
1754 3143 1958 3199 Venere,
1978 3150 2030 3189 ut
2051 3142 2145 3191 fere
2165 3144 2381 3191 exsorbere

1367 3209 1482 3319 vivios
1517 3205 1602 3256 inf.
1638 3209 1699 3256 X.
1735 3209 1845 3255 223.
1881 3209 2059 3263 lumbos,
2096 3223 2143 3256 v.
2173 3222 2278 3272 sup.
2317 3206 2380 3255 ad

1434 3336 1796 3386 60—62.·Num
1820 3337 1907 3392 hic,
1929 3335 1980 3384 in
2008 3334 2250 3400 jugeribus
2271 3334 2381 3391 tuis,

1366 3404 1560 3450 rusticus
1574 3402 1727 3467 infans
1746 3419 1848 3448 cum
1869 3411 2011 3447 matre
2027 3408 2117 3447 cet.
2137 3399 2185 3445 h.
2203 3414 2245 3446 e.
2268 3413 2384 3446 num

1361 3463 1582 3527 jugerum
1602 3474 1735 3513 tuum
1755 3467 1910 3512 melius
1922 3465 2118 3527 legatum
2125 3462 2213 3524 fiet
2231 3464 2381 3519 amici,

1369 3536 1646 3578 testamento
1665 3529 1820 3595 potius
1854 3545 1879 3576 a
1914 3535 1961 3575 te
1981 3526 2212 3591 legabitur
2232 3526 2382 3577 amico

1370 3601 1451 3641 tuo
1483 3595 1684 3653 cymbala
1715 3595 1928 3653 pulsan-ti,
1951 3592 2002 3640 h.
2022 3607 2066 3640 e.
2103 3591 2268 3651 Gallo,
2293 3592 2384 3657 (cf.

1371 3659 1465 3705 VI.
1487 3659 1596 3708 515.
1629 3666 1676 3706 et
1710 3657 1862 3706 VIII.
1899 3656 2144 3718 176.)-ve1
2176 3657 2381 3721 pathico,

1373 3722 1532 3771 Gallis
1563 3721 1721 3777 simili,
1743 3737 1886 3785 quam
1919 3721 2034 3769 mihi
2062 3722 2237 3770 drauco
2267 3737 2386 3788 pau-

1371 3787 1564 3854 perique
1587 3786 1746 3836 clienti
1767 3796 1864 3842 tuo,
1887 3785 1967 3850 qui
1989 3785 2173 3835 libidini
2194 3793 2289 3835 tnae
2310 3802 2383 3834 sa-

1373 3852 1572 3907 tisfacio,
1595 3868 1691 3901 nec>
1713 3851 1862 3918 patior
1895 3850 2156 3907 muliebria,
2179 3851 2262 3901 sed
2283 3866 2385 3899 ma·

1369 3916 1444 3966 riti
1464 3917 1564 3966 vice
1583 3917 1779 3982 fungor!
1815 3918 2008 3966 rusticus
2029 3917 2197 3983 infans,
2219 3930 2379 3969 verna,

1370 3999 1472 4031 oum
1506 3992 1662 4041 matre,
1687 3982 1877 4038 ancilla,
1903 3990 1951 4031 et
1983 3984 2160 4038 casulis,
2183 3978 2381 4044 mapali-

1369 4047 1460 4102 bus
1479 4056 1531 4096 vet
1552 4047 1754 4112 attegiis.
2244 4094 2251 4099 .

1436 4113 1519 4162 63.
1564 4114 1796 4175 Inprobus,
1846 4111 2096 4177 inpudens,
2149 4125 2208 4163 es,
2251 4122 2388 4168 quum

1372 4180 1522 4237 poscis,
1557 4178 1836 4244 inpudenter
1867 4176 2094 4241 postulas,
2115 4172 2201 4219 vel.
2223 4178 2385 4243 postu-

1373 4241 1473 4290 lare
1495 4243 1647 4291 soles.
1700 4244 1795 4290 Pro
1816 4242 1882 4288 ais
1904 4238 2054 4300 ⁴vulgo
2075 4236 2199 4286 male
2218 4234 2390 4296 legitur

1375 4308 1441 4353 ait
1468 4306 1571 4356 scil.
1594 4306 1732 4356 Virro
1765 4322 1804 4352 s·
1836 4303 2076 4353 cinaedus..
2129 4300 2223 4353 Sed,
2242 4300 2391 4358 pensio

1378 4372 1538 4419 clamat
1561 4380 1654 4419 cet.
1672 4368 1906 4433 responsio
1925 4364 2129 4419 Naevoli,
2149 4363 2393 4428 inportune
