2978 4920
588 321 718 388 268

674 510 892 586 Quum
925 503 1213 571 stimulos
1241 501 1390 567 odio
1417 501 1630 589 pudor
1658 501 1973 566 admovet.

677 606 1090 674 Suadendum
1120 628 1253 670 esse
1282 616 1497 691 pute8‚
1530 604 1635 668 cui
1665 604 1906 669 nubere
1938 603 2208 667 Caesaris
2236 624 2404 667 uxor

1298 316 1988 383 JUVENALIS

2063 500 2257 586 Elige
2287 499 2596 587 quidnam

2555 605 2695 668 330

673 711 1020 775 Destinat?
1068 707 1368 793 Optimus
1395 705 1500 769 hic
1529 717 1593 769 et
1623 704 2113 769 formosissimus
2141 703 2311 768 idem

679 811 907 875 Gentis
934 807 1216 896 patricioe
1243 806 1497 894 rapitur
1523 806 1713 871 miser
1740 804 2244 891 exstinguendus

678 910 1039 975 Messalinoe
1067 908 1302 973 oculis:
1350 907 1601 971 dudum
1635 907 1809 971 sedet
1838 907 1950 970 illa
1976 918 2203 993 parato

678 1010 1089 1086 Flammedo,
1122 1008 1493 1095 Tyriusque
1523 1006 1733 1094 palam
1762 1006 2027 1092 genialis
2054 1006 2121 1070 in
2149 1006 2356 1069 hortis

672 1114 1012 1189 Sternitur,
1042 1122 1106 1175 et
1134 1111 1269 1176 ritu
1299 1109 1506 1174 decies
1536 1120 1799 1173 centena
1828 1109 2159 1175 dabuntur

2562 1112 2696 1175 335

674 1216 1004 1301 Antiquo:
1052 1213 1260 1277 veniet
1293 1234 1441 1276 cum
1471 1210 1910 1298 signatoribus,
1926 1233 2187 1297 auspex.

675 1319 839 1382 Haec
867 1328 942 1381 tu
973 1328 1210 1381 secreta
1242 1328 1306 1381 et
1340 1314 1564 1401 paucis
1593 1312 1921 1378 commissa
1948 1313 2273 1400 putabas?

673 1422 845 1498 Non,
875 1420 995 1485 nisi
1025 1419 1329 1505 legitime,
1359 1417 1503 1482 vult
1531 1416 1791 1481 nubere.
1838 1414 1999 1502 quid
2022 1414 2300 1501 placeat,
2331 1415 2474 1480 dic:

678 1521 767 1584 Ni
797 1543 1018 1607 parere
1049 1519 1224 1597 velis,
1254 1517 1654 1606 pereundum
1682 1516 1803 1581 erit
1833 1527 1980 1582 ante
2009 1515 2338 1594 lucernas:

684 1622 753 1685 Si
784 1621 984 1685 scelus
1013 1620 1334 1697 admittaS,
1365 1617 1628 1683 dabitur
1656 1639 1835 1681 mora
1859 1616 2152 1703 parvula,
2182 1617 2341 1680 dum
2368 1639 2470 1681 res
2560 1620 2693 1683 340

596 1766 812 1816 rendum.
901 1769 1067 1818 Genus
1104 1765 1329 1831 loquendi
1379 1782 1409 1814 a
1456 1766 1608 1820 leone,

595 1832 678 1906 qui
700 1831 846 1880 iratus
873 1848 924 1881 se
956 1831 1154 1880 caudam
1190 1847 1250 1880 ue
1282 1830 1505 1885 concutit,
1526 1846 1605 1895 pe-

596 1903 735 1945 titum
769 1895 968 1952 videtur,
1005 1912 1099 1944 non
1131 1910 1161 1943 a
1204 1895 1510 1951 nemoribus,
1531 1895 1613 1958 qui

601 1960 821 2009 certaturi
856 1976 1024 2008 manus
1056 1958 1358 2009 concutiunt:
1393 1958 1483 2006 nisi
1511 1974 1611 2006 rna·

598 2024 688 2072 lis:
739 2041 988 2072 concussere
1019 2041 1078 2080 se,
1115 2022 1322 2071 animum
1423 2022 1615 2080 ‘tamnu

598 2087 858 2136 vindictam
909 2102 1065 2137 secum
1120 2087 1276 2135 animo
1328 2102 1386 2135 vo
1406 2095 1617 2137 utar-unt.

604 2152 681 2201 Cf.
694 2152 830 2215 Virg.
849 2153 963 2199 AEn.
983 2152 1103 2200 VII.
1123 2153 1233 2200 338.
1252 2150 1409 2214 ibique
1430 2152 1618 2217 Heyne.

605 2215 698 2265 Sed
721 2214 840 2265 illud
863 2216 1017 2281 aptius
1035 2215 1329 2280 graviusque.

669 2282 782 2329 329.
820 2281 970 2334 Quum
1178 2281 1242 2330 ob
1278 2295 1377 2328 rem
1414 2287 1616 2345 turpem,

605 2345 795 2408 qualem
815 2344 1160 2394 meditabantur
1181 2345 1384 2393 Phaedra
1411 2353 1460 2393 et
1481 2345 1617 2393 Sthe-

605 2409 796 2466 neboea‚
816 2412 1011 2459 stimulos
1031 2414 1229 2459 admovet
1262 2412 1375 2467 odio,
1399 2408 1623 2458 adcendit

605 2473 767 2524 odium
800 2480 849 2522 et
880 2477 1016 2524 iram.
1082 2476 1249 2525 Genus
1281 2474 1505 2538 loquendi
1537 2491 1621 2524 no-

605 2545 709 2589 tum
752 2539 1041 2605 ductumque
1085 2554 1114 2589 a
1155 2540 1348 2595 stimulo,
1382 2538 1545 2606 nive-gn·
1584 2555 1623 2589 8.

606 2605 865 2673 αινςυτῖίςι,
887 2620 980 2668 quo
1000 2603 1109 2679 equi
1130 2613 1210 2652 aut
1243 2604 1388 2652 boves
1420 2613 1625 2652 aratores

607 2670 756 2735 pungi
793 2677 840 2718 et
878 2669 1064 2718 incitari
1097 2669 1328 2724 solebant,
1357 2667 1485 2717 unde
1518 2683 1624 2734 pro-

607 2735 738 2782 verb.
762 2733 865 2800 τρὶς
899 2733 1060 2802 nive-ga
1091 2733 1341 2794 λακτίζειν,
1365 2740 1413 2782 et
1445 2751 1622 2800 xtvrgn·

615 2798 747 2852 nain
763 2798 912 2847 ἵστω.

675 2864 951 2911 329—345.
972 2861 1342 2911 Pulcritudinem
1363 2875 1463 2910 esse
1494 2860 1627 2908 noxi-

616 2941 710 2983 am,
743 2928 967 3001 probatur
998 2926 1143 2974 etiam
1175 2925 1389 2990 exemplo
1421 2925 1481 2974 C.
1505 2924 1626 2981 Silii,

607 2989 794 3052 juvenis
814 2989 1130 3039 formosissimi
1161 2998 1211 3039 et
1237 2988 1441 3038 consulis
1473 2987 1627 3054 desig-

615 3054 731 3108 nati,
755 3055 833 3103 cui
863 3054 1144 3111 Messalina,
1167 3053 1357 3103 Claudii
1390 3054 1516 3118 Imp.
1539 3070 1626 3102 ux·

613 3131 681 3171 or,
706 3116 870 3166 insano
892 3133 1048 3167 amore
1080 3126 1236 3183 capta,
1259 3119 1418 3183 palam
1451 3117 1626 3182 nupsit,

616 3181 810 3230 absente
829 3182 996 3230 marito
1020 3182 1298 3246 Ostiamque
1324 3182 1531 3248 profecto
1550 3197 1627 3231 sa·

616 3244 779 3294 crificii
801 3260 959 3301 causa,
978 3261 1087 3309 quae
1107 3254 1155 3295 et
1172 3246 1261 3311 ipsi
1282 3254 1331 3296 et
1351 3247 1466 3295 Silio
1484 3262 1630 3297 causa

618 3309 748 3358 exitii
779 3308 884 3358 fuit.
915 3326 962 3358 v.
994 3311 1111 3359 Tac.
1130 3310 1262 3358 Anu.
1297 3311 1388 3358 XI.
1423 3313 1467 3360 5.
1507 3313 1632 3359 12-

615 3376 696 3423 38.
784 3375 930 3440 Elige,
969 3373 1064 3431 dic,
1105 3377 1315 3438 quidnam
1356 3378 1632 3423 suadendum

617 3454 702 3489 esse
730 3448 859 3500 putes
891 3437 1325 3504 silim-precibusne
1357 3439 1632 3488 Messalinae

617 3505 900 3568 obsequatur
952 3518 1150 3568 eamque
1214 3519 1405 3553 uxorem
1469 3503 1629 3560 ducat,

620 3581 707 3615 nec
746 3570 837 3616 nel
872 3568 922 3617 Si
955 3568 1158 3626 duxerit,
1181 3568 1442 3633 periculum
1473 3569 1635 3618 mortis

623 3631 923 3681 metuendum
954 3649 984 3681 a
1012 3634 1247 3694 Claudio;
1281 3633 1322 3682 si
1348 3633 1580 3689 abnuerit,
1606 3650 1635 3682 a

623 3694 902 3745 Messalina.
968 3697 1189 3747 Conditio
1217 3698 1378 3762 itaque
1413 3697 1517 3762 ejus
1547 3698 1635 3746 rni-

624 3758 818 3831 serrima
848 3759 950 3814 fuit,
983 3769 1253 3827 certumque
1286 3771 1334 3811 et
1366 3761 1637 3812 inevitabile

623 3830 834 3869 exitium.

688 3886 800 3933 332.
825 3888 1004 3947 rapitur
1033 3887 1175 3937 Silius
1195 3890 1449 3939 Messalino?
1480 3893 1634 3948 ocutis,

625 3964 783 4000 amore
824 3949 1109 4006 ardentibus,
1153 3952 1200 3999 h.
1243 3969 1286 4002 e.
1328 3970 1485 4003 amore
1537 3955 1638 4019 ejus

625 4013 864 4062 detinetur
895 4028 950 4062 ac
984 4014 1260 4073 devincitur,
1281 4021 1635 4082 exstinguendus,

623 4087 681 4127 ut
706 4085 890 4145 pereat:
926 4092 1034 4125 nam
1069 4080 1192 4128 oculi
1223 4080 1299 4129 vel
1331 4082 1475 4130 facies
1509 4083 1637 4132 aliae-

626 4158 719 4206 que
748 4152 903 4209 partes
934 4143 1134 4209 corporis
1165 4144 1337 4209 pulcrae
1370 4145 1634 4211 adspicien-

626 4214 722 4256 tem
744 4225 912 4267 capere,
934 4224 1102 4271 rapere,
1122 4210 1202 4256 sibi
1230 4211 1451 4271 &abripere
1482 4219 1532 4258 et
1563 4229 1635 4260 ve-

630 4275 733 4319 nari
755 4272 989 4323 dicuntur.

692 4338 965 4389 333—336.
1018 4338 1359 4390 Describuntur
1423 4339 1634 4391 solennia

1674 1762 2254 1877 ssffissmffffffi
2275 1763 2693 1878 ⁶3⁷S³¹³22132⁶32¹5

1676 1897 1810 1941 meoto
1828 1893 1952 1949 velo,
1975 1909 2024 1942 v.
2045 1892 2107 1940 ad
2130 1893 2203 1941 II.
2228 1894 2342 1942 124.
2377 1892 2562 1956 Tyrius,
2586 1910 2700 1959 pur-

1675 1973 1865 2023 pureus,
1913 1958 2115 2006 Genialis
2161 1973 2230 2005 sc.
2272 1958 2441 2012 lectus,
2489 1973 2699 2024 purpura

1680 2030 1867 2071 stratus.
1891 2038 1938 2071 v.
1959 2036 2063 2087 sup.
2086 2020 2149 2069 ad
2164 2021 2258 2069 VI.
2277 2023 2358 2069 22.
2379 2024 2430 2069 in
2447 2023 2590 2071 hortis
2605 2025 2702 2073 Lu-

1681 2085 1915 2142 cullianis,
1939 2085 2000 2133 de
2032 2085 2202 2148 quibus
2233 2102 2281 2134 v.
2312 2085 2472 2135 Tacit.
2505 2086 2704 2152 ejusque

1681 2279 1760 2328 tiis
1780 2277 2235 2354 demum-celebratis
2253 2277 2306 2325 in
2325 2279 2485 2327 hortos
2502 2279 2625 2355 illos·
2666 2282 2701 2319 '-

1683 2342 2704 2459 5253&ssssssssssssssssssssssssss

1685 2472 1761 2521 riti
1787 2473 2084 2538 Imperatoris
2104 2481 2265 2537 stupor
2292 2480 2517 2523 notantur
2548 2476 2707 2525 verbis

1683 2539 1833 2598 palam
1867 2544 1916 2586 et
1946 2541 1996 2585 in
2015 2539 2165 2586 honis.
2219 2536 2298 2587 Cf.
2314 2538 2432 2587 Tac.
2457 2538 2592 2588 Ann.
2613 2542 2708 2590 XI.

1688 2602 1797 2664 27.)
1862 2603 1974 2653 335.
1991 2619 2039 2651 v.
2062 2601 2125 2651 ad
2145 2603 2191 2651 V
2226 2635 2240 2650 .
2263 2603 2375 2651 137.

1753 2666 1866 2715 336.
1886 2667 2062 2728 Auspex
2085 2664 2397 2716 adhibebatur
2423 2665 2477 2713 in
2509 2668 2707 2733 nuptiis„

1689 2736 1744 2778 ut
1776 2730 2099 2779 auctoritatem
2132 2730 2192 2778 iis
2226 2729 2377 2780 daret.
2409 2731 2487 2796 (v.
2523 2734 2712 2782 Ernesti

1688 2794 1810 2843 clav.
1834 2794 1938 2843 Cic.
1961 2803 2009 2845 et
2039 2796 2154 2843 Tac.
2174 2794 2305 2844 Anu.
2338 2795 2434 2869 Xl.
2466 2797 2584 2860 27.)
2610 2815 2711 2846 cum

1690 2868 1896 2996 Εῗιῖἷῖᾎ
1889 2862 1983 2973 ‘53'
1999 2859 2291 2989 {taum
2313 2857 2584 2988 ‘ffizfflu
2608 2870 2712 2975 1¹:21

1693 2986 1824 3035 dium
1845 2988 1989 3036 fuisse
2019 2986 2213 3053 quidam
2244 2994 2491 3054 putarunt.
2511 3006 2557 3039 v.
2580 2992 2714 3040 Suet.

1693 3052 1867 3102 Claud.
1888 3068 1931 3101 c.
1950 3052 2033 3102 26.

1756 3118 1868 3166 387.
1901 3132 2033 3181 seqq.
2068 3117 2218 3165 Poeta
2249 3116 2403 3182 ipsum
2437 3117 2714 3184 adloquitur

1693 3179 1878 3229 Silium.
1946 3181 2034 3236 Tu,
2053 3181 2097 3230 O
2123 3181 2226 3238 Sili,
2240 3183 2428 3242 putabas
2448 3184 2585 3240 sorte,
2609 3184 2715 3232 haec

1692 3244 1817 3293 clam
1852 3244 2054 3295 Claudio
2088 3245 2213 3311 Imp.
2250 3245 2407 3295 futura
2442 3261 2575 3296 esse:
2628 3248 2717 3297 sed

1695 3309 1973 3366 Messalina,
1999 3325 2093 3359 non
2122 3317 2342 3358 contenta
2361 3310 2547 3360 furtivis
2574 3312 2714 3361 adul·

1696 3374 1823 3422 teriis
1865 3382 1913 3423 et
1952 3389 2114 3423 secura
2152 3374 2214 3422 ob
2254 3382 2493 3450 stuporem
2535 3377 2720 3436 mariti,

1695 3438 1855 3502 palam
1874 3454 1931 3488 ac
1955 3440 2163 3504 legitime,
2182 3438 2403 3488 adhibitis
2423 3439 2528 3488 scil.
2551 3441 2716 3506 signa-

1697 3502 1874 3552 toribus
1914 3502 2177 3552 tabularum
2219 3502 2356 3560 dotis,
2392 3504 2587 3570 auspice
2620 3514 2712 3555 cet.

1690 3566 1821 3631 justa
1841 3575 1890 3618 et
1909 3576 2081 3616 cuncta
2099 3567 2366 3633 nuptiarum
2390 3568 2606 3623 solennia
2638 3586 2715 3619 ce·

1699 3632 1880 3681 lebrare
1918 3632 2066 3682 voluit
2108 3646 2164 3681 ac
2205 3632 2479 3681 celebravit.
2544 3633 2719 3700 Itaque

1698 3699 1787 3752 dic,
1822 3700 1930 3760 quid
1971 3698 2143 3758 placeat
2177 3695 2281 3754 tibi,
2322 3697 2617 3748 ducturusne
2655 3699 2722 3747 sis

1699 3762 2013 3810 Messalinam
2044 3775 2250 3817 uxorem,
2274 3777 2362 3810 nec
2383 3765 2478 3810 ne‘!
2514 3762 2620 3811 Nisi
2633 3780 2718 3826 pa-

1699 3841 1798 3873 rere
1832 3828 1939 3874 velis
1973 3833 2021 3874 et
2054 3825 2248 3889 obsequi
2278 3826 2444 3876 insano
2477 3828 2629 3876 amori
2660 3843 2724 3876 ae

1701 3890 1932 3938 voluntati
1949 3889 2240 3946 Messalinae,
2263 3905 2371 3954 quae
2391 3890 2554 3957 palam
2578 3899 2630 3940 et
2648 3892 2721 3940 le-

1700 3953 1861 4018 gitime
1879 3955 1986 4004 vult
2019 3956 2210 4011 nubere,
2231 3958 2509 4016 pereundum
2527 3955 2616 4004 tibi
2654 3966 2722 4004 est

1700 4029 1805 4067 ante
1858 4020 2077 4076 lucernas,
2121 4018 2412 4082 λυχναψίαν,
2458 4027 2723 4085 antequam

1702 4083 1904 4132 adcendi
1924 4085 2076 4132 solent
2095 4085 2316 4139 lucernae,
2339 4083 2388 4132 h.
2408 4099 2452 4132 e.
2474 4091 2586 4134 ante
2610 4100 2719 4133 νω-

1699 4163 1875 4211 peram,
1899 4148 2158 4204 confestim,
2175 4147 2309 4211 jussu
2329 4149 2461 4211 iratae⁵
2495 4148 2687 4198 semina
2706 4167 2722 4194 ε

1699 4214 1736 4258 si
1758 4220 1914 4261 autem
1934 4215 2072 4261 scelus
2090 4215 2312 4267 admittas,
2330 4213 2492 4277 palam
2515 4229 2573 4261 ac
2596 4213 2727 4277 legi·

1699 4276 1812 4325 time
1833 4292 1937 4324 eam
1965 4276 2152 4326 duxeris
2182 4293 2388 4331 uxorem,
2407 4280 2596 4326 dabitur
2625 4295 2719 4325 mo-

1697 4357 1750 4388 ra
1779 4343 1973 4405 parvula
2004 4341 2234 4409 supplicio
2265 4351 2363 4401 tuo,
2386 4345 2498 4392 dum
2516 4358 2588 4394 res
2620 4349 2720 4393 cet.
