2978 4920
615 292 744 388 m

1319 325 1987 390 JUVEN.ALIS

609 514 614 523 ·
705 495 963 561 Grande
986 494 1413 582 supercilium,
1443 509 1508 563 et
1536 519 1832 562 numeras
1857 498 1927 562 in
1953 498 2104 563 dote
2134 497 2514 587 triumphos.
2582 528 2589 537 ·

704 598 891 663 Tolle
909 611 1369 684 tuum‚preeor,
1380 597 1805 663 Harmibalem
1813 599 2189 685 victumque
2200 598 2555 713 Syphacem
2574 601 2698 675 170

706 700 786 764 In
815 700 1059 777 cestrie,
1088 710 1153 763 et
1181 721 1324 764 cum
1355 710 1494 763 tota
1524 698 1914 785 Carthagine
1934 699 2157 785 migrat

789 803 1009 880 Parce,
1039 802 1282 891 precor,
1317 799 1533 878 Paean,
1563 812 1627 865 et
1656 812 1736 866 tu
1766 802 1910 865 Dea
1928 824 2095 888 pone
2124 801 2413 888 sagittas,

701 902 812 969 Nil
841 902 1024 991 pueri
1050 902 1315 981 faciunt,
1343 902 1547 989 ipsam
1573 901 1870 988 configite
1899 913 2165 968 matrem
2183 908 2215 971 Ξ,
2474 937 2478 941 <

705 1002 1035 1090 Amphion
1061 1003 1327 1067 clamat:
1375 1002 1484 1067 sed
1517 1004 1712 1066 Paean
1742 1003 2061 1068 contrahit
2090 1027 2326 1069 arcum.

706 1102 965 1168 Extulit
993 1124 1150 1188 ergo.
1172 1126 1398 1189 greges
1423 1114 1721 1168 natorum
1749 1103 2094 1190 ipsumque
2115 1117 2477 1221 pue-ntem,
2579 1105 2704 1170 175

705 1205 880 1269 Dum
911 1205 1030 1270 sibi
1059 1204 1336 1270 nobilior
1359 1206 1626 1269 Latonae
1655 1217 1845 1292 gente
1866 1205 2169 1284 videtur,

704 1308 927 1395 Atque
956 1308 1194 1373 eadem
1206 1308 1410 1373 scrofa
1438 1307 1647 1371 Niobe
1676 1308 2010 1373 fecundior
2039 1310 2203 1375 alba.

649 1412 657 1423 ’
704 1407 873 1483 Quae
903 1410 1064 1475 tanti
1093 1410 1397 1495 gravium,
1428 1432 1575 1494 quae
1603 1408 1830 1486 forma,
1864 1421 1938 1473 ut
1969 1433 2034 1474 se
2064 1410 2185 1476 tibi
2218 1433 2462 1497 semper

707 1513 1010 1598 Inputet?
1058 1512 1280 1598 Hujus
1308 1511 1475 1575 enim
1507 1510 2024 1597 rari—summique
2052 1512 2353 1599 voluptas

689 1614 903 1701 ‚Nulla
928 1615 1106 1692 boni,
1135 1613 1384 1700 quoties
1406 1612 1615 1676 animo
1642 1627 1958 1700 conrupta
1985 1615 2261 1701 superbo

705 1717 865 1782 Plus
893 1717 1082 1794 aloes„
1113 1740 1307 1803 quam
1337 1716 1542 1779 mel-lis
1560 1716 1773 1779 habet.

2621 1618 2702 1679 80

1867 1716 2026 1793 Quis
2047 1717 2304 1782 deditus
2332 1730 2548 1782 autem
2580 1618 2617 1680 1
2692 1720 2696 1726 ’

703 1818 929 1904 Usque
958 1819 1117 1883 adeo
1146 1810 1263 1896 est,
1297 1829 1371 1882 ut
1399 1840 1526 1881 non
1554 1815 1750 1896 illam,
1775 1839 1970 1902 quam
1998 1817 2300 1883 laudibus
2327 1819 2533 1897 effert,

617 2004 722 2053 sup.
746 1995 806 2039 ad
830 1995 895 2039 11.
924 1992 998 2039 15
1024 1999 1074 2040 et
1106 1993 1171 2041 V.
1206 1993 1286 2041 62.
1318 2005 1534 2039 ηιιηισιαι
1566 1991 1617 2036 in
1681 1991 2048 2050 commiserunt,
2091 1993 2226 2038 nulla
2256 1991 2438 2055 injuria
2479 1993 2691 2039 adfecere

611 2054 713 2103 dote
727 2057 1001 2118 triumphos,
1024 2059 1228 2118 gloriam
1247 2055 1486 2133 majorum
1506 2069 1618 2113 cog-

615 2128 933 2181 natorumque
966 2122 1014 2166 in
1049 2124 1212 2168 dotem
1236 2123 1371 2182 quasi
1404 2122 1616 2180 inputas,

614 2186 721 2232 loco
735 2187 876 2241 dotis,
896 2188 971 2232 vel
989 2200 1072 2245 pro
1094 2187 1205 2232 dote
1221 2188 1491 2232 habendam
1506 2199 1617 2230 cen-

616 2260 705 2296 ses.
770 2252 916 2296 Poeta
931 2251 1099 2310 ipsam
1135 2252 1408 2311 adloquitur
1440 2252 1618 2296 Corne·

1683 2069 1769 2100 vos
1801 2065 1851 2101 et
1881 2064 2086 2102 matrem
2121 2058 2348 2102 vestram.
2416 2057 2587 2111 Peren,
2611 2071 2690 2102 no·

1683 2133 1795 2165 men
1831 2121 2088 2180 Apollinis,
2121 2121 2294 2168 deinde
2328 2123 2564 2181 hymnus,
2595 2134 2692 2166 car·

1683 2198 1814 2231 men.
1850 2190 1919 2236 tu.
1938 2185 2060 2241 Dea,
2076 2184 2284 2247 (Diana)
2302 2198 2419 2244 pone
2451 2200 2511 2231 ex
2535 2199 2694 2230 emen-

1683 2250 1786 2297 dat.
1806 2250 1983 2294 Groevii
2005 2254 2253 2307 receptum
2277 2263 2364 2308 pro
2384 2251 2514 2310 vulg.
2541 2253 2594 2295 tu
2618 2249 2692 2294 'dc-

615 2316 767 2370 liam3
797 2329 892 2376 quo
926 2316 1085 2362 vivida
1120 2318 1171 2362 fit
1205 2316 1369 2362 oratio.
1440 2315 1548 2361 170.
1575 2312 1618 2358 1.
1676 2326 1813 2372 pone.
1848 2313 1955 2360 173.
1978 2318 2191 2366 matrem,
2206 2326 2317 2372 quae
2333 2315 2437 2360 sola
2450 2321 2525 2360 est
2540 2314 2699 2359 no‘x‘ia.

618 2380 786 2440 Apage
833 2388 878 2427 te
917 2393 1023 2425 cum
1070 2381 1293 2426 laudibus
1338 2381 1486 2438 patris
1531 2378 1623 2435 tui,

618 2454 762 2502 quem
785 2445 1016 2506 proedicas
1038 2446 1265 2492 devicisse
1289 2443 1623 2503 Hannibalem,

618 2509 892 2569 Syphacem,
910 2517 959 2557 et
984 2508 1327 2570 Carthaginem.
1364 2510 1427 2555 In
1442 2509 1625 2565 castris,

616 2588 727 2632 quae
744 2574 901 2635 Scipio
913 2583 962 2621 et
976 2575 1227 2620 Masinissa
1240 2580 1626 2620 concremarunt.

617 2636 781 2685 Verba
792 2654 896 2685 cum
905 2644 1001 2685 tota
1018 2638 1301 2699 Carthagine
1315 2639 1462 2683 etiam
1477 2638 1624 2684 simul

615 2703 676 2748 ad
702 2703 973 2762 Scipionem
998 2704 1281 2748 Africanum
1301 2703 1538 2747 minorem
1554 2715 1624 2746 re-

545 2805 555 2820 ,
616 2766 726 2813 ferri
756 2775 979 2827 possunt,
1004 2769 1086 2826 qui
1111 2768 1235 2812 hanc
1269 2768 1436 2811 urbem
1460 2765 1627 2818 diruit,

615 2841 664 2877 et
700 2834 778 2877 cui
812 2835 962 2878 nubta
990 2838 1091 2877 erat
1126 2830 1424 2887 Sempronia,
1447 2829 1626 2875 Corne-

616 2898 696 2942 15ae
729 2897 839 2941 filia.
873 2898 1051 2956 migra,
1076 2902 1131 2942 ut
1154 2907 1264 2952 sup.
1299 2906 1344 2937 v.
1372 2893 1485 2939 146.
1519 2906 1622 2938 cou-

615 2960 710 3021 lige
730 2961 981 3005 sarcinulas
1001 2966 1048 3004 et
1068 2960 1161 3005 exi.

685 3023 905 3070 172-17
910 3025 953 3069 7
972 3024 1191 3070 Aliarum
1206 3023 1467 3067 mulierum
1489 3022 1626 3066 adro·

616 3089 832 3152 gantiam
888 3089 1044 3148 gignit
1087 3087 1398 3143 fecunditas,
1420 3092 1468 3130 et
1508 3091 1626 3131 non-

616 3163 885 3211 numquam
934 3165 1063 3209 eam‚
1102 3166 1212 3212 quae
1254 3151 1383 3210 ipsos
1427 3151 1628 3197 lacessat

618 3216 769 3274 Deos,
790 3222 839 3261 et
871 3222 1023 3263 totam
1048 3230 1251 3275 eamque
1280 3214 1535 3260 innoxiam
1553 3215 1625 3259 fa·

615 3281 804 3328 miliam
826 3282 876 3326 in
902 3281 1159 3340 perniciem
1184 3286 1312 3339 agat.
1379 3280 1437 3324 Id
1455 3279 1626 3336 proba-

618 3350 699 3391 tur
720 3348 943 3405 exemplo
966 3345 1156 3400 Niobes,
1180 3357 1289 3403 quae
1313 3343 1409 3389 filia
1432 3342 1626 3387 Tantali

614 3416 663 3455 et
692 3410 988 3470 Amphionis,
1011 3409 1230 3457 Thebani
1263 3408 1389 3466 regis
1421 3407 1626 3452 clarissi-

613 3476 780 3535 mique
800 3475 1035 3536 lyricinis,
1055 3487 1194 3527 uxor,
1228 3472 1543 3518 multitudine
1575 3477 1626 3515 et

614 3538 793 3599 insigni
825 3541 983 3586 forma
1015 3541 1294 3587 liberorum
1310 3538 1475 3597 (super
1506 3550 1624 3596 quo-

613 3615 724 3648 rum
756 3617 959 3651 numero
990 3612 1040 3652 et
1076 3602 1355 3649 nominibus
1387 3602 1514 3647 mira
1552 3606 1626 3646 est

614 3666 901 3724 scriptorum
914 3669 1185 3730 diversitas)
1198 3667 1354 3721 ferox,
1374 3665 1626 3719 Latonam,

613 3736 820 3776 matrem
836 3732 1092 3792 Apollinis
1089 3732 1349 3787 etDianae,
1364 3730 1625 3775 insolenter

614 3794 850 3852 despexit,
868 3803 916 3841 et
940 3798 1007 3842 ita
1030 3796 1246 3842 obtendit
1260 3794 1405 3848 Deos,
1430 3800 1485 3840 ut
1503 3793 1622 3839 libe-

614 3865 693 3901 ros
714 3871 903 3916 omnes,
918 3862 1093 3921 Apollo
1114 3872 1289 3913 mareS,
1311 3859 1471 3904 Diana
1484 3858 1622 3912 filias,

614 3922 803 3983 sagittis
838 3925 1199 3985 transfigerent.
1247 3936 1360 3968 nam
1392 3922 1624 3981 antiquus

614 3998 792 4040 sermo,
826 3990 954 4046 quod
985 3995 1126 4034 acuta
1158 3988 1281 4033 febri
1311 3987 1495 4032 factum
1528 3991 1623 4043 est,

612 4052 803 4112 sagittis
821 4060 871 4099 et
892 4054 978 4099 irae
993 4054 1195 4099 illorum
1211 4052 1421 4097 deorum
1434 4050 1623 4097 tribuit.

615 4129 666 4161 v.
685 4117 888 4163 Homer.
912 4116 974 4165 Il.
995 4137 1043 4163 a.
1062 4115 1173 4162 602.
1190 4128 1321 4174 seqq.
1332 4113 1474 4160 Ovid.
1495 4111 1618 4161 Met.

522 4171 530 4178 ⁸
612 4179 702 4226 vl.
729 4180 839 4228 146.
862 4195 960 4241 seq.
966 4180 1105 4229 ’27.1
1136 4193 1233 4239 seq.
1268 4186 1317 4224 et
1349 4179 1535 4238 Heyne
1556 4181 1618 4226 ad

610 4246 838 4305 Apollod.
859 4261 919 4307 p.
950 4244 1218 4293 587-596.
1285 4245 1419 4290 Bene
1451 4250 1616 4290 autem

610 4310 858 4370 Amphion
901 4307 1101 4372 ejusque
1151 4322 1310 4354 sermo
1353 4309 1618 4356 inducitur.

612 4373 763 4437 Parce
776 4377 939 4437 libetis
950 4378 1090 4436 mele,
1103 4375 1189 4447 qui
1200 4389 1229 4421 u
1236 4373 1272 4421 1'1
1284 4372 1617 4448 malificium,

1690 2376 1799 2425 174.
1821 2378 1913 2423 Sed
1934 2377 2111 2434 Paean,
2134 2377 2204 2422 nil
2226 2385 2389 2423 motus
2405 2377 2694 2437 Amphionis

1688 2443 1924 2500 precibus,
1938 2455 2116 2489 arcum
2146 2440 2331 2505 (propr.
2360 2439 2466 2503 ejus
2499 2448 2694 2497 cornua)

1690 2507 1937 2561 contrahit,
1977 2508 2193 2563 adducit,
2238 2508 2466 2562 intendit,
2504 2504 2686 2553 haus
2682 2535 2696 2549 .

1691 2569 1930 2617 civianum
1954 2589 2079 2636 nveae
2096 2585 2132 2616 s.
2170 2568 2304 2629 cazor.
2370 2571 2482 2617 175.
2514 2571 2703 2617 Extulit

1691 2637 1837 2681 domo
1853 2643 2068 2682 mortuos
2084 2638 2161 2688 (ut
2180 2649 2286 2694 sup.
2312 2636 2353 2682 1.
2378 2636 2438 2681 72
2443 2634 2488 2696 .)
2531 2636 2701 2690 Niobe,

1691 2699 1802 2744 dum
1818 2707 1909 2747 cet.
1915 2707 2128 2761 gregem,
2139 2704 2197 2746 ut
2209 2712 2320 2759 sup.
2337 2714 2385 2745 v.
2398 2700 2509 2747 161.
2527 2700 2699 2759 ipsum-

1692 2777 1777 2824 que
1785 2767 2025 2823 parentem
2048 2765 2330 2821 liberorum,
2354 2765 2699 2823 Amphionem,

1692 2828 1775 2886 qui
1799 2828 1924 2873 ferro
1945 2841 2030 2886 per
2049 2834 2218 2887 pectus
2251 2829 2420 2874 adacto
2446 2830 2595 2874 vitam
2619 2829 2701 2874 do-

1692 2892 1939 2951 loremque
1960 2892 2103 2948 finiit,
2122 2894 2196 2938 vel
2212 2897 2309 2937 una
2330 2906 2443 2937 cum
2460 2893 2624 2938 liberis
2643 2893 2703 2936 ab

1691 2955 1916 3015 Apolline
1947 2957 2137 3015 sagittis
2173 2961 2248 3002 est
2284 2957 2540 3004 confixus:
2590 2969 2698 3002 nam

1693 3027 1850 3080 poetae
1871 3022 2081 3069 variant.

1759 3085 1867 3131 177.
1903 3086 2027 3131 Hoec
2049 3099 2145 3131 non
2169 3085 2273 3130 sine
2289 3097 2536 3131 sarcasmo
2558 3031 2697 3140 dicta,

1691 3150 1829 3208 quasi
1851 3149 2122 3196 fecunditas
2154 3156 2256 3195 tam
2292 3145 2429 3210 justa
2465 3150 2701 3208 superbio

1690 3226 1834 3260 causa
1856 3214 1934 3258 sit.
1970 3212 2156 3275 >Saffo
2189 3227 2233 3259 s.
2259 3226 2341 3259 sus
2361 3213 2482 3265 alba,
2508 3215 2703 3273 triginta

1690 3279 1834 3324 enixa
1854 3278 2000 3333 fetus,
2024 3292 2131 3338 quoe
2152 3279 2200 3324 h
2225 3279 2258 3324 1.
2280 3278 2522 3336 innuitur,
2551 3279 2702 3322 notis-

1690 3343 1812 3387 sima
1837 3357 1863 3388 e
1887 3342 2025 3401 Virg.
2050 3343 2162 3387 AEn.
2199 3343 2292 3390 111.
2304 3341 2425 3389 38·8.
2454 3355 2559 3401 seq.
2579 3339 2698 3387 VII.

1690 3406 1770 3454 29ι
1786 3420 1886 3465 seq.
1907 3408 2007 3457 (ubi
2034 3421 2078 3452 v.
2102 3408 2284 3467 Heynii
2298 3407 2418 3452 Exc.
2438 3404 2534 3469 ΙΙ.)
2554 3404 2703 3452 v111.

1689 3468 1768 3516 42.
1787 3484 1883 3530 seq.
1909 3470 1991 3515 81.
2009 3485 2111 3531 seq.

1700 3567 1703 3570 Α
1756 3534 1863 3581 178.
1888 3547 1989 3594 seq.
2021 3535 2246 3582 Gravitas
2270 3535 2434 3582 uxoris
2458 3536 2534 3587 (h.
2548 3550 2591 3580 e.
2615 3549 2705 3591 su,

1689 3599 1905 3654 ctoritas,
1935 3609 2082 3657 quam
2116 3601 2258 3646 debet
2289 3600 2532 3659 splendori
2566 3607 2699 3645 nata-

1688 3663 1831 3720 hum,
1852 3669 1900 3707 et
1912 3675 2104 3709 morum
2122 3665 2394 3723 honestati,'
2409 3660 2569 3722 qualis
2587 3666 2703 3710 Cor·

1690 3727 1830 3773 neliae
1845 3726 1962 3784 fuit)
1986 3728 2061 3773 vel
2080 3726 2246 3789 firma
2269 3742 2364 3774 non
2390 3731 2517 3773 tanti
2532 3737 2607 3775 est
2629 3728 2698 3774 fa-

1689 3792 1876 3847 cienda,
1898 3797 1955 3837 ut
1974 3791 2237 3853 'propterea
2268 3795 2397 3839 feras
2428 3794 2703 3851 superbiam

1688 3857 1734 3901 ei
1753 3856 2042 3910 admixtam,
2065 3870 2162 3916 qua
2192 3857 2360 3903 inflata
2392 3863 2627 3916 perpetuo
2646 3870 2697 3903 se

1688 3921 1774 3966 tibi
1791 3917 1966 3982 jactet,
1985 3922 2353 3980 exprobretque,
2370 3923 2613 3980 quantum
2628 3921 2699 3967 illi

1687 3985 1878 4031 debeas.
1941 3985 2106 4046 Hujus
2141 3985 2294 4040 enim,
2333 3985 2562 4045 quamvis
2600 3985 2702 4030 rari

1687 4049 1942 4111 summique
1960 4050 2166 4109 boninp.
2176 4051 2438 4111 'gravitatis
2445 4052 2497 4095 et
2508 4049 2705 4103 formae,

1682 4112 1812 4160 unna
1829 4120 1904 4160 est
1919 4114 2126 4173 voluptas
2140 4114 2352 4174 cet.p1ue
2365 4112 2515 4167 aloes,
2524 4114 2705 4159 amari-

1682 4178 1886 4236 tudinis,
1908 4190 2046 4238 quam
2064 4178 2228 4232 mellis,
2250 4177 2539 4225 dulcedinis.

1729 4243 1857 4289 181.
1892 4242 2070 4289 deditus
2091 4248 2147 4289 ut
2164 4243 2251 4290 inf.
2276 4257 2320 4288 v.
2345 4242 2457 4289 206.
2470 4241 2702 4299 exornas,

1680 4308 1822 4355 uxori
1858 4306 2112 4361 obnoxius,
2158 4308 2233 4355 vel
2271 4297 2376 4368 ejus
2412 4311 2581 4352 'amone
2615 4317 2700 4350 ca-
2738 4317 2741 4324 ·

1681 4371 1808 4442 ptus.
1831 4374 1882 4419 in
1894 4369 2036 4433 diem,
2051 4374 2223 4437 quovis
2237 4372 2334 4433 die,
2344 4370 2471 4419 horis
2480 4368 2701 4432 septena
