2978 4920
1055 282 1525 350 SATIRA'
1564 282 1678 344 IV.

370 514 380 519 „
418 461 566 524 Jam
587 455 840 534 ,medias
869 454 1185 540 aliamque
1205 453 1461 531 famem,
1492 473 1695 538 quum
1724 448 1947 537 pulmo
1974 449 2245 527 Falerno

425 559 723 623 Arderet.
815 556 995 620 Num
1024 556 1228 642 major
1252 553 1380 619 fuit
1410 573 1565 617 usus
1591 520 1848 617 edendi‘

437 662 851 748 Tempestate
878 679 1035 723 mea.
1129 655 1366 722 Circeia
1392 666 1546 720 nata
1570 653 1802 733 forent,
1829 677 1913 718 an

2301 655 2427 719 140

428 758 777 826 Lucrinum
808 759 893 824 ad
922 780 1169 836 saxum,
1204 755 1623 842 Rutupinove
1650 753 1819 821 edita
1849 753 2051 819 fundo

432 863 681 939 Ostrea,
711 860 979 925 callebat
1009 859 1216 945 primo
1244 855 1633 943 deprendere
1662 878 1874 920 morsu
1899 872 1923 929 ς’

434 965 526 1027 Et
556 962 745 1026 semel
775 960 1055 1047 adspecti
1085 960 1241 1025 litus
1268 957 1520 1023 dicebat
1542 957 1765 1022 echini.

438 1063 761 1148 Surgitur,
791 1074 854 1126 et
884 1061 1073 1124 misso
1101 1081 1391 1147 proceres
1419 1057 1592 1123 exire
1611 1058 1922 1142 jubentur

438 1163 739 1243 Consilio,
770 1185 931 1249 quos
959 1162 1278 1227 Albanam
1308 1161 1443 1225 dux
1472 1183 1742 1247 magnus
1769 1161 1837 1225 in
1858 1184 2063 1226 arcem

2303 1164 2429 1228 145

439 1269 757 1331 Traxerat
788 1264 1105 1330 adtonitos
1133 1276 1196 1330 et
1225 1263 1523 1329 festinare
1551 1273 1820 1343 coactoS‚

441 1369 803 1452 Tamquam
826 1365 907 1430 de
938 1365 1147 1429 Cattis
1176 1362 1421 1450 aliquid
1450 1362 1775 1449 torvisque
1809 1364 2181 1451 Sygambria

442 1470 776 1546 Dicturus,
808 1479 1142 1553 tamquam⁴
1162 1479 1228 1531 et
1256 1466 1521 1530 diversis
1548 1465 1842 1553 partibus
1868 1465 2039 1532 orbis

443 1568 660 1634 Anxia
685 1566 996 1656 praecipiti
1027 1566 1297 1631 venisset
1326 1565 1596 1653 epistola
1622 1564 1832 1652 pinna.

358 1749 595 1790 ratorum.
626 1741 853 1798 Neronis,
884 1754 979 1785 non
1003 1739 1291 1794 Domitiani,
1306 1743 1363 1784 ut

356 1821 462 1867 sup.
489 1819 536 1854 ν.
552 1805 631 1852 38.
656 1804 731 1868 (v.
752 1805 885 1851 Suet.
907 1805 1055 1851 Dom.
1076 1800 1183 1865 21.)
1218 1809 1365 1850 noctes

342 1873 450 1934 jam
473 1870 634 1916 mede'oe
651 1878 765 1916 sunt
788 1876 894 1915 tum
916 1869 1073 1927 epuloe
1096 1868 1304 1914 Neronia
1335 1879 1366 1910 a

357 1934 517 1981 medio
552 1936 630 1980 die
651 1936 713 1980 ad
735 1933 943 1979 mediam
970 1938 1157 1978 noctem
1182 1939 1367 1991 protra-

362 2006 476 2052 σεε,
505 2000 574 2051 (v.
595 1999 725 2044 Suet.
760 1997 878 2042 Ner.
910 1996 988 2043 27.
1018 2003 1067 2040 et
1097 1996 1213 2042 Tac.
1238 1997 1369 2042 Ann.

361 2062 512 2109 XVI.
536 2061 641 2124 20.)
666 2071 771 2108 tum
798 2067 981 2117 noctes,
1006 2060 1054 2105 in
1078 2062 1254 2119 quibus
1276 2061 1372 2106 Ve-

360 2128 465 2173 neri
485 2128 784 2186 indulgebat,
804 2132 850 2170 et
872 2126 1091 2170 Cererem
1117 2125 1370 2170 Liberum·

1429 1738 1607 1800 Heyne
1649 1738 1767 1785 Exc.
1811 1738 1854 1786 1.
1885 1741 1948 1786 ad
1988 1740 2121 1801 virg.
2154 1741 2265 1790 AEn.
2301 1743 2438 1804 vu.)

1429 1802 1594 1849 Ostrea
1618 1801 1826 1849 Lucrina
1847 1805 1896 1849 in
1918 1806 2026 1851 lacu
2040 1805 2264 1861 Lucrino,
2288 1820 2435 1869 propa

1428 1866 1592 1924 Baias,
1603 1868 1653 1913 in
1670 1867 1955 1927 Campania,
1971 1870 2299 1928 capiebantur.
2332 1871 2439 1920 Ra·

1429 1931 1570 1990 ἰκρία
1588 1934 1741 1994 (nunc
1760 1931 2103 1993 thlaborough)
2119 1948 2228 1995 opp.
2243 1935 2438 1983 Cautio-

1429 2008 1541 2040 rum
1565 1996 1615 2041 in
1638 1995 1889 2042 Britannia
1905 2011 2018 2044 cum
2041 2006 2199 2056 portu.
2242 2000 2439 2049 Ostrea·

1431 2073 1531 2104 orae
1591 2060 1882 2108 Britannica!
1927 2061 2230 2109 dulcissimas
2276 2064 2441 2115 laudat

1438 2123 1668 2171 Plin.1x.
1689 2123 1766 2170 54.
1784 2137 1824 2171 a.
1843 2125 1920 2171 79.
1933 2134 1982 2172 et
1994 2126 2219 2173 XXXII.
2238 2129 2285 2177 6.
2306 2143 2344 2174 ι.
2359 2129 2443 2179 21.

358 2205 476 2252 que,
502 2199 556 2237 ut
580 2193 728 2250 vulgo
764 2190 835 2244 iit,
852 2190 942 2234 alia
961 2188 1118 2249 sames
1140 2191 1368 2248 sequeba-
1416 2185 1577 2246 suardo
1597 2191 1766 2246 maria,
1790 2201 1831 2235 ε.
1849 2190 1900 2235 in
1923 2191 2068 2249 mari,
2087 2191 2226 2247 edita,
2252 2200 2308 2239 ut
2327 2199 2441 2242 nata

358 2261 462 2312 tur,
499 2255 709 2301 excitata
732 2254 1038 2312 potissimum
1055 2250 1256 2311 largiore
1279 2267 1370 2298 usu

360 2319 580 2375 Falerni,
599 2320 725 2375 quod
742 2319 909 2362 vinum
929 2316 1085 2361 Varro
1095 2317 1212 2361 scite
1228 2319 1371 2363 susci-

364 2383 574 2427 tabulum
602 2381 793 2425 Veneris
810 2380 1033 2438 adpellat.
1080 2379 1153 2424 cf.
1173 2380 1260 2425 inf.
1282 2378 1375 2427 vl.

366 2446 484 2493 302.
506 2444 621 2493 303.
643 2443 837 2491 Petron.
868 2457 910 2490 c.
935 2441 1015 2490 27.
1036 2449 1084 2489 et
1106 2442 1221 2490 Tac.
1245 2445 1377 2492 Ann.

369 2510 521 2558 xm.
539 2509 619 2555 20.
644 2508 809 2552 Pulmo
820 2507 950 2553 ardet
971 2514 1110 2566 potu,
1130 2521 1225 2552 non
1240 2509 1379 2567 quasi

364 2578 448 2623 bic
468 2577 519 2620 in
541 2574 683 2620 illum
700 2572 1027 2624 descenderet,
1045 2572 1130 2616 sed
1158 2572 1220 2616 ob
1242 2585 1379 2632 mag.

370 2652 485 2685 nam
510 2640 638 2683 inter
659 2643 922 2696 utrumque
942 2635 1296 2694 cognationem,
1318 2637 1379 2681 dc

370 2717 468 2761 qua
490 2718 539 2751 v.
558 2701 744 2747 Marsil.
770 2697 974 2759 Cagnat.
1008 2699 1147 2746 Varr.
1180 2698 1317 2744 Obsa.
1342 2699 1385 2748 I.

370 2766 449 2814 22.
478 2765 640 2812 Pulmo
651 2763 832 2810 arderet
847 2765 1043 2823 quidem
1057 2759 1269 2824 cujusvis
1282 2764 1384 2810 vini

372 2831 672 2877 inmoderato
708 2841 823 2884 usu,
865 2829 947 2874 aed
985 2828 1111 2886 inpr.
1163 2827 1382 2883 Falerno,

373 2895 488 2940 vino
520 2902 710 2939 austero
742 2893 819 2939 vel
856 2905 1038 2948 amaro,
1077 2900 1125 2938 et
1145 2892 1379 2951 ardente,

373 2960 504 3005 unde
545 2957 723 3017 passim
756 2970 982 3010 severum,
1015 2956 1195 3010 ardens,
1215 2956 1380 3017 ferox,

374 3024 561 3070 Lucan.
599 3021 671 3066 X.
707 3019 816 3066 165.
867 3020 1157 3074 indomitum,
1198 3026 1248 3065 et
1290 3020 1379 3066 inf.

376 3087 530 3134 XIII.
556 3085 669 3131 216.
700 3097 825 3140 acre,
849 3091 1062 3138 vocatur,
1096 3097 1301 3144 eamque
1322 3086 1384 3130 ob

373 3164 571 3198 causam
597 3150 738 3205 Chio,
758 3145 962 3194 dulciori
985 3149 1117 3206 vino,
1141 3154 1227 3194 aut
1259 3161 1386 3209 aqua

376 3215 635 3273 temperari
658 3213 856 3259 solebat.

444 3278 554 3326 139.
588 3276 755 3333 Nulli,
774 3289 920 3335 quam
948 3275 1203 3323 Montano.
1265 3277 1383 3331 Qui-

373 3344 488 3389 dam
523 3342 584 3387 ad
609 3340 855 3386 Neronem
875 3342 1111 3398 referunt,
1140 3347 1190 3386 et
1210 3342 1292 3386 alii
1325 3342 1386 3387 ad

375 3406 732 3466 Domitianum.
779 3417 891 3449 mus
921 3403 1100 3462 edendi,
1135 3405 1304 3464 peritia
1334 3406 1384 3450 in

335 3522 354 3533 ς
374 3471 566 3518 delectu
588 3476 637 3514 et
658 3471 895 3527 adparatu
912 3469 1147 3515 ciborum.

444 3532 652 3580 140—3.
692 3532 922 3579 Similiter
952 3531 1265 3579 delicatorum
1296 3533 1384 3578 ho-

381 3598 576 3645 minum
599 3597 774 3644 subtile
787 3597 1000 3655 palatum
1019 3597 1228 3654 gulaque
1243 3598 1385 3643 luxu-

380 3663 509 3709 riosa
529 3668 723 3707 notatur
742 3661 803 3706 ab
825 3660 998 3708 Horat.
1022 3660 1118 3706 Sat.
1146 3661 1215 3708 11.
1238 3660 1283 3707 2.
1305 3659 1386 3707 31.

384 3739 519 3785 seqq.
540 3723 587 3771 4.
610 3724 689 3773 31.
723 3738 860 3784 seqq.
885 3726 1012 3772 Pers.
1044 3724 1139 3772 VI.
1162 3724 1239 3772 24.
1264 3724 1391 3771 Plin.

386 3789 486 3837 IX.
522 3788 600 3837 18.
630 3803 669 3834 a.
691 3790 771 3837 32.
805 3798 855 3835 et
886 3788 963 3834 54.
986 3802 1027 3836 s.
1057 3788 1133 3835 79.
1173 3789 1390 3837 Macrob-

387 3854 490 3901 Sat.
517 3852 585 3900 11.
611 3852 687 3899 11.
707 3853 800 3900 111.
818 3851 895 3900 16.
914 3852 1263 3901 Ge11.v11.16.
1284 3850 1394 3915 (qui

383 3920 522 3965 Iocus
537 3919 673 3964 class.
688 3915 788 3973 eat)
808 3918 1047 3965 Athenaeo
1063 3917 1160 3966 III.
1177 3916 1253 3965 13.
1271 3925 1319 3963 ct
1331 3916 1392 3961 al.

385 3982 565 4042 quibua
586 3982 722 4039 locis,
742 3983 868 4041 inpr.
883 3981 1006 4027 Plin.
1028 3982 1177 4028 etiam
1198 3983 1259 4027 de
1274 3995 1394 4041 proe-

380 4045 695 4092 mutieribus
700 4049 948 4092 ostreorum
959 4046 1212 4104 generibus
1221 4047 1395 4107 agitur.

390 4109 579 4157 Circen
599 4117 757 4156 ostrea
774 4111 842 4157 tic
860 4111 992 4156 dicta
1013 4124 1042 4155 a
1066 4107 1253 4157 Circeiis
1285 4123 1396 4169 opp·

1434 2265 1484 2297 v.
1510 2250 1614 2297 140.
1649 2252 1845 2299 Echini.
1874 2255 2165 2300 concharum
2195 2271 2366 2316 genua,
2389 2259 2441 2305 in

1436 2316 1556 2360 cibis
1579 2318 1909 2363 Romanorum
1929 2318 2316 2376 exquisitior-ibus
2332 2335 2443 2381 pas-

1438 2378 1530 2424 sim
1549 2382 1835 2427 referuntur.
1859 2381 1933 2427 cf.
1952 2380 2076 2428 Plin.
2097 2383 2193 2429 IX.
2208 2384 2289 2431 31.
2306 2399 2346 2433 ι.
2362 2385 2443 2432 61.

1441 2442 1708 2554 ἓῑὲἓηωυε
1743 2443 1834 2490 111.
1862 2443 1937 2492 13.
1970 2452 2020 2491 et
2056 2446 2226 2494 Horat.
2251 2450 2350 2496 Sat.
2374 2450 2445 2499 II.

1511 2571 1618 2618 144.
1655 2572 1858 2619 Consilio
1875 2571 1960 2634 (al.
1974 2576 2178 2631 commo,
2199 2579 2260 2624 de
2280 2592 2378 2637 quo
2397 2593 2447 2625 v.

1441 2648 1554 2694 sup.
1573 2638 1633 2682 ad
1648 2650 1692 2681 v.
1718 2636 1818 2693 73.)
1837 2637 1996 2693 misso,
2015 2638 2229 2685 dimisso.
2259 2642 2359 2696 Qui
2375 2656 2447 2690 ac-

1448 2705 1620 2746 natum
1633 2701 1839 2746 habebat
1860 2700 1961 2745 sive
1983 2710 2222 2762 coegerat,
2242 2719 2357 2751 eum
2378 2708 2452 2754 di·

1447 2764 1673 2809 mittebat
1694 2765 1838 2810 etiam
1864 2764 1941 2810 his
1958 2766 2135 2825 verbis,
2156 2768 2257 2816 Nil
2266 2783 2344 2815 voe
2357 2785 2454 2818 mo-
2474 2811 2475 2814 ,

1445 2841 1611 2873 ramur
1631 2828 1696 2875 P.
1710 2828 1766 2876 C.
1789 2829 1885 2886 vei,
1907 2829 2001 2875 Nil
2018 2844 2096 2876 vos
2116 2835 2248 2879 tenet.

1513 2890 1621 2937 145.
1655 2907 1753 2954 aeq.
1791 2894 1868 2940 Cf.
1889 2906 1994 2953 sup.
2028 2896 2090 2941 ad
2124 2910 2168 2941 v.
2202 2898 2279 2945 60.
2319 2911 2452 2960 seqq.

1444 2957 1545 3003 dur
1574 2971 1791 3017 vnagnns,
1815 2958 2143 3015 DomitianuS,
2168 2961 2451 3022 Imperator.

1448 3017 1561 3067 146.
1588 3021 1833 3078 adtonitos,
1853 3022 1914 3067 cf.
1940 3036 1984 3067 v.
1999 3021 2078 3071 ⁷4.
2098 3038 2200 3086 aeq.
2236 3025 2342 3075 14⁷.
2358 3030 2453 3076 Pro

1452 3084 1607 3132 Cattis
1626 3087 1772 3145 vulgo
1784 3091 1950 3134 contra
1969 3090 2111 3134 metri
2132 3090 2262 3150 leges
2277 3092 2456 3152 legitur

1450 3146 1597 3194 Getis.
1664 3149 1975 3196 Domitianus
2006 3164 2198 3212 quoque
2220 3168 2316 3201 non
2338 3169 2453 3203 cum

1449 3212 1548 3267 his,
1581 3214 1666 3258 sed
1695 3226 1808 3259 cum
1831 3214 1996 3271 Dacis,
2017 3216 2268 3275 Sarmatis,
2303 3219 2456 3266 Cattis

1448 3276 1649 3336 aliisque
1673 3276 1940 3324 Germanice
1967 3281 2178 3339 populis,
2199 3283 2324 3329 bella
2349 3296 2459 3343 ges·

1449 3340 1529 3384 ait.
1551 3354 1597 3385 v.
1621 3342 1752 3387 Suet.
1767 3343 1915 3388 Dom.
1933 3342 1981 3388 2.
1999 3342 2046 3390 6.
2070 3344 2149 3391 13.
2171 3347 2235 3392 al.
2257 3347 2458 3405 Sygam-

1449 3403 1537 3459 bri,
1556 3404 1778 3451 bellicosa
1795 3407 2070 3454 Germaniae
2091 3422 2227 3467 gena,
2245 3423 2274 3455 a
2288 3410 2460 3459 Rheno

1452 3480 1604 3527 usque
1620 3471 1679 3515 ad
1697 3469 1902 3529 Lupiam
1921 3470 2039 3515 {inea
2056 3472 2246 3530 imperii
2257 3474 2334 3520 aui
2351 3488 2462 3533 pro-

1449 3540 1762 3591 pagaverant,
1781 3539 1829 3579 et
1851 3534 2086 3579 Romanis
2113 3549 2315 3596 magnas
2338 3552 2459 3585 non-

1451 3608 1718 3655 numquam
1742 3598 2006 3643 intulerant
2026 3599 2200 3645 clades.
2223 3602 2320 3649 Dio
2333 3602 2461 3653 LIV.

1452 3657 1534 3706 20.
1557 3659 1637 3707 22.
1660 3667 1710 3705 et
1730 3659 1809 3707 32.
1838 3660 1967 3707 Flor.
2001 3662 2086 3709 IV.
2115 3662 2192 3711 12.
2212 3665 2353 3719 Oros.
2370 3670 2459 3717 vl.

1455 3722 1539 3771 21.
1559 3721 1731 3771 Horat.
1754 3725 1846 3773 od.
1880 3723 1970 3774 IV.
1991 3726 2036 3771 2.
2073 3727 2154 3775 33.
2188 3742 2290 3791 aeq.
2309 3741 2359 3779 et
2384 3734 2466 3783 14.

1456 3787 1538 3836 51.
1572 3789 1748 3847 quibua
1791 3789 1908 3836 locis
1933 3789 2116 3852 feroces
2149 3803 2384 3844 vocantur
2413 3806 2465 3846 et

1458 3853 1577 3899 caede
1587 3853 1835 3909 gaudentes
1868 3859 1922 3899 ut
1940 3857 2062 3901 torvi
2081 3858 2134 3903 h.
2158 3858 2192 3903 l.
2211 3858 2466 3921 Sygambri

1459 3918 1533 3962 vel
1556 3916 1824 3976 Sugambri,
1846 3923 1903 3963 ut
1925 3919 2010 3967 Gr.
2026 3918 2230 3982 Σόγιμξ
2303 3931 2351 3970 et
2372 3925 2465 3974 22¹-

1459 3980 1653 4046 yaepssgu
1667 3995 1760 4028 non
1778 3983 2021 4030 Sicambri.
2060 3985 2191 4033 ⁴148.
2267 3992 2464 4047 ictam,

1457 4049 1714 4098 relaturus.
1753 4047 1864 4094 149.
1878 4047 2092 4107 Epistola
2111 4051 2280 4109 anxia,
2301 4054 2466 4100 anxie·

1460 4112 1593 4167 tatia,
1627 4111 1826 4170 periculi
1857 4124 1914 4157 ac
1946 4120 2106 4160 metus
2136 4114 2296 4173 plena,
2320 4129 2361 4163 a.
2393 4118 2468 4164 in-

391 4174 516 4221 tatii
555 4181 607 4220 et
642 4173 843 4221 Colonia
881 4173 1024 4220 Rom.
1067 4174 1117 4219 in
1157 4180 1398 4234 promont.
1462 4175 1558 4221 dex
1609 4182 1660 4220 et
1696 4189 1854 4223 causa.
1888 4178 2123 4240 precipui
2161 4178 2308 4237 pinna
2342 4180 2468 4227 forta

392 4238 594 4296 circeo,

639 4237 781 4300 (hod.
813 4237 981 4284 Monte
1010 4237 1235 4300 cartello)
1274 4238 1402 4299 quod
1465 4238 1628 4298 simpl.
1661 4251 1746 4298 pro
1772 4240 1976 4286 celeriter
2005 4240 2320 4300 dixit‘poeta,
2349 4245 2468 4303 quo-

394 4300 531 4349 Ciree
574 4303 693 4349 olim
734 4302 964 4350 insedisse
1017 4302 1274 4349 ferebatur.
1329 4298 1404 4363 (v.

1466 4302 1598 4350 niam
1634 4315 1805 4364 penne
1828 4308 1943 4349 sunt
1977 4303 2243 4351 velocitatis
2273 4309 2466 4367 symbo-
