2978 4920
1005 311 1048 373 S
1074 308 1449 374 ATIRA
1513 305 1644 372 IX.

361 494 628 573 Ravolm
658 494 814 559 dum
846 493 1194 580 Rhodopes
1225 494 1357 564 uda
1384 492 1533 558 terit
1562 492 1826 582 inguina
1852 493 2097 564 barba?

326 579 334 590 ’
361 599 423 661 Ν
425 621 496 661 03
518 596 857 683 colaphum
886 595 1231 659 incutimus
1261 573 1565 659 lambenti
1595 594 1879 662 crustula
1895 618 2107 663 servo.
2326 597 2368 659 5

360 702 422 764 Ν
424 724 507 764 on
538 712 672 763 erat
701 699 819 762 hac
847 699 1009 764 facie
1038 698 1451 766 miserabilior
1484 687 1860 784 Crepereius

358 801 734 886 Polli0,·qui
766 799 1080 886 triplicem
1111 822 1370 870 usuram
1400 812 1706 887 praestare
1734 812 1994 886 paratus

361 901 632 978 Circuit,
664 914 728 966 et
758 902 972 966 fatuos
1001 924 1128 965 non
1158 901 1419 966 invenit.

359 1009 493 1072 Tot
522 1029 704 1092 rugae
729 1010 755 1068 Ρ
801 1018 970 1072 certe
997 1005 1249 1104 modico
1271 1009 1615 1074 ,contentus
1643 1005 1887 1090 agebas,

356 1109 631 1184 Vernam
662 1104 970 1192 equitem,
1001 1105 1268 1170 conviva
1288 1107 1436 1192 joco
1465 1105 1795 1198 mordente
1823 1106 2090 1184 facetu8‚

1510 899 1705 968 Unde
1732 911 1990 987 repente

2180 1066 2370 1198 ,ἰο

355 1210 447 1273 Et
480 1208 716 1272 salibus
748 1208 1086 1272 vehemens
1115 1207 1284 1273 intra
1311 1209 1622 1295 pomoeria
1650 1207 1833 1274 natis.

360 1309 593 1376 Omnia
621 1333 790 1375 nunc
821 1323 1077 1375 contra:
1126 1310 1345 1375 vultus
1375 1310 1610 1397 gravi8‚
1640 1310 1901 1375 horrida
1931 1309 2108 1376 siccoe

360 1412 540 1476 Silva
567 1435 783 1488 comae,
818 1412 1033 1476 nullus
1063 1423 1200 1476 tota
1229 1412 1398 1478 nitor
1426 1413 1496 1477 in
1525 1424 1694 1488 cute,
1726 1410 1981 1498 qualem

363 1512 626 1588 Bruttia
655 1513 1004 1600 praestabat
1037 1512 1223 1577 calidi
1257 1512 1375 1577 tibi
1403 1512 1601 1582 fascia
1627 1512 1817 1580 visci:

359 1613 487 1677 Sed
518 1613 862 1688 fruticante
892 1614 1023 1701 pilo
1053 1614 1341 1699 neglecta
1370 1627 1433 1678 et
1468 1613 1761 1701 squalida
1788 1637 1994 1684 crura.

280 1796 362 1828 cus
397 1780 571 1827 Horat:
603 1781 704 1827 Sat.
731 1780 776 1827 I.
805 1781 853 1827 6.
889 1781 996 1828 120.
1026 1782 1136 1828 121.
1172 1780 1295 1854 (vid.

281 1845 525 1907 Boettiger
563 1844 611 1892 in
648 1844 888 1893 Wielandi
927 1846 1099 1894 Museo
1133 1844 1296 1894 Attico

273 1910 328 1957 ’1.
358 1911 402 1957 Ι.
435 1912 551 1957 fase.
583 1912 631 1958 2.
660 1926 707 1974 p.
744 1911 1019 1958 285-358.
1084 1913 1133 1959 3.
1163 1911 1298 1959 vultu

282 1983 468 2022 moesto.
534 1977 581 2022 4.
620 1974 807 2029 Ravola,
854 1989 882 2022 a
924 1975 1048 2022 facto
1093 1974 1295 2024 nominis

278 2038 609 2102 etymologiam
644 2038 809 2087 sumsit
842 2049 996 2113 poeta,
1020 2049 1113 2088 vet.
1136 2040 1295 2088 Schol.

277 2112 453 2166 putans
474 2104 609 2162 forte,
634 2103 819 2151 Ravoloe
844 2103 1032 2151 nomine
1062 2103 1298 2169 designari

270 2169 492 2224 rabulam,
530 2141 609 2216 vel
642 2170 852 2214 ravulum
893 2183 933 2215 s.
965 2184 1142 2224 ravum,
1171 2170 1221 2217 11.
1250 2186 1294 2218 e.

269 2247 485 2281 raucum.
538 2234 662 2288 terit,
698 2230 771 2279 λη’
753 2250 865 2294 ιχυ,
912 2230 1068 2295 lingit,
1110 2232 1295 2284 lambit.

271 2296 518 2357 Rhodopes,
552 2296 715 2345 fictum
746 2310 934 2351 nomen,
956 2305 1010 2342 ut
1039 2297 1229 2353 Ravola,
1250 2304 1299 2346 et

275 2361 492 2417 ductum,
515 2368 570 2409 ut
599 2368 785 2426 putant,
810 2377 839 2418 3
876 2359 1056 2410 famosa
1087 2361 1174 2409 illa
1199 2376 1297 2411 me·

273 2426 446 2475 retrice
484 2426 545 2485 de
583 2440 679 2490 qna
714 2442 761 2475 v.
785 2424 1028 2474 Herodot.
1066 2425 1142 2476 II.
1188 2428 1306 2476 134.

278 2480 394 2540 135.-
429 2478 585 2540 Strab.
615 2490 790 2539 XVII.
823 2489 1055 2538 Plin.36.
1084 2492 1160 2539 12.
1193 2491 1306 2555 (ubi

280 2557 509 2617 Rhodope,
542 2572 654 2611 non,
688 2563 741 2602 ut
770 2554 1197 2610 Graecis,1’033aeee
1221 2572 1301 2603 νο-

278 2623 443 2684 catur)
468 2629 516 2669 et
547 2621 730 2669 AElian.
752 2621 824 2669 V.
841 2620 906 2668 H.
931 2621 1082 2668 XIII.
1104 2622 1185 2670 33
1220 2621 1303 2669 ubi

280 2686 342 2734 ef.
365 2686 581 2735 Perizon-

343 2754 395 2799 5.
430 2752 543 2799 Νοιι
565 2749 731 2798 mirum
764 2757 854 2807 est,
879 2749 1131 2806 Ravolam,
1158 2748 1300 2798 velte

280 2815 454 2880 ipsum,
478 2815 517 2864 si
536 2815 634 2864 tale
667 2814 850 2862 facinus
871 2814 1172 2871 commiseris,
1195 2814 1300 2863 tris·

280 2889 376 2928 tem
398 2895 503 2929 esse
529 2880 589 2928 ob
619 2894 815 2944 poenam
834 2894 979 2942 quam
1000 2879 1201 2935 dederis,
1222 2879 1302 2928 vel

275 2959 501 3057 ξῗέᾟῑ
514 2952 764 3057 Ἧίἱὲῗεῖῗῐ.
777 2944 1300 3082 11ἒῗ..ῗὲζᾚηέῗέἔ’

281 3083 386 3133 tur3
423 3073 515 3121 nisi
536 3089 702 3122 sensus
712 3072 875 3146 ‘potius
896 3084 992 3121 est:
1026 3088 1173 3146 sery0,
1180 3074 1297 3149 pla·

280 3148 443 3188 centas
498 3137 743 3212 lambenti,
795 3137 1045 3211 colaphum
1095 3137 1300 3203 inpingi-

281 3220 411 3263 mus3
466 3211 516 3252 at
570 3202 792 3267 ingenuo,
847 3201 1125 3250 feminarum
1179 3203 1299 3251 lam-

280 3239 411 3317 beuti
445 3268 663 3332 inguina,
700 3267 748 3316 h.
780 3283 825 3315 e.
866 3266 1065 3323 sellanti,
1099 3267 1304 3342 ignosci--¹

284 3349 414 3382 mus:
469 3334 683 3406 adeoque
725 3348 823 3381 non
864 3339 951 3387 est,
990 3331 1116 3395 quod
1154 3333 1302 3397 stupri

287 3410 433 3446 causa
457 3397 553 3446 tibi
585 3399 770 3446 timeas.
834 3395 913 3444 Cf.
938 3396 1031 3446 XI.
1057 3397 1167 3445 174.
1201 3413 1298 3461 seq·

284 3463 377 3511 Sed
409 3471 612 3538 utraque
642 3461 761 3510 ratio
790 3460 910 3509 dura
940 3468 1028 3518 est,
1050 3468 1100 3510 et
1118 3477 1302 3510 versum

284 3527 382 3575 fere
400 3526 632 3583 excidisse
652 3525 881 3592 suspicari
901 3525 1065 3590 possis.

348 3595 397 3639 6.
431 3594 515 3639 hac
528 3593 675 3664 faeie,
705 3605 800 3656 qua
825 3599 884 3639 tu
912 3604 977 3638 33.
1239 3592 1304 3639 ’us

286 3657 435 3704 Pollio
477 3658 602 3704 forte
635 3656 779 3713 idem,
818 3655 953 3719 cujus
992 3652 1180 3703 luxuria
1217 3655 1300 3703 inf.

286 3721 383 3769 -ΧΙ,
406 3722 487 3770 43.
510 3729 712 3769 notatur.
764 3692 815 3770 7.
834 3729 1065 3794 proestare,
1087 3720 1310 3793 pendere.

287 3788 335 3833 Β.
355 3787 538 3850 fatuos,
559 3786 743 3841 stultos,
767 3785 849 3849 qui
872 3784 1121 3850 pecuniam
1143 3783 1187 3833 ei
1208 3800 1309 3834 cre·

290 3849 456 3899 derent
476 3866 571 3901 non
593 3850 844 3900 reddituro.

348 3917 399 3963 9.
433 3916 591 3980 Rugoe
625 3924 724 3964 tam
762 3914 824 3962 ad
866 3912 1105 3962 tristitiam
1145 3911 1303 3961 referri

287 3989 500 4043 possunt,
522 3982 596 4045 (v.
616 3997 721 4046 sup.
744 3980 807 4029 ad
829 3995 874 4026 v.
891 3978 968 4042 2.)
988 3993 1133 4052 quam
1150 3978 1212 4026 ad
1232 3992 1305 4026 se·

285 4053 546 4101 nectutem,
568 4053 760 4110 propter
789 4045 1006 4119 inpurum
1029 4044 1138 4090 vitae
1161 4057 1308 4106 genus

285 4109 413 4157 ocius
445 4110 506 4158 ob
621 4120 765 4158 ntem.
821 4108 899 4159 cf.
919 4108 1003 4156 inf.
1023 4124 1071 4156 v.
1100 4108 1177 4157 16.
1210 4124 1306 4172 seq.

283 4180 332 4221 et
356 4175 468 4222 129.
560 4175 633 4224 ed
648 4174 766 4222 sorte
781 4173 875 4236 leg.
896 4187 1051 4238 rugas,
1073 4173 1201 4236 quod
1222 4189 1304 4221 ex-

285 4237 505 4301 quisitius
537 4247 625 4287 est.
658 4256 703 4288 v.
732 4237 904 4286 Heius.
944 4238 1007 4285 ad
1040 4237 1183 4286 Ovid.
1214 4239 1305 4304 Ep.

287 4303 403 4352 Her.
438 4303 562 4351 XII.
599 4305 679 4352 84.
710 4304 876 4351 modico
908 4303 1077 4366 exigua
1108 4316 1173 4359 re,
1207 4318 1306 4351 mo·

288 4367 407 4417 dicis
433 4367 620 4465 opibus.
688 4370 766 4419 10.
790 4369 948 4432 agebas
972 4368 1177 4430 equitem,
1199 4367 1249 4417 h.
1267 4383 1308 4416 3.

1317 3211 1477 3252 -nota
1509 3221 1568 3254 ex
1593 3205 1695 3252 Lrv.
1719 3205 1763 3254 I.
1783 3206 1862 3252 44.

2292 1613 2375 1675 15

1358 1782 1462 1894 {jus
1478 1782 1652 1894 aglesbas
1682 1788 1856 1894 pgteS,
1881 1780 2234 1894 vglepnersoffi
2258 1779 2378 1900 feret

1392 1862 1445 1894 as
1574 1863 1685 1894 ema
1770 1861 1848 1895 am
1867 1861 1897 1893 a
1924 1862 1944 1910 J
2041 1859 2098 1894 ve
2233 1860 2288 1893 ιιι
2322 1861 2354 1892 u

1359 1912 1564 1967 vernula,
1585 1919 1635 1960 et
1665 1910 1714 1959 h.
1736 1911 1767 1958 1.
1803 1926 1897 1959 non
1925 1910 1987 1960 ad
2019 1909 2236 1959 servilem
2266 1917 2374 1960 tan-

1357 1984 1456 2023 tum
1483 1974 1672 2025 Naevoli
1691 1974 2022 2032 conditionem,
2044 1974 2129 2023 sed
2149 1974 2213 2024 ad
2247 1989 2375 2022 scur-

1359 2040 1492 2090 rilem
1521 2056 1709 2105 quoque
1748 2040 2046 2090 dicacitatem
2080 2038 2238 2088 referri
2268 2048 2379 2114 pot·

1361 2114 1459 2153 est:
1496 2120 1608 2153 nam
1639 2121 1815 2162 vernae,
1836 2106 1884 2154 h.
1903 2121 1947 2154 e.
1980 2105 2100 2153 servi
2132 2117 2191 2153 ex
2224 2104 2371 2153 ancil-

1358 2169 1416 2218 lis
1439 2170 1567 2217 domi
1601 2170 1716 2225 nati,
1735 2185 1765 2217 3
1782 2141 1981 2219 dominis
2014 2168 2173 2217 mitius
2206 2169 2376 2217 ceteris

1359 2234 1697 2290 tractabantur,
1740 2241 1787 2281 et
1826 2243 1927 2282 tum
1968 2233 2229 2290 facetiores,
2271 2240 2375 2282 tum

1361 2298 1653 2362 procaciores
1669 2312 1771 2346 3333
1786 2298 2029 2358 solebant3
2062 2298 2190 2347 unde
2209 2300 2376 2348 vernile

1362 2366 1552 2422 dictum,
1596 2364 1782 2411 vei-nites
1833 2336 2078 2420 blanditiis,
2130 2364 2375 2422 ver-uilitas,

1364 2428 1615 2485 verniliter,
1657 2428 1845 2476 vernula
1893 2430 2141 2477 urbanitas.
2207 2427 2285 2476 Cf.
2317 2401 2384 2477 (13

1367 2493 1570 2540 Naevolo
1612 2491 1828 2540 Martial.
1871 2492 2094 2541 III.95.
2142 2493 2217 2540 10.
2281 2494 2378 2542 Sed

1365 2573 1505 2604 verna
1535 2572 1660 2620 eques
1691 2565 1762 2604 est
1783 2555 1947 2629 potius
1969 2556 2070 2604 11.1.
2090 2557 2217 2604 filius
2243 2557 2376 2620 equi-

1367 2621 1446 2679 tis,
1471 2637 1499 2670 e
1526 2636 1663 2670 serva
1723 2619 1892 2676 enituS,
1913 2627 1967 2669 nt
1998 2636 2074 2686 39.
2098 2620 2313 2670 Martial.
2335 2624 2380 2672 1.

1365 2657 1446 2773 85:
1466 2701 1607 2750 quem
1629 2637 1755 2735 vife.

1434 2752 1512 2800 11.
1554 2752 1805 2807 Vehemens,
1825 2764 1948 2807 acer,
1968 2751 2131 2798 salibus
2149 2752 2274 2797 intra
2300 2766 2377 2813 po-

1364 2819 1520 2864 moeria
1551 2817 1684 2872 natis,
1704 2813 1786 2880 qui
1808 2815 2041 2864 Ciceroni
2055 2813 2117 2864 ad
2147 2814 2262 2864 Div.
2284 2816 2380 2866 IX.

1367 2882 1445 2929 15.
1478 2882 1642 2928 urbani
1677 2881 1800 2937 saleS,
1837 2888 1884 2928 et
1923 2881 2056 2929 nobis
2098 2881 2381 2930 Stb'dtenvits

1363 2944 1601 3002 dicuntur,
1640 2944 1840 3001 facetiae,
1881 2945 2044 3008 quales
2086 2959 2188 2993 esse
2225 2944 2379 2994 solent

1362 2981 1650 3058 hominuni
1637 3026 1689 3058 ιιι
1724 3009 1839 3058 urbe
1871 3009 2123 3058 liberaliter
2155 3009 2378 3060 educato-

1362 3090 1482 3122 rum.
1549 3076 1818 3124 Pomaerium
1851 3074 1898 3122 h.
1933 3075 1966 3122 l.
1997 3091 2081 3149 pro
2118 3074 2223 3140 ipsa
2259 3075 2377 3125 urbe

1363 3140 1439 3187 vel
1470 3155 1602 3189 muro
1636 3139 1838 3214 positum
1923 3139 2114 3205 Propria
2144 3139 2272 3188 verbi
2304 3140 2376 3189 vis

1935 3204 2014 3252 311.
2039 3205 2190 3253 XIII.
2220 3206 2293 3252 14.
2325 3215 2375 3254 et

1365 3268 1503 3316 Varr.
1525 3271 1584 3318 L.
1602 3271 1662 3318 L.
1682 3271 1776 3320 IV.
1797 3270 1904 3332 32.)
1973 3270 2048 3318 13.
2071 3271 2207 3333 Sylva
2225 3282 2381 3331 comoe,

1362 3348 1618 3390 comarum,
1641 3342 1696 3382 ut
1722 3349 1834 3382 nos.
1869 3336 1943 3382 ein
1972 3333 2106 3383 Walcl
2136 3350 2220 3381 von
2244 3333 2377 3381 Haa-

1363 3414 1461 3455 ren,
1509 3401 1713 3472 buschige
1747 3399 1919 3453 Haare,
1950 3398 2000 3446 h.
2028 3415 2071 3446 e.
2114 3396 2264 3445 crines
2304 3396 2376 3444 in-

1364 3463 1527 3520 comti,
1562 3441 1701 3539 crispi
1733 3473 1780 3511 et
1815 3461 2041 3535 perplexi.
2074 3463 2254 3508 hon-ida
2285 3463 2378 3524 syl-

1364 3544 1421 3575 va
1441 3542 1763 3584 comae,cr1nes
1790 3526 1960 3574 erecti.
1997 3541 2108 3574 nam
2137 3526 2311 3574 horrere
2330 3533 2382 3576 et

1366 3590 1531 3658 ogia-eu
1518 3611 1553 3639 v
1593 3591 1777 3665 proprie
1812 3588 2046 3645 dicuntur,
2082 3604 2191 3653 quae
2225 3601 2383 3641 erecta

1367 3663 1478 3704 sunt
1519 3655 1592 3704 vel
1634 3655 1858 3712 eminent,
1900 3662 1975 3703 nt
1991 3662 2188 3719 segetes,
2233 3670 2381 3714 arma,

1404 3721 1473 3775 ili,
1498 3728 1627 3769 setae.
1700 3721 1835 3768 Cmna
1850 3720 1981 3776 sicca,
1999 3727 2052 3767 ut
2073 3735 2149 3784 ap.
2168 3721 2387 3780 Martial.

1370 3737 1473 3834 ξί.
1460 3786 1539 3834 72.
1565 3787 1642 3833 11.
1673 3784 1751 3833 cui
1777 3784 2024 3850 obponitnr
2050 3773 2246 3845 madida,
2266 3786 2318 3836 h.
2341 3802 2387 3836 e.

1373 3849 2074 3972 unlgpengliggffiigutirnomom,
2122 3915 2272 3981 glabri
2323 3888 2409 3964 ut.

1368 3988 1526 4029 essent
1556 3990 1603 4029 et
1637 3990 1792 4030 cutem
1827 3979 2032 4044 levigare
2032 3988 2100 4037 nt,
2133 3980 2255 4048 pilos
2292 3978 2385 4027 sibi

1372 4045 1446 4094 vel
1482 4046 1698 4105 evellere,
1717 4047 1795 4096 vel
1864 3994 2042 4093 silothri
2079 4052 2128 4092 et
2165 4042 2279 4108 drop
2282 4043 2382 4091 acis

1368 4060 2385 4251 333ῑί31ὤὶῑιιῑέιςιιεεεῑξ

1371 4240 1549 4289 Bruttii
1567 4240 1698 4298 visci,
1718 4242 1768 4289 h.
1790 4255 1833 4288 3.
1852 4238 2031 4305 repleta
2051 4235 2238 4284 Bruttia
2248 4249 2380 4300 pice.

1372 4304 1628 4370 Epitheton
1678 4312 1836 4353 ornat.
1900 4314 2010 4350 nam
2060 4299 2247 4347 Brattia
2290 4300 2382 4364 (al.

1377 4368 1562 4426 Brutia,
1588 4368 1776 4436 Bgvre'ae)
1798 4367 1878 4432 pix
1904 4375 2147 4430 tamquam
2174 4365 2384 4414 omnium

1484 4437 1677 4496 232
