2978 4920
1022 329 1465 394 SATIRA
1526 326 1723 392 VIII.

416 516 576 596 Quis
602 516 851 581 fructus
881 513 1125 600 generis
1155 513 1375 578 tabula
1392 515 1635 604 jactare
1664 513 1874 600 capaci

418 618 841 694 *Corvinum,
871 616 1136 702 posthac
1165 614 1367 678 multa
1395 615 1756 699 contingere
1785 614 1964 699 virga

419 721 731 784 Fumosos
760 717 1076 805 Equitum
1106 717 1251 781 cum
1284 717 1612 781 Dictatore
1640 709 1993 801 magistroe,

422 822 490 885 Si
520 836 730 884 coram
761 819 1023 906 Lepidis
1050 818 1213 882 male
1241 817 1529 880 vivitur?
1575 817 1836 903 Effigies
1864 838 1994 902 quo

418 921 551 984 Tot
581 920 981 996 bellatorum,
1014 920 1064 982 si
1096 918 1342 982 luditur
1371 917 1507 980 alea
1534 938 1774 1002 pernox

2326 917 2409 979 10

423 1021 602 1085 Ante
633 1020 1095 1084 Numantinos?
1141 1019 1192 1082 si
1221 1018 1493 1081 dormire
1521 1016 1743 1103 incipis
1770 1029 1917 1081 ortu

422 1119 731 1199 Luciferi,
762 1144 893 1206 quo
923 1121 1104 1205 signa
1131 1119 1323 1184 duces
1352 1130 1414 1182 et
1444 1130 1649 1182 castra
1674 1118 2046 1181 movebant?

423 1224 560 1286 Cur
590 1222 1017 1308 Allobrogicis
1046 1233 1109 1286 et
1139 1244 1368 1307 magna
1400 1220 1678 1306 gaudeat
1708 1242 1817 1283 ara

423 1323 634 1387 Natus
661 1322 727 1386 in
757 1323 1077 1386 Herculeo
1109 1323 1350 1386 Fabius
1382 1320 1530 1398 lare,
1563 1319 1615 1383 si
1645 1320 1938 1406 cupiduS,
1972 1321 2021 1384 si

424 1422 640 1487 Vanus
668 1434 730 1486 et
762 1425 1071 1508 Euganea
1099 1423 1513 1509 quantumvis
1542 1421 1787 1485 mollior
1817 1444 2018 1507 agna;

338 1570 487 1631 Crispi
506 1586 632 1633 equos
653 1570 864 1619 Martial.
889 1572 953 1618 X.
972 1572 1020 1619 2.
1049 1573 1123 1620 10.
1146 1571 1225 1621 Cf.
1242 1587 1343 1636 sup.

336 1633 403 1682 ad
416 1634 517 1682 ΙΙΙ.
529 1636 642 1684 219.
659 1643 708 1683 et
723 1636 836 1684 XV.
849 1638 898 1688 5.
911 1636 1191 1698 humerosque
1207 1639 1344 1683 mino·

335 1714 432 1745 rem
454 1698 693 1747 Corvinum
713 1715 863 1763 graece
884 1699 1070 1760 dicitur,
1091 1709 1147 1749 ut
1167 1715 1244 1764 ap.
1263 1699 1347 1748 Sil.

338 1762 446 1811 111.
458 1764 536 1810 42.
538 1764 741 1828 frontem
757 1764 899 1811 minor
909 1782 1031 1813 nunc
1045 1767 1189 1812 amnis
1204 1765 1346 1811 Acar-

338 1843 452 1876 nan.
484 1828 681 1877 humeros
714 1827 848 1876 docte
889 1844 971 1894 pro
1014 1830 1261 1885 humerum,
1300 1836 1348 1877 et

340 1890 660 1953 ambiguitatis
678 1891 885 1941 vitandae
905 1908 1066 1942 causa.

406 1955 455 2003 6.
486 1958 653 2018 capaei,
701 1972 890 2021 magna,
943 1959 1096 2005 tabuta
1149 1956 1346 2020 generis,

336 2019 656 2083 genealogica.
672 2023 853 2083 jactare
880 2020 1044 2084 majori
1076 2036 1186 2069 cum
1206 2020 1253 2068 vi
1274 2021 1345 2069 di-

339 2089 485 2138 ctum,
507 2099 652 2147 quam
679 2100 725 2132 v.
747 2087 798 2135 2.
828 2089 1063 2133 ostendere.
1127 2086 1175 2133 7.
1205 2088 1349 2134 multa

339 2149 593 2212 contingere
643 2151 787 2213 virga,
828 2156 1073 2198 stemmate
1126 2164 1164 2196 s.
1203 2149 1346 2205 linea,

338 2209 515 2274 κλάδῳ,
539 2212 613 2276 (v.
632 2212 696 2260 ad
715 2230 761 2261 v.
785 2214 856 2277 1.)
876 2217 1105 2278 magistros
1134 2213 1350 2277 Equitum

338 2291 445 2323 eum
476 2278 705 2331 dictatore,
725 2276 774 2325 h.
796 2293 839 2325 e.
868 2292 1072 2325 summos
1103 2277 1348 2341 magistra-

336 2339 809 2403 tuscognationead'
906 2355 970 2388 re.
1008 2341 1084 2392 cf.
1100 2342 1232 2390 Pers.
1247 2344 1349 2392 III.

339 2404 428 2451 28.
452 2417 552 2468 seq.
593 2404 688 2452 Sed
707 2412 831 2453 totus
894 2405 989 2453 aud
1021 2405 1163 2453 dubie
1193 2421 1351 2456 versus

340 2467 378 2515 7
400 2468 584 2532 spurius
612 2476 697 2516 est.
762 2470 891 2518 Nam
923 2470 1120 2535 primum
1154 2486 1184 2519 a
1213 2473 1351 2536 longe

338 2530 559 2596 plurimis
590 2533 722 2582 abest
740 2532 899 2594 libris;
933 2533 1102 2583 deinde
1129 2550 1185 2583 eo
1205 2535 1351 2599 ejecto

341 2594 467 2643 nihil
488 2597 566 2644 vel
588 2595 879 2647 desideratur
901 2598 975 2646 vel
999 2614 1082 2646 nos
1113 2599 1349 2660 obfendit3

344 2659 550 2724 denique
569 2661 727 2710 omnia
747 2662 842 2711 fere
863 2663 1007 2711 verba
1027 2670 1136 2711 sunt
1157 2663 1276 2712 dura
1305 2674 1353 2714 et

342 2732 579 2790 suspecta.
660 2726 899 2775 Corvinum
938 2722 1087 2776 modo'
1109 2726 1213 2790 jam
1254 2744 1351 2778 me-

342 2796 607 2838 moraverat
624 2798 797 2855 poeta3
827 2806 929 2840 voc.
950 2793 1124 2853 posthac
1149 2792 1352 2841 alienum

346 2851 409 2900 ab
444 2853 491 2900 h.
525 2854 560 2901 l.
596 2862 683 2912 est,
722 2871 782 2904 ne
818 2855 972 2904 dicam
1015 2855 1225 2920 ineptum
1240 2874 1254 2916 ;
1308 2866 1357 2907 et

345 2930 433 2981 pro
464 2920 730 2982 contingere,
751 2919 877 2983 quod
909 2935 1002 2967 non
1034 2920 1123 2968 nisi
1157 2920 1207 2967 in
1239 2930 1356 2971 vett.

345 2981 539 3030 scholiis
559 2981 726 3044 legitur
754 2983 1047 3048 glossamque
1067 2984 1261 3039 redolet,
1284 3002 1355 3034 re-

345 3044 464 3107 liq'ui
487 3045 595 3093 libri
612 3047 831 3095 exhibent
842 3051 1069 3105 deducere,
1087 3048 1212 3099 unde
1228 3066 1355 3099 com-

347 3109 541 3158 modam
562 3108 690 3158 haud
709 3109 867 3160 elicies
884 3113 1178 3162 sententiam.

414 3176 463 3222 8.
484 3173 530 3221 F
526 3191 689 3223 umosos
705 3175 1225 3242 Equitum—magistros,
1239 3177 1357 3225 ima-

383 3235 482 3287 ‘ues
522 3253 681 3287 eorum
720 3240 938 3298 fumosas,
977 3242 1037 3290 ob
1078 3249 1358 3291 vetustatem

372 3318 480 3350 umo
511 3303 698 3371 situque
730 3304 921 3355 obsitas.
987 3307 1046 3354 Iu
1068 3306 1185 3354 atrio
1216 3306 1359 3355 etiam

348 3365 509 3414 culina
526 3375 643 3416 erat.
761 3367 766 3371 ’

415 3431 463 3479 9.
496 3431 656 3494 Lepidi
675 3431 933 3482 clarissima
962 3432 1174 3483 AEmiliae
1208 3435 1361 3498 gentis

346 3492 546 3552 familia,
587 3513 734 3545 coram
777 3497 971 3559 Lepidis,
1015 3506 1070 3546 ut
1091 3513 1217 3545 ¹mox
1258 3509 1362 3547 ante

350 3557 669 3616 Numantinos,
711 3561 761 3610 h.
805 3577 849 3610 e.
885 3574 1041 3610 coram
1082 3561 1145 3609 im
1210 3561 1363 3611 ‘nibus

347 3622 580 3672 nobilium
616 3624 861 3688 majorum,
899 3641 1096 3690 quarum
1135 3577 1362 3691 ffipectu

349 3685 436 3734 alii
470 3686 532 3734 ad
563 3688 757 3752 gloriam
788 3690 1072 3753 virtutesque
1104 3704 1262 3739 eor-um
1294 3707 1360 3739 ω-

348 3750 603 3801 mulandas
629 3752 898 3803 incitantur.
966 3756 1030 3804 Et
1060 3754 1150 3803 hoc
1185 3753 1362 3803 dictum

351 3830 439 3880 pro
459 3815 586 3880 vulg.
610 3817 697 3866 etsi
732 3833 761 3867 a
792 3818 966 3867 talibus
995 3817 1107 3867 viris
1138 3817 1361 3883 originem

352 3879 520 3935 ducas,
544 3882 618 3929 vel
638 3880 808 3931 nobilis
826 3884 905 3932 sis.
956 3882 1138 3947 Effigies
1160 3900 1244 3945 quo
1263 3882 1367 3932 scil.

349 3950 587 4009 spectant,
629 3946 743 4010 quid
796 3955 1005 4011 prosunt,
1048 3962 1188 4010 quem
1230 3963 1367 3995 usum

348 4006 547 4120 lfbrent,
582 4018 637 4057 ut
665 4010 749 4059 inf.
781 4027 827 4058 ν.
864 4013 973 4059 142.
1006 4012 1146 4060 XIV.
1175 4013 1282 4060 135.
1316 4020 1364 4060 et

427 4138 501 4184 10.
525 4137 727 4186 Luditur
745 4140 843 4186 alea
864 4138 1028 4203 (prim.
1044 4153 1141 4189 eas.
1159 4155 1243 4205 pro
1258 4155 1361 4188 sex-

351 4199 431 4263 to)
448 4217 626 4261 pernox,
647 4217 734 4276 per
765 4209 912 4250 totam
931 4212 1145 4263 noctem3
1180 4219 1272 4268 quo
1292 4204 1364 4252 lu-

354 4265 424 4312 cri
466 4264 755 4331 ludendique
795 4266 1028 4331 cupiditas
1079 4267 1365 4333 designatur.

351 4329 597 4381 Praeterea
616 4331 789 4381 Romae
811 4329 959 4396 turpis
977 4330 1066 4379 fuit
1085 4333 1208 4387 alea,
1228 4340 1277 4380 et
1297 4332 1365 4381 le·

355 4391 498 4460 gibus
532 4393 690 4446 vetita.
722 4395 797 4462 (v.
828 4402 933 4462 sup.
966 4394 1028 4446 ad
1060 4396 1105 4447 I.
1140 4398 1220 4446 88.
1240 4397 1367 4461 seq.)

2332 1395 2413 1486 15

1415 1572 1492 1618 ll.
1527 1571 1643 1618 Ante
1670 1569 1983 1627 Numantinos,
2006 1586 2051 1618 v.
2073 1570 2135 1618 ad
2167 1588 2210 1618 v.
2233 1572 2281 1619 3.
2300 1578 2348 1620 et
2367 1573 2415 1621 9.

1410 1637 1601 1683 dormire
1639 1636 1796 1696 incipis
1831 1644 1934 1682 ortu
1974 1635 2089 1682 Luci
2112 1636 2196 1695 'ev-i,
2236 1651 2416 1684 summo

1411 1713 1567 1753 mane,
1590 1706 1695 1762 post
1716 1707 1764 1746 et
1787 1706 1973 1764 propter
2005 1700 2054 1747 lu
2090 1716 2167 1747 um
2199 1715 2256 1747 ae
2287 1716 2413 1749 com-

1412 1762 1742 1818 missationem‚
1776 1763 1851 1810 vel
1882 1763 2110 1819 convivia,
2138 1764 2187 1810 in
2219 1763 2416 1827 primam

1412 1826 1568 1875 lucem
1578 1834 1838 1938 ‘groti-acta.
1872 1829 2003 1875 duces
2025 1827 2112 1885 illi,
2135 1828 2414 1877 Numantini

1577 1907 1594 1937 1
1626 1908 1660 1940 ι.

1411 1900 1458 1939 et
1476 1893 1575 2004 {gp
1574 1970 1704 2019 seqq.
1729 1956 1793 2012 Q.
1808 1953 1980 2003 Fabius
2000 1919 2242 2004 &artimus
2262 1956 2417 2004 AEmi-

1412 2018 1567 2068 lianus
1617 2021 1933 2083 Allobrogicus,
1974 2020 2055 2083 qui
2106 2018 2268 2069 consul
2309 2035 2416 2069 cum

1412 2083 1665 2149 L.Opimio
1681 2084 1807 2132 A.U.
1820 2083 2133 2132 DCXXXII.
2152 2085 2421 2149 censorque

1413 2148 1546 2196 A.U.
1568 2148 1848 2196 DCXLIX.
1881 2148 1984 2205 fuit,
2008 2156 2054 2197 et
2087 2149 2419 2213 Allobrogibus

1414 2212 1702 2276 Bituitoque,
1722 2212 2038 2261 Arvernorum
2064 2228 2186 2277 rege,
2207 2214 2418 2270 devictis,

1414 2275 1534 2325 illud
1555 2291 1811 2340 cognomen
1833 2276 2034 2350 adcepit.
2054 2278 2127 2342 (v.
2150 2278 2275 2326 Plin.
2298 2279 2420 2327 VII.

1412 2342 1493 2389 50.
1514 2342 1760 2389 XXXIII.
1786 2342 1860 2388 11.
1882 2348 1931 2388 et
1948 2356 2067 2405 mpr.
2090 2342 2275 2391 Ernesti
2295 2343 2418 2391 clav.

1415 2404 1547 2469 Cic.)
1571 2405 1719 2453 filium
1750 2403 1915 2453 habuit
1948 2406 2009 2463 Q.
2036 2405 2234 2454 Fabium
2259 2407 2420 2454 Maxi·

1413 2485 1543 2518 mum
1564 2471 1820 2525 Persicum,
1844 2468 1918 2517 cui
1951 2471 2011 2517 ob
2030 2469 2261 2534 perditam
2282 2473 2419 2520 luxu-

1414 2534 1484 2582 ria
1513 2534 1656 2583 vitam
1689 2543 1739 2583 et
1768 2547 1952 2582 summa
1981 2533 2160 2597 flagitia
2190 2536 2252 2592 Q.
2277 2537 2420 2583 Pom·

1414 2597 2257 2711 ffssmzaet⁰¹v¹2¹123¹¹32sp³fffiffiz
2286 2598 2422 2711 *3⁰⁰3

1417 2726 1527 2775 Seu.
1544 2727 1603 2775 de
1618 2728 1737 2774 Ben.
1760 2727 1833 2775 II.
1851 2727 1933 2775 21.
1955 2726 2048 2775 IV.
2071 2727 2150 2773 30.
2182 2726 2278 2774 Ara
2295 2744 2421 2791 mag-

1416 2808 1477 2838 na
1509 2791 1558 2839 h.
1591 2806 1633 2840 e.
1668 2791 1899 2846 Maxima,
1932 2806 2015 2855 pro
2105 2788 2281 2843 circum
2315 2791 2423 2840 Fla·

1419 2854 1636 2912 minium,
1673 2855 1734 2903 ab
1771 2853 1990 2903 Evandro
2074 2853 2218 2903 erculi
2249 2853 2424 2904 dicata.

1422 2919 1492 2981 (v.
1517 2920 1622 2968 Liv.
1643 2920 1686 2966 I.
1706 2920 1754 2966 7.
1777 2920 1865 2967 ΙΧ.
1886 2920 1964 2968 29.
1982 2918 2114 2982 Virg.
2139 2920 2256 2966 AEn.
2272 2919 2426 2970 VIII.

1419 2983 1532 3031 271.
1551 2991 1599 3031 et
1621 2982 1763 3030 ovid.
1785 2984 1909 3031 Fast.
1929 2984 1973 3032 1.
1994 2982 2132 3045 581.)
2178 2984 2253 3031 14.
2277 2983 2427 3033 Natus

1420 3049 1471 3093 in
1494 3046 1713 3094 Herculeo
1735 3047 1897 3096 Fabius
1917 3047 2060 3095 Lare.-
2094 3061 2204 3094 nam
2234 3046 2424 3106 Fabius,

1422 3119 1584 3159 auctor
1602 3111 1752 3174 gentis
1782 3111 1956 3167 Fabiae,
1979 3127 2037 3159 ex
2071 3111 2287 3167 Herculis
2316 3128 2426 3162 cum

1423 3173 1666 3231 Vinduna,
1690 3174 1896 3224 Evandri
1918 3175 2031 3231 filia,
2051 3190 2296 3241 congressu
2320 3194 2424 3241 pro-

1423 3246 1609 3288 creatus
1639 3239 1820 3289 dicitur.
1841 3257 1887 3288 v.
1910 3240 2033 3288 Plut.
2061 3239 2140 3288 vit.
2164 3242 2314 3296 Fabii,
2338 3240 2424 3288 Sil.

1423 3304 1497 3351 II.
1520 3305 1567 3352 3.
1591 3304 1683 3353 VI.
1706 3305 1816 3353 627.
1838 3319 1967 3368 seqq.
2000 3305 2122 3354 VII.
2142 3307 2219 3353 35.
2243 3307 2324 3353 44.
2345 3306 2427 3354 48.

1423 3367 1577 3416 VIII.
1617 3369 1729 3415 217.
1810 3369 1948 3416 Lares
1988 3368 2180 3432 quidam
2218 3368 2429 3433 perpetui

1423 3440 1555 3479 erant
1577 3439 1625 3479 et
1651 3432 1793 3479 totius
1813 3431 1978 3494 gentis,
2001 3430 2082 3493 qui
2113 3446 2220 3479 cum
2251 3431 2429 3479 familia

1424 3495 1686 3543 transibant
1700 3512 1714 3554 ;
1734 3498 1924 3555 paterni,
1943 3493 2027 3542 inf.
2043 3496 2162 3543 XII.
2183 3494 2260 3543 89.
2271 3498 2428 3556 patrii,

1426 3558 1603 3607 Tibull.
1628 3560 1673 3606 1.
1699 3561 1773 3606 10.
1799 3560 1877 3606 15.
1908 3565 1957 3605 et
1979 3559 2044 3604 Di
2063 3567 2238 3619 penates
2266 3574 2429 3620 paren-

1426 3623 1689 3735 }uvgfanligi
1790 3639 1814 3670 e
1836 3623 1932 3668 Lar
1949 3631 2075 3682 pater
2096 3622 2257 3671 Plaut.
2277 3625 2430 3678 Mete.

1425 3750 1601 3799 diosus.
1665 3751 1883 3809 Euganea
1916 3751 2085 3798 mollior

1426 3815 1516 3863 dus
1546 3822 1594 3863 et
1626 3809 1858 3880 pathicus»,
1890 3822 1944 3862 ut
1976 3833 2096 3881 agna
2242 3789 2256 3810 ⁹
2291 3770 2430 3805 cmm-

2174 3819 2297 3873 aloesi
2325 3823 2432 3869 mol·

1430 3881 1517 3928 lior
1555 3880 1823 3928 Phaleucius
1862 3880 2092 3938 Martiali,
2131 3890 2178 3930 et
2217 3887 2325 3948 agni
2365 3886 2431 3932 la-

1429 3962 1491 3992 na
1539 3943 1676 3993 homo
1716 3944 1869 3993 mollis
1907 3953 1956 3992 et
1993 3945 2285 3996 effeminatus
2326 3963 2432 4011 pro·

1430 4007 1587 4058 verbio
1629 4008 1812 4058 dicitur.
1902 4009 1974 4056 Eu
2007 4013 2108 4058 anei
2146 4010 2277 4059 initio
2317 4009 2436 4060 inter

1427 4073 1579 4139 Alpes
1616 4081 1662 4121 et
1703 4089 1832 4123 mare
1886 4074 1966 4122 Ha
2001 4074 2212 4123 riaticum
2236 4078 2239 4085 '
2260 4074 2432 4122 incole⁴

1427 4138 1559 4195 bant,
1600 4137 1771 4187 deinde
1804 4154 1834 4186 a
1867 4137 2062 4187 Venetis
2100 4139 2227 4210 pulsi
2258 4137 2315 4184 in*
2344 4135 2433 4184 ΑΒ
2508 4163 2512 4168 ⁴

1428 4201 1564 4267 pinas
1594 4212 1766 4266 partes,
1792 4202 1915 4250 inter
1946 4202 2149 4250 Athesin
2180 4201 2225 4248 fi.
2259 4208 2307 4248 et
2340 4202 2434 4248 La'-

1428 4266 1550 4314 rium
1581 4267 1753 4323 lacum,
1777 4278 2090 4320 secesserunt3
2122 4264 2259 4317 (Liv.
2292 4265 2335 4312 I.
2364 4266 2436 4326 l.)

1430 4330 1557 4379 unde
1577 4337 1624 4378 et
1647 4329 1818 4379 Veneti
1850 4330 2018 4393 sepius
2048 4327 2197 4392 poetis
2231 4327 2436 4393 Euganei

1432 4392 1664 4443 dicuntur.
1730 4391 1950 4442 Venetioe
1984 4399 2139 4440 autem
2171 4400 2282 4457 opp.
2311 4392 2436 4455 Alti-

1573 4460 1763 4521 2122

1747 3702 1876 3742 anus,
1896 3700 2121 3734 vanarum
2142 3702 2295 3736 rerum
2320 3688 2425 3739 'stu-
2506 3694 2507 3697 ’
