2978 4920
639 313 727 381 w

1343 310 2013 375 JUVENALIS

733 481 998 567 Frigida
1024 481 1462 566 circumagunt
1491 482 1658 569 pigri
1689 503 1938 547 sarraca
1970 481 2211 549 Bootae.

737 582 964 658 Qualis
994 604 1173 647 coena
1201 587 1455 646 tamen?
1506 583 1761 661 Vinum,
1792 585 1971 670 quod
2001 585 2221 649 sucida
2248 585 2405 651 nolit

734 686 916 750 Lana
942 685 1112 772 pati:
1160 684 1242 748 de
1269 685 1536 748 conviva
1565 687 1935 773 Corybanta
1954 688 2217 752 videbis,

734 789 780 850 J
785 786 969 872 urgia
995 785 1375 872 proludunt3
1425 785 1534 850 sed
1567 809 1714 850 mox
1747 797 1809 851 et
1842 789 2073 873 pocula
2103 802 2365 875 torques

739 888 1027 964 Saucius»,
1057 900 1121 951 et
1151 887 1346 950 rubra
1373 887 1664 972 deterges
1692 887 1960 956 vulnera
1985 910 2242 976 mappa,

743 990 921 1052 Inter
949 1011 1061 1051 vos
1090 987 1339 1073 quoties
1367 987 1870 1073 libertorumque
1899 989 2223 1054 cohortem

653 1194 710 1227 ac
732 1180 877 1232 clara,
896 1180 1052 1237 primo
1068 1178 1311 1230 diluculoz
1348 1185 1402 1223 ut
1424 1177 1537 1232 dies,
1556 1177 1657 1231 lux,

651 1246 787 1305 ignes
799 1242 940 1287 dubii.
973 1239 1103 1286 Nam
1127 1244 1217 1287 hoc
1234 1250 1306 1286 est
1321 1239 1438 1286 illud
1460 1245 1658 1300 tempus,

653 1322 741 1368 quo
762 1308 877 1353 solae
899 1319 945 1351 se
959 1306 1278 1365 circumagunt
1299 1319 1340 1352 s.
1358 1306 1561 1350 flectunt
1577 1307 1662 1350 ad-

655 1374 770 1426 huc,
796 1372 870 1417 vel
893 1369 1174 1428 superstites
1207 1377 1322 1414 sunt
1353 1377 1403 1414 et
1423 1370 1660 1428 conspici-

654 1442 805 1483 untur
820 1435 954 1480 Ursae
983 1438 1035 1479 et
1054 1435 1239 1490 Bootes,
1261 1439 1516 1492 postquam
1554 1433 1662 1478 reli-

656 1515 767 1560 qnae
806 1500 956 1545 stellae
985 1494 1090 1558 jam
1136 1499 1433 1544 occiderunt.
1514 1497 1664 1543 Ursas

655 1566 822 1617 etiam,
838 1577 949 1622 quae
965 1563 1016 1607 in
1040 1563 1149 1620 polo
1171 1562 1569 1619 septemtrionali,
1583 1575 1663 1607 su·

655 1642 743 1689 pra
763 1628 999 1673 finitorem
1021 1631 1236 1669 nostrum
1255 1625 1461 1680 elevato,
1477 1638 1667 1683 semper

656 1694 749 1739 sub
768 1691 1049 1749 adspectum
1072 1694 1288 1734 nostrum
1309 1688 1528 1742 veniunt,
1543 1690 1667 1734 solas

655 1767 926 1813 numquam
943 1753 1157 1799 occidere
1180 1752 1254 1797 vel
1277 1751 1458 1797 Oceani
1476 1765 1668 1811 aequore

656 1820 816 1881 tingui
842 1820 1031 1877 tingunt
1053 1816 1208 1862 Graeci
1241 1821 1289 1860 et
1311 1816 1425 1861 hinc
1457 1816 1669 1862 Romani

653 1890 824 1944 poetae.
893 1882 971 1928 Cf.
996 1881 1116 1926 Stat.
1140 1880 1294 1926 Theb.
1315 1878 1412 1927 11¹.
1434 1880 1549 1927 685.
1567 1894 1667 1945 seq.

658 1951 837 1996 Anacr.
863 1944 961 1992 111.
992 1943 1036 1989 1.
1071 1958 1169 2005 seq.
1196 1945 1260 1990 al.
1324 1945 1470 1991 Poeta
1504 1946 1666 2004 itaque

658 2013 796 2070 dicit,
843 2011 1061 2065 clientes,
1093 2023 1155 2054 ne
1186 2008 1296 2067 quis
1330 2009 1458 2067 prior
1487 2010 1669 2066 veniat,

653 2073 761 2138 jam
778 2082 890 2122 ante
908 2075 1002 2120 diei
1015 2079 1176 2118 ortum
1190 2078 1415 2131 patronos
1430 2074 1638 2119 salutare
1651 2090 1666 2119 ε

659 2154 758 2202 quo
779 2146 827 2186 et
850 2149 1098 2183 summum
1123 2137 1172 2181 in
1195 2136 1363 2182 officiis
1386 2136 1671 2196 praestandis

660 2205 899 2260 studium,
922 2206 972 2247 et
1004 2201 1227 2246 molestia
1257 2214 1428 2246 eorum
1461 2202 1672 2249 declara-

655 2272 760 2314 tur.
807 2267 885 2313 23.
916 2264 1291 2319 Quatuordecim
1315 2278 1481 2311 versus
1504 2267 1674 2324 polum

659 2332 897 2378 arcticum
936 2330 1089 2375 stellae
1128 2328 1409 2375 dicebantur
1458 2331 1672 2388 primum

661 2398 851 2451 triones,
874 2396 949 2440 vel
968 2392 1155 2454 proprie
1172 2393 1363 2439 teriones
1380 2394 1429 2437 h.
1447 2407 1494 2440 e.
1510 2394 1671 2446 boves,

659 2464 715 2516 (a
738 2458 937 2516 terendo)
961 2466 1008 2504 et
1037 2454 1231 2517 ἅμαξαι,
1253 2471 1444 2504 sarraca
1466 2472 1504 2504 s.
1538 2458 1674 2517 plau·

661 2533 783 2578 stra,
817 2525 1047 2584 quoniam
1081 2536 1161 2568 eas
1194 2524 1310 2568 olim
1346 2524 1437 2567 sub
1468 2523 1673 2582 plaustri

663 2592 924 2648 boumque,
934 2584 1056 2648 jugo
1069 2583 1372 2648 junctorum,
1391 2584 1548 2646 specie
1570 2588 1672 2632 ani·

655 2660 748 2701 ‘mo
768 2654 859 2699 sibi
891 2652 1217 2697 informabant
1249 2651 1489 2708 homines,
1513 2656 1676 2710 postea

657 2709 961 2766 'vero‘Ealaeii
984 2722 1031 2761 et
1058 2713 1274 2778 Korone&
1305 2713 1428 2761 Ursa
1448 2711 1606 2775 major
1627 2720 1676 2759 et

665 2785 845 2837 minor,
858 2781 1054 2844 ''Aeni-05
1075 2776 1267 2839 μεγάλη
1292 2785 1340 2823 et
1359 2776 1529 2841 μικρὰς
1568 2791 1675 2837 quae

655 2847 867 2892 nomina
900 2848 1023 2890 forte
1056 2846 1253 2889 inventa
1285 2843 1346 2887 ab
1385 2841 1673 2899 Arcadibus,

665 2912 779 2970 quia
795 2908 958 2974 ὅςας-ος
973 2914 1022 2953 et
1034 2920 1195 2952 ursam
1215 2912 1264 2951 et
1281 2904 1675 2962 septemtrionem

665 2974 938 3035 significat;
975 2972 1101 3017 unde
1124 2971 1282 3015 efficta
1303 2969 1494 3014 videtur
1510 2969 1674 3014 fabula

669 3038 885 3091 Arcadis,
901 3036 985 3081 mii
1001 3033 1249 3088 Callistus,
1268 3034 1319 3079 in
1338 3045 1501 3079 ursam
1520 3039 1675 3077 trans-

667 3102 845 3147 mutati
868 3105 916 3144 et
936 3111 1047 3144 cum
1080 3104 1233 3146 matre
1266 3096 1485 3142 translati
1508 3097 1556 3141 in
1580 3111 1674 3141 coe-

665 3166 805 3218 lumg
841 3164 901 3208 ad
924 3175 1070 3221 quam
1094 3161 1237 3206 simul
1272 3162 1396 3207 forte
1419 3161 1674 3206 hominum

667 3228 863 3289 ingenia
879 3225 1017 3272 duxit
1029 3225 1293 3271 similitudo
1313 3224 1564 3271 nomInum
1586 3228 1679 3270 Ar-

671 3306 753 3341 cas
773 3298 824 3337 et
842 3290 1056 3355 'Agna-05.
1126 3288 1255 3336 Hinc
1288 3295 1337 3335 et
1370 3289 1519 3342 sidus,
1550 3291 1678 3347 quod

674 3358 818 3403 Ursas
840 3357 963 3416 pone
996 3351 1130 3411 sequi
1168 3359 1217 3398 et
1249 3354 1385 3413 quasi
1414 3365 1580 3411 regere
1601 3353 1680 3398 vel

661 3434 860 3468 -servare
875 3421 1081 3475 videtur,
1101 3417 1264 3463 Bootes
1287 3418 1516 3476 primum,
1545 3414 1678 3479 (Bo-‘v-

673 3503 771 3540 της,
794 3479 1053 3543 bubulcus)
1092 3488 1140 3526 et
1162 3483 1335 3528 deinde
1363 3478 1680 3545 Ἀμτοφῦλαξ

663 3553 1017 3611 adpellabatur.
1041 3561 1084 3590 v.
1110 3546 1379 3592 Hermanni
1406 3546 1680 3607 Mytholog.

671 3616 736 3662 T.
760 3616 854 3661 111.
885 3627 933 3673 p.
957 3610 1134 3657 5-30,
1156 3619 1204 3657 et
1228 3609 1497 3657 los-132.
1558 3612 1679 3656 Boo-

661 3680 810 3724 ·tes³h.
839 3680 872 3725 Ι.
898 3678 1040 3736 pc‘ger
1071 3675 1265 3732 dicitur,
1289 3681 1342 3721 ut
1375 3674 1521 3721 ovid.
1553 3674 1677 3720 Met.

677 3743 746 3789 11.
771 3742 881 3788 177.
919 3740 1095 3795 tardus,
1127 3741 1240 3798 quia
1274 3740 1407 3784 tarde
1437 3745 1679 3786 movetur.

673 3810 905 3853 Prieterea
923 3803 1077 3862 frigus
1095 3804 1287 3862 pigrum
1304 3807 1505 3848 vocatur
1525 3804 1680 3861 poetis

674 3872 736 3917 ab
757 3869 948 3921 effectu,
962 3873 1013 3911 et
1030 3866 1224 3912 bubulci
1242 3865 1386 3923 tardi,
1399 3879 1447 3913 v.
1469 3880 1512 3911 c.
1536 3865 1676 3927 Virg.

663 3935 781 3981 nel.
816 3931 886 3977 X.
928 3929 1002 3974 19.
1042 3943 1071 3973 a
1109 3932 1240 3975 lento
1280 3931 1429 3976 boum
1472 3930 1678 3975 incessu.

660 3995 895 4057 Frigida,
918 3994 979 4037 ob
1010 3993 1163 4052 frigus
1195 3993 1418 4050 diluculi,
1452 3994 1528 4039 vel
1562 4006 1679 4052 quo·

665 4064 806 4109 niam
840 4057 1228 4115 septemtrionale
1250 4063 1324 4101 est
1345 4058 1493 4101 sidus.
1527 4071 1682 4102 sarra-

674 4140 748 4184 ca,
771 4125 833 4170 al.
859 4131 1071 4167 eerracae
1106 4121 1189 4165 sed
1212 4121 1298 4165 illu
1319 4123 1328 4163 l
1353 4121 1402 4164 h.
1425 4121 1459 4167 l.
1493 4126 1542 4165 et
1569 4121 1682 4166 alibi

673 4192 724 4237 in
748 4187 986 4246 plerisque
1008 4190 1058 4229 et
1090 4184 1288 4242 optimis
1320 4184 1496 4243 legitur
1518 4184 1680 4245 libris;

667 4254 762 4301 eti-‘i
784 4251 920 4310 origo
942 4249 1071 4292 vocis
1087 4248 1270 4302 incerta
1290 4256 1381 4294 est.

664 4329 670 4340 ’
698 4345 703 4351 -
736 4313 942 4364 24-37.
978 4312 1246 4359 clientibus
1266 4320 1314 4358 et
1332 4314 1553 4373 parasitis
1585 4328 1682 4363 non

1722 1181 1870 1234 idem,
1894 1180 2024 1241 quod
2043 1179 2256 1240 patronis
2277 1177 2642 1237 hospitibusque
2662 1175 2734 1220 di·

1724 1246 1945 1300 notibus,
1978 1245 2144 1291 vinum
2178 1256 2235 1290 ae
2267 1245 2404 1289 cibus
2438 1241 2734 1300 propinatur.

1724 1308 1843 1362 Qua
1877 1311 2039 1369 itaque
2073 1309 2316 1354 dementia
2349 1306 2545 1351 illorum
2581 1313 2670 1357 est,
2694 1303 2735 1347 si

1727 1380 1863 1418 tanto
1892 1373 1984 1419 sibi
2014 1373 2188 1418 honori
2229 1373 2432 1427 ducant,
2467 1371 2530 1414 ab
2560 1370 2637 1415 his
2676 1367 2734 1413 ad

1727 1450 1915 1483 coenam
1942 1438 2117 1491 vocari,
2142 1435 2227 1481 ubi
2260 1440 2359 1480 tam
2397 1435 2597 1493 indigna
2616 1432 2733 1491 pati·

1729 1507 1878 1546 untur
1894 1502 1918 1548 i>
1960 1500 2132 1546 Vinum
2157 1499 2492 1551 molentum,
2514 1497 2644 1557 quod
2664 1510 2739 1541 su·

1728 1565 1833 1610 eido
1854 1566 1968 1611 notit
2000 1565 2112 1611 lana
2131 1564 2261 1624 pati,
2282 1563 2518 1608 inbibere.
2581 1559 2737 1605 Varro

1731 1630 1790 1675 R.
1814 1630 1874 1675 R.
1899 1629 1969 1676 11.
1992 1627 2068 1674 11.
2084 1629 2130 1674 6.
2171 1628 2413 1682 Tonmroe,
2429 1626 2609 1685 inquit,
2629 1628 2737 1670 tem-

1722 1707 1817 1754 pus
1833 1695 1955 1739 inter
1976 1692 2296 1753 equinoctium
2312 1705 2506 1737 vernum
2527 1693 2572 1736 et
2594 1687 2739 1734 solsti-

1732 1758 1868 1809 tium,
1896 1771 2034 1817 quum
2056 1756 2220 1803 sudare
2252 1756 2518 1815 inceperunt
2539 1767 2641 1799 oves
2658 1768 2677 1806 ,-
2711 1768 2740 1799 a

1732 1834 1819 1881 quo
1833 1821 1995 1868 mdore
2015 1833 2167 1866 recem
2184 1819 2294 1864 lana
2327 1825 2455 1866 tonsa
2474 1817 2636 1864 sucida
2661 1816 2738 1862 ad-

1723 1885 1896 1945 pellata
1917 1890 1999 1933 est.
2071 1885 2246 1930 Toum
2275 1888 2471 1929 recentes
2494 1881 2649 1928 eodem
2671 1880 2741 1927 die

1721 1955 1993 2010 perungunt
2015 1951 2126 1995 vim
2156 1956 2203 1995 et
2230 1947 2356 1994 oleo.-
2390 1961 2481 1992 non
2514 1943 2739 1991 nemo-ad-

1729 2013 1881 2058 mixta
1901 2026 2003 2059 cera
2022 2014 2121 2059 alba
2138 2017 2182 2059 et
2200 2013 2331 2072 adipe
2346 2012 2494 2057 suillo.
2544 2011 2645 2055 Atii
2667 2024 2740 2054 ea-

1733 2076 1882 2123 eidam
1898 2084 2070 2136 putant
2091 2077 2323 2137 adpellari
2338 2077 2524 2133 lanam,
2540 2088 2653 2133 quae
2669 2086 2739 2117 re·

1734 2154 1848 2186 cens
1868 2156 1926 2188 ex
1957 2157 2047 2188 ove
2078 2145 2269 2196 succisa,
2291 2141 2368 2186 vel
2399 2140 2497 2185 suci
2532 2141 2675 2198 plena
2695 2144 2741 2185 et

1737 2205 1949 2266 pinguis,
1970 2208 2177 2252 necdum
2198 2208 2296 2252 lota
2313 2205 2375 2249 sit
2390 2221 2407 2250 ι
2441 2217 2554 2263 quae
2583 2207 2741 2260 poste-

1734 2270 1834 2315 rior
1856 2272 2092 2316 sententia
2115 2284 2209 2316 non
2233 2271 2455 2316 abhorret
2471 2282 2500 2314 a
2517 2264 2742 2313 Varroni-

1738 2345 1847 2387 ana,
1872 2335 1910 2378 si
1935 2334 2072 2380 nudor
2093 2334 2173 2380 ille
2192 2340 2265 2380 est
2287 2346 2442 2390 meus,
2459 2334 2509 2377 h.
2537 2346 2579 2376 e.
2605 2342 2742 2388 squa-

1738 2396 1825 2449 lor,
1849 2411 1945 2456 quo
1967 2398 2157 2444 sordida
2179 2405 2251 2444 est
2274 2399 2383 2441 lana
2416 2398 2566 2442 modo
2587 2402 2740 2444 tonsa,

1738 2469 1786 2507 et
1800 2464 1881 2521 qui
1899 2465 2070 2508 sudore
2080 2463 2385 2522 potissimum
2399 2460 2633 2520 gignitur.
2670 2455 2741 2502 Cf.

1737 2527 1855 2572 Plin.
1878 2526 2082 2573 XXIX.
2109 2526 2154 2572 2.
2178 2533 2224 2572 et
2246 2524 2313 2571 ibi
2344 2524 2588 2570 Harduin.
2624 2522 2742 2567 mci-

1737 2590 1821 2635 dus
1834 2593 2007 2635 'autem
2028 2592 2206 2635 rectius
2221 2590 2463 2643 scribitur,
2478 2600 2631 2648 quam
2648 2598 2743 2631 ruc-

1738 2655 1890 2711 cidus,
1914 2657 1971 2699 ut
2001 2667 2153 2712 sucus,
2188 2663 2389 2708 mensus,
2411 2653 2690 2702 suctclcntm,
2717 2662 2743 2694 a

1738 2717 1954 2827 iffi}
1972 2716 2120 2836 ἒῗέἐξ
2134 2729 2520 2842 '33355532532‘
2519 2712 2745 2825 ⁶1:323ss

1739 2846 1919 2890 arboris
1940 2858 2098 2889 nocam
2114 2858 2216 2891 esse
2237 2846 2494 2891 credidere.

1806 2908 1882 2954 25.
1927 2907 2104 2954 Videbis
2125 2916 2174 2955 te
2203 2909 2389 2955 factum
2421 2909 2537 2953 vino
2565 2906 2744 2953 novitio

1742 2973 1813 3018 vel
1848 2978 2084 3031 conrupto
2107 2973 2387 3032 Corybanta,
2419 2973 2742 3017 temulentum

1738 3050 1794 3082 ac
1818 3045 1976 3082 mente
1994 3038 2261 3091 turbatum,
2273 3036 2485 3081 similem
2504 3037 2745 3096 Coryban-

1739 3101 1997 3160 tibus,‘qui
2020 3108 2257 3149 armatam
2292 3100 2603 3145 saltationem
2634 3112 2742 3145 cum

1739 3166 1964 3217 clamore.
1982 3166 2198 3211 tumultu
2213 3169 2264 3210 et
2275 3163 2611 3224 cymbalorum
2628 3171 2748 3223 tym-

1740 3241 2072 3289 panorumque
2088 3229 2290 3287 strepitu
2308 3228 2580 3282 instituere,
2598 3228 2750 3286 capita

1741 3305 1986 3352 quassare,
2020 3300 2069 3338 et
2089 3294 2297 3339 furorem
2323 3304 2418 3336 non
2445 3292 2538 3350 ipsi
2563 3298 2746 3336 tantum

1742 3358 2008 3416 concipere,
2032 3359 2114 3403 sed
2147 3357 2255 3401 aliis
2285 3368 2477 3414 quoque
2508 3356 2751 3400 inmittere

1743 3421 1976 3467 solebant.
2008 3420 2186 3481 Jurgia
2194 3418 2469 3479 proludunt,
2487 3426 2604 3464 sunt
2617 3418 2751 3477 quasi

1742 3486 1955 3545 prolusio
1985 3499 2174 3544 pugnae.
2222 3484 2298 3530 Cf.
2321 3484 2418 3530 111.
2440 3482 2556 3530 288.
2575 3490 2624 3528 et
2645 3481 2748 3531 XV.

1744 3549 1827 3597 51.
1853 3548 1930 3594 52.
1982 3549 2198 3594 Prolun‘o
2229 3555 2392 3594 autem
2428 3548 2622 3607 proprie
2656 3548 2751 3608 gla-

1743 3614 1983 3659 diatorum
2003 3619 2096 3670 est,
2115 3613 2330 3673 quiante
2351 3619 2599 3658 certamen
2623 3623 2752 3658 arma

1743 3677 2057 3725 ventilabant.

1806 3742 1884 3789 26.
1919 3755 2048 3802 seqq.
2087 3742 2167 3789 Cf.
2186 3744 2326 3801 Prop.
2350 3739 2444 3788 111.
2468 3741 2517 3788 8.
2553 3747 2605 3785 et
2632 3739 2747 3785 Hor.

1742 3804 1833 3851 od.
1859 3805 1903 3852 1.
1925 3805 2002 3854 27.
2029 3807 2072 3852 1.
2097 3817 2194 3867 seq.
2229 3806 2450 3861 Saucius,
2475 3813 2525 3851 et
2549 3804 2685 3860 vino,
2704 3807 2749 3847 et

1741 3871 1930 3929 poculo.
1996 3871 2135 3916 rubra
2158 3867 2163 3872 ”
2185 3883 2353 3917 cruore
2410 3869 2752 3929 pugnantium.

1744 3932 1820 3981 28.
1843 3934 1980 3980 Inter
2001 3947 2080 3980 vos
2094 3935 2292 3980 clientes
2305 3939 2354 3979 et
2374 3933 2634 3993 parasitos,
2657 3945 2683 3976 a
2699 3930 2752 3974 u-

1744 3997 1933 4043 bertinis
1954 4011 2010 4044 ac
2032 3999 2182 4044 servis
2200 3999 2412 4060 patroni,
2431 4012 2489 4043 eo
2511 4007 2748 4044 nonnum·

1745 4074 1890 4120 quam
1907 4059 2109 4124 jubente
2123 4059 2323 4124 ejusque
2346 4062 2621 4107 oblectandi
2643 4071 2748 4106 cau-

1746 4138 1816 4180 sa,
1830 4126 2098 4172 ludificatos
2115 4133 2492 4185 provocatosque
2505 4126 2566 4171 ad
2587 4125 2749 4170 rixam.

1746 4189 1844 4235 Alii
1861 4191 2065 4238 clientes.
2076 4204 2188 4237 cum
2211 4191 2409 4236 famulis
2425 4192 2488 4235 ad
2505 4189 2624 4234 viles
2641 4199 2750 4247 epu·

1745 4255 1816 4299 las
1848 4256 2081 4300 admissos
2123 4255 2414 4315 intelligunt.
2482 4253 2564 4300 29.
2596 4255 2752 4312 logma

1745 4317 2011 4378 Saguntina
2038 4319 2186 4378 epith.
2209 4313 2567 4366 omnic-untur
2586 4315 2752 4377 pocula
