2978 4920
1074 319 1524 384 S‘AssTIRA
1586 323 1646 385 1.
2366 330 2458 390 5·

492 486 668 554 Nota
695 488 899 575 magis
925 489 1086 555 nulli
1116 490 1483 564 domuszest.
1503 454 1869 580 suassquam
1897 495 2053 561 mihi
2085 496 2269 561 lucus

406 591 671 670 Martis,
693 603 758 657 et
783 591 1014 657 AEoliis
1047 591 1319 659 vicinum
1349 593 1624 681 rupibus
1645 608 1908 662 antrum

403 691 689 757 Vulcani.
783 694 955 772 Quid
985 707 1179 782 agant
1207 695 1404 774 venti,
1435 718 1598 782 quas
1625 709 1923 785 torqueat
1951 700 2238 766 umbras

400 793 663 872 AEacuS,
676 859 681 861 Α
696 795 867 859 unde
895 796 1058 861 alius
1085 796 1345 862 furtivae
1366 797 1640 864 devehat
1669 822 1899 865 aurum

401 895 750 976 Pelliculoe‚
765 898 1063 986 quantas
1077 899 1406 986 jaculetur
1438 902 1808 988 Monychus
1833 926 2045 990 omos,

2327 804 2413 869 lo

401 999 742 1064 Frontonis
769 1000 1037 1088 platani,
1069 1002 1502 1090 convulsaque
1527 1027 1843 1070 marmora
1862 1006 2135 1084 clamant
2191 1050 2197 1063 ι

402 1099 775 1184 Semper-‚et
803 1100 1075 1166 adsiduo
1102 1114 1327 1190 ruptae-
1342 1102 1578 1168 lectore
1608 1105 1938 1171 columnae.

399 1201 751 1289 Exspectes
780 1204 1002 1268 eadem
1030 1229 1071 1269 a
1100 1229 1349 1271 summo
1364 1207 1767 1295 minimoque
1796 1223 2001 1298 poeta.

488 1303 580 1368 Et
611 1326 725 1368 nos
754 1328 1195 1392 ergo-manum
1226 1308 1451 1374 ferulae
1483 1310 1933 1392 subduximus,
1963 1324 2028 1378 et
2048 1335 2173 1379 nos

382 1479 557 1530 ’1--14
595 1481 721 1529 Tam
754 1483 838 1529 diu
864 1475 974 1544 jam
1005 1487 1058 1531 et
1079 1486 1154 1530 tot
1178 1484 1335 1544 poetis

315 1547 632 1595 recitantibus
647 1559 843 1606 operam
863 1548 994 1606 dedi,
1011 1556 1210 1607 tamque
1230 1550 1334 1594 vul-

317 1614 455 1673 garia
475 1618 589 1657 sunt
611 1616 718 1657 tum
738 1619 1043 1672 argumenta,
1061 1626 1174 1671 quae
1195 1613 1257 1658 ab
1274 1614 1333 1659 iis

319 1684 515 1723 tantum
551 1689 649 1721 non
692 1677 921 1723 omnibus
955 1683 1330 1736 pertractantur,

319 1748 428 1787 tum
469 1740 814 1799 descriptiones
851 1748 902 1787 et
933 1741 1188 1802 imagines,
1223 1755 1336 1799 quae

318 1804 617 1852 carminibus
640 1805 797 1850 ubivis
817 1806 880 1851 ab
913 1805 1008 1851 illis
1028 1808 1335 1861 intexuntur,

317 1876 370 1916 et
389 1884 420 1916 a
442 1870 618 1930 quibus
644 1869 952 1928 potissimum
986 1878 1148 1930 petere
1179 1871 1338 1916 solent

318 1935 505 1982 colores
536 1934 672 1990 artis,
694 1939 946 1992 tamquam
970 1932 1119 1996 hujus
1140 1947 1338 1983 summa

317 2005 370 2046 et
390 1999 536 2045 cardo
558 1998 609 2043 in
636 1999 695 2044 iis
717 2004 964 2053 vertatur-3
1001 2001 1152 2061 (quod
1183 1999 1334 2046 etiam

319 2069 460 2110 notat
494 2063 668 2109 Horat.
702 2062 764 2106 A.
799 2063 850 2108 Ρ.
887 2062 964 2108 15.
1001 2062 1124 2126 seq.)
1161 2071 1219 2110 ut
1250 2063 1336 2109 illa

317 2128 441 2173 mihi
466 2141 564 2174 non
586 2127 751 2173 minus
784 2134 899 2173 nota
932 2127 1047 2174 inde
1068 2129 1197 2175 facta
1219 2127 1337 2186 sint,

320 2205 471 2251 quam
495 2192 584 2238 ulli
605 2192 781 2236 domus
802 2205 904 2238 sua.
971 2191 1149 2251 Lucus,
1168 2192 1336 2252 quales

317 2269 348 2301 a
366 2256 521 2316 poetis
538 2255 745 2302 describi
757 2257 930 2312 solent,
949 2262 999 2302 et
1013 2256 1144 2303 lucus
1153 2257 1338 2302 Martis

324 2319 507 2383 (qualis
540 2320 733 2377 Romae,
758 2320 811 2365 in
834 2320 1011 2379 Ponto,
1031 2322 1174 2367 Albae
1206 2321 1336 2367 aliis-

318 2398 417 2445 que
433 2385 554 2432 locis
573 2381 690 2444 fuit)
708 2390 765 2429 ut
785 2384 916 2429 lucus
933 2385 1110 2430 Dianoe
1130 2398 1209 2444 ap.
1227 2386 1335 2432 Ho-

315 2455 411 2497 rat.
436 2450 470 2495 l.
494 2449 531 2495 l.
593 2447 644 2495 8.
673 2446 869 2493 Vulcani
898 2453 943 2493 et
967 2449 1219 2509 Cyclopum
1250 2464 1335 2496 an-

316 2518 471 2566 trum,
493 2513 659 2569 AEtna,
683 2512 843 2557 vicina
874 2518 925 2557 et
956 2513 1200 2559 inminens
1233 2526 1339 2573 sep·

317 2585 425 2625 tem
437 2576 611 2623 AEoliis
624 2576 815 2636 rupibus
831 2589 868 2623 s.
882 2576 1074 2635 insulis,
1087 2590 1199 2637 quae
1211 2577 1337 2623 Vul-

318 2643 479 2690 caniae
495 2642 646 2687 etiam
667 2646 718 2686 et
740 2640 977 2700 Liparaeae
999 2642 1245 2689 dicuntur.-
1269 2640 1336 2705 (v.

317 2707 414 2753 inf.
430 2708 497 2752 ad
518 2706 670 2752 XIII.
694 2702 777 2751 45.
800 2712 859 2751 >et
894 2704 1067 2765 Heyne
1099 2707 1161 2751 ad
1195 2705 1336 2766 Virg.

318 2771 432 2817 AEn.
450 2770 596 2816 VIII.
614 2770 724 2818 416.
749 2782 852 2829 seq.
873 2775 920 2815 et
936 2770 1058 2816 Exe.
1078 2770 1120 2817 1.
1138 2772 1199 2817 ad
1219 2772 1337 2818 AEn.

319 2835 387 2893 1.)
431 2835 476 2880 9.
500 2834 612 2895 quid
628 2840 776 2895 agunt
798 2841 927 2880 terra
947 2836 1167 2895 marique
1189 2837 1334 2892 venti,

318 2900 476 2945 nubes
498 2906 547 2945 et
568 2904 901 2959 tempestates,
923 2901 1091 2958 praelia
1123 2900 1251 2946 inter
1283 2913 1335 2946 se

318 2964 523 3023 cientes,
545 2964 622 3009 vel
653 2964 894 3017 homines,
929 2970 987 3009 ut
1017 2965 1196 3010 Boreas
1223 2965 1334 3013 oti·

318 3028 508 3087 thyiam
544 3034 595 3074 et
632 3028 933 3085 Chloridem,
964 3030 1226 3089 rapientes,
1259 3031 1336 3076 vel

315 3099 597 3153 mergentes
618 3105 766 3138 naves
788 3098 838 3138 et
859 3106 899 3137 s.
924 3106 974 3151 p.
1022 3107 1136 3153 quas
1152 3094 1339 3139 umbrae

320 3161 552 3216 torqueat,
566 3157 813 3203 examinet
829 3161 878 3202 et
896 3159 1187 3217 torquendas
1200 3154 1336 3218 judi-

317 3226 417 3269 cet.
453 3220 642 3275 AEacus,
658 3216 816 3282 judex
837 3222 967 3281 apud
987 3221 1199 3281 inferos3
1225 3223 1275 3270 b.
1293 3235 1334 3268 e.

317 3292 440 3331 nota
461 3286 583 3331 mihi
600 3291 734 3343 sunt,
750 3298 864 3344 quae
884 3286 946 3332 de
963 3286 1132 3332 inferis
1146 3300 1338 3333 eorum-

319 3349 1336 3475 ffiffiiidpsssssssfssbss'fflsslffssimfssffliss?

318 3479 456 3539 quod
474 3474 616 3525 Plato
646 3478 698 3523 in
731 3486 857 3524 extr.
884 3479 1070 3540 >Gorgia
1096 3487 1146 3525 et
1169 3480 1338 3525 Minoe

317 3543 492 3600 tradit,
536 3545 600 3589 ab
652 3542 800 3588 AEaco
852 3542 1093 3602 Europaeo
1141 3544 1339 3590 umbras

319 3608 605 3668 Europaeas,
628 3621 658 3653 a
690 3607 856 3653 Minoe
888 3614 936 3654 et
957 3608 1335 3655 Rhadamantho

318 3672 550 3719 Asiaticis
562 3668 774 3733 judicari
790 3670 1047 3721 Asiaticas.
1100 3673 1176 3719 10.
1203 3672 1336 3718 Nota

310 3738 446 3783 'mihi
479 3744 595 3783 sunt
622 3737 973 3795 Argonautica,
997 3745 1054 3784 ut
1085 3751 1113 3783 e
1145 3737 1337 3783 Colchis

319 3803 471 3848 Jason
479 3800 681 3863 furtim,
696 3801 849 3847 inscio
866 3801 1005 3848 AEeta
1018 3809 1069 3848 et
1085 3802 1333 3847 dolier'e·

318 3868 449 3923 deae,
471 3878 676 3912 aureum
710 3866 867 3912 vellus
893 3867 1075 3925 Phryxi
1111 3866 1331 3925 subripu-

319 3930 433 3977 erit.
484 3930 559 3976 11.
583 3929 954 3989 Novipugnam
979 3932 1333 3977 Centaurorum

319 4007 438 4041 cum
472 3994 694 4054 Lapithis
726 3995 776 4040 in
806 3995 1073 4051 Thessalia,
1105 4002 1156 4041 et
1174 3996 1334 4041 ·robur

317 4057 553 4119 Monychi
574 4059 823 4114 Centauri,
842 4067 989 4120 quem
1010 4062 1203 4106 arbores
1218 4071 1334 4105 cum

314 4124 559 4171 radicibus
581 4124 813 4170 evulsisse
832 4134 882 4171 et
902 4125 1098 4171 torsisse
1110 4125 1330 4170 fabulan-

317 4195 402 4235 tur
435 4195 606 4248 poetoe.
658 4188 735 4235 Cf.
759 4188 902 4235 ovid.
923 4190 1053 4237 Met.
1073 4188 1200 4234 XII.
1220 4186 1331 4235 499.

317 4261 420 4313 seq.
442 4259 495 4298 et
519 4251 686 4300 Valet.
709 4252 786 4300 Fl.
806 4253 848 4299 Ι.
875 4252 981 4299 145.
999 4266 1100 4314 seq.
1151 4275 1157 4284 ·

384 4316 462 4365 12.
500 4317 578 4365 13.
622 4318 769 4364 AEdes
809 4319 1044 4366 nobilium
1078 4317 1333 4365 ditiorum-

2325 1317 2409 1381 15

1398 1495 1494 1542 que
1509 1490 1733 1529 resonant
1747 1485 1961 1545 quotidie
1972 1486 2414 1534 recitationibusre-

1397 1547 1807 1608 petitionibusque
1828 1551 2112 1597 earumdem
2129 1550 2413 1612 ‘vulgarium

1397 1625 1561 1658 rerum
1581 1625 1638 1658 ac
1655 1613 1949 1662 fabularum.
1992 1613 2166 1662 Rome
2182 1618 2314 1662 enim
2332 1614 2412 1661 vel

1398 1676 1531 1721 domi
1553 1677 1728 1735 paucis·
1741 1679 1918 1724 amicis¹
1942 1672 2237 1738 commeatis,
2257 1680 2336 1726 vel
2357 1676 2412 1727 in

1399 1740 1524 1787 laxis
1543 1741 1680 1786 atriis
1695 1743 2019 1801 porticibusve
2035 1743 2235 1799 edium,
2252 1743 2413 1791 tenui-
2465 1755 2470 1759 ·

1401 1805 1565 1851 oribus
1596 1818 1627 1850 a
1660 1806 1811 1852 divite
1840 1807 2005 1867 aliquo
2035 1815 2086 1853 et
2117 1808 2268 1855 nobili
2291 1808 2414 1866 viro,

1400 1875 1457 1914 ut
1481 1869 1531 1914 h.
1555 1870 1590 1916 l.
1613 1882 1643 1915 a
1660 1869 1897 1917 Frontone
1927 1878 1979 1917 et
2009 1871 2099 1918 inf.
2123 1870 2245 1919 VH.
2266 1870 2348 1919 ⁴0.
2382 1885 2415 1918 a

1399 1931 1673 1988 Maoulono,
1711 1936 2053 1993 commodatis,
2096 1935 2172 1982 vel
2193 1936 2414 1996 ‘denique

1399 1997 1606 2057 publicis
1626 1999 1765 2056 locis,
1791 2000 1843 2045 in
1864 2006 2052 2057 quanta
2070 2001 2288 2047 maxima
2309 1999 2414 2047 fleri

1396 2068 1586 2122 poterat
1606 2062 1863 2110 hominum
1886 2077 2082 2118 corona,
2103 2065 2414 2110 recitabatur.

1399 2126 1657 2172 Frontonis
1671 2128 1868 2173 nomine
1885 2129 1960 2174 vei
1978 2128 2182 2189 quilibet
2191 2129 2412 2190 designa-

1401 2197 1480 2236 tur
1502 2190 1578 2236 vir
1593 2191 1767 2237 nobilis
1788 2193 2137 2253 doctorumque
2153 2193 2411 2240 hominum

1398 2255 1581 2314 fautor,
1603 2257 1681 2301 vel
1704 2255 1888 2302 Fronto
1907 2257 2007 2311 ille,
2030 2257 2115 2317 qui
2142 2265 2304 2305 orator
2332 2271 2413 2303 ce-

1398 2319 1756 2366 leberrimuset
1776 2321 2139 2369 Antoninorum
2162 2322 2412 2381 magister,

1399 2385 1477 2430 vel
1501 2385 1663 2443 potius
1685 2384 1784 2439 ille,
1802 2385 1887 2444 qui
1910 2392 1985 2431 ter
2004 2391 2054 2432 et
2069 2400 2184 2433 cum
2198 2381 2413 2448 Trojano

1400 2449 1571 2495 consul
1583 2448 1702 2495 fuit.
1768 2449 1846 2495 De
1880 2449 1956 2495 his
1983 2451 2186 2512 aliisque
2208 2449 2415 2496 Fronto-

1401 2513 1548 2558 nibus
1579 2527 1625 2558 v.
1661 2513 1829 2573 Intpp.
1862 2513 2077 2563 Martial.
2110 2517 2152 2563 1.
2173 2515 2413 2564 55.Ptin.
2509 2529 2518 2534 ⁴

1403 2578 1580 2635 Paneg.
1604 2576 1685 2625 60.
1702 2583 1752 2622 et
1769 2576 1863 2635 Ep.
1880 2577 1945 2622 11.
1968 2577 2046 2626 11.
2064 2579 2159 2626 IV.
2178 2580 2225 2625 9.
2243 2580 2312 2625 V.
2332 2579 2413 2627 18.

1403 2640 1542 2687 Gen.
1566 2639 1637 2685 11.
1675 2640 1755 2687 26.
1788 2640 1904 2686 Tac.
1944 2642 2077 2690 Anu.
2110 2643 2182 2689 11.
2213 2642 2292 2689 33.
2330 2643 2417 2692 68.

1401 2704 1628 2761 Platani,
1638 2705 1868 2763 porticus,
1882 2719 2030 2766 quam
2044 2707 2226 2766 platani
2238 2707 2413 2753 obum-

1400 2770 1519 2814 bran
1525 2776 1561 2822 t,
1574 2775 1622 2814 et
1634 2781 1871 2817 niamwra
1878 2770 2083 2829 parietes
2096 2770 2272 2818 crustis
2283 2784 2413 2818 mar·

1398 2835 1578 2879 moreis
1598 2833 1808 2889 obtecti3
1844 2835 1922 2881 v‘el
1943 2835 2156 2882 convulsa
2177 2837 2414 2883 marmora

1400 2910 1497 2943 non
1512 2898 1745 2944 differunt
1758 2911 1789 2943 a
1801 2900 1954 2959 ruptis
1963 2899 2413 2947 columniae‘marmo-

1399 2963 1494 3008 reis
1507 2963 1745 3021 porticus.
1787 2963 1866 3011 cf.
1882 2964 2021 3023 Prop.
2044 2963 2217 3012 11.82.
2245 2963 2320 3009 11.
2339 2977 2414 3025 sq.

1396 3027 1572 3071 -Verbis
1585 3026 1817 3082 convulsa,
1833 3028 2034 3075 clamant
2048 3033 2102 3074 et·
2110 3033 2262 3090 ruptoe
2275 3024 2412 3082 δεινᾶς

1401 3098 1450 3137 et
1468 3089 1764 3156 ὖςιςζολικὸς
1774 3091 2115 3151 exprimuntur
2128 3103 2177 3139 et
2189 3094 2413 3140 recitato-

1400 3168 1513 3202 rum
1536 3157 1790 3214 clamores,
1812 3162 1862 3202 et
1884 3157 2161 3204 auditorum
2183 3157 2411 3218 frequen·

1402 3220 1487 3276 tia,
1511 3220 1709 3279 plausus
1742 3227 1791 3267 et
1814 3222 1996 3280 putide
2018 3222 2412 3270 adclamationes.

1402 3285 1501 3330 Res
1522 3284 1655 3330 enim
1676 3284 1885 3342 convelli,
1905 3286 2082 3346 rumpi,
2090 3285 2270 3348 flung-i
2295 3285 2411 3349 (inf,

1392 3348 1523 3394 vn.
1546 3345 1650 3409 86.)
1666 3355 1715 3395 et
1731 3346 2111 3414 κιτιῇἦγννσθαι
2127 3350 2226 3412 (ap.
2240 3350 2410 3410 Polyb.

1400 3411 1518 3459 XV.
1544 3412 1626 3459 32.
1658 3414 1861 3461 xvul.
1892 3415 1994 3472 29.)
2023 3416 2273 3473 dicuntur,
2295 3415 2411 3475 quo

1390 3489 1583 3538 magno
1606 3479 1809 3538 strepitu
1831 3484 1881 3525 et
1911 3479 2124 3525 clamore
2149 3478 2411 3537 impellun·
2447 3529 2452 3534 ,

1401 3546 1485 3587 tur
1516 3548 1566 3588 et
1586 3549 1832 3599 resonant,
1850 3543 2066 3597 clamant,
2084 3548 2330 3597 resonant,
2354 3549 2410 3589 ut

1388 3606 1589 3660 latrare,
1596 3606 1834 3666 plangere,
1839 3605 2075 3661 subdare,
2086 3607 2210 3669 βοᾷο,
2220 3604 2411 3671 βρέμει..
2511 3613 2516 3616 “

1400 3666 1551 3732 ι’ἄχειυ
1571 3671 1632 3715 de
1650 3672 1825 3724 ventis,
1838 3671 2065 3717 fluctibus
2081 3681 2182 3720 cet.
2216 3674 2410 3718 adsiduo

1400 3735 1583 3792 lectore,
1606 3736 1691 3794 qui
1711 3737 1941 3793 adsidue,
1963 3735 2070 3782 sine
2087 3738 2183 3783 fine
2203 3738 2406 3797 recitat;

1395 3804 1631 3859 perpetua
1649 3799 1930 3847 recitatione
1950 3805 1998 3845 et
2019 3802 2247 3848 clamore.

1424 3891 1427 3896 ‹
1466 3862 1541 3909 14.
1576 3863 1688 3911 Hoc
1711 3877 1825 3911 cum
1847 3863 2177 3923 indignatione
2198 3866 2404 3920 dictum,

1396 3935 1454 3975 ut
1469 3929 1592 3976 illud
1610 3929 1824 3988 Horatii,
1836 3929 2097 3976 Scribimus
2114 3928 2289 3977 indocti
2301 3929 2405 3976 doc-

1418 3995 1523 4054 ique
1532 3997 1745 4054 poemata
1758 3995 1959 4053 passim.
2017 4017 2020 4022 ·

1386 4078 1399 4086 ·
1465 4056 1545 4105 15.
1569 4071 1672 4119 seq.
1693 4058 2251 4117 Praetereafrequentavi
2267 4059 2406 4104 scho·
2505 4061 2509 4066 ’

1396 4121 1469 4168 las
1483 4123 1924 4170 Grunmaticorum
1941 4129 1991 4168 et
2008 4123 2298 4177 Rhetorum,
2314 4134 2406 4167 nec

1387 4195 1592 4235 -tantum
1622 4201 1720 4242 res,
1750 4189 1834 4235 sed
1866 4194 1918 4233 et
1937 4188 2095 4233 ‘verba
2113 4187 2273 4233 >didici
2303 4191 2410 4243 sty-

1395 4253 1599 4312 lumque
1614 4253 1822 4299 exercui.
1871 4252 2015 4298 Nova
2029 4251 2171 4304 ratio,
2185 4256 2274 4296 cur
2288 4247 2415 4295 seri-

1384 4318 1510 4364 -bere
1525 4324 1578 4364 et
1591 4317 1964 4376 pensitet-velit.
2021 4313 2186 4361 Verba
2204 4316 2248 4359 ct
2271 4309 2344 4372 (b.
2358 4325 2402 4359 ο.
