2978 4920
609 353 734 415 100

1305 330 1974 401 JUVENALIS

697 517 996 591 Cultello‚
1027 513 1224 577 donec
1252 517 1513 595 peragat
1544 505 1785 569 dictata
1811 500 2099 585 magistri

699 618 963 684 Omnia:
1011 636 1125 678 nec
1152 609 1412 674 minimo
1440 629 1587 671 sane
1608 600 1966 668 discrimine
1995 600 2189 663 refert

700 719 853 795 Quo
880 727 1066 803 gestu
1095 713 1363 798 leporeS‚
1393 718 1457 771 et
1486 728 1620 791 quo
1646 701 1882 789 gallina
1912 711 2177 764 secetur.

702 818 976 884 Duceris
1003 813 1244 900 planta,
1273 808 1452 873 velut
1479 807 1647 870 ictus
1676 804 1758 867 ab
1789 799 2072 864 Hercule
2104 801 2334 873 Cacu5‚

2573 795 2697 856 125

707 924 798 986 Et
827 939 1060 1005 ponere
1089 914 1264 987 foris,
1297 910 1347 974 si
1377 907 1539 994 quid
1567 902 1908 971 tentaveris
1936 922 2244 986 umquam
2328 943 2338 954 .

705 1020 991 1094 Hiscere,
1015 1029 1342 1099 tamquam
1371 1008 1604 1073 habeas
1633 1004 1757 1070 tria
1777 1001 2048 1066 nomina.
2111 998 2382 1078 Quando
2404 993 2704 1082 propinat

706 1122 891 1185 Virro
921 1118 1060 1195 tibi,
1093 1114 1414 1198 sumitque
1442 1109 1575 1173 tuis
1603 1116 1893 1170 contacta
1918 1101 2160 1166 labellis

713 1218 995 1284 Pocula?
1041 1214 1185 1302 quis
1211 1224 1498 1277 vestrum
1527 1203 1897 1272 temerarius
1925 1224 2128 1288 usque
2157 1200 2339 1277 ade0,
2368 1196 2517 1283 quis

709 1320 1030 1395 Perditus‚
1061 1328 1137 1380 ut
1166 1313 1333 1377 dicat
1364 1308 1524 1395 regi,
1554 1307 1749 1372 bibe?
1796 1302 2082 1367 Plurima
2110 1311 2280 1377 sunt,
2312 1320 2461 1385 quae

2580 1295 2707 1357 130

709 1425 856 1488 Non
887 1418 1125 1484 audent
1153 1413 1436 1479 homines
1463 1421 1727 1497 pertusa
1753 1404 1959 1469 dicere
1988 1405 2166 1468 laena.

796 1518 1275 1602 Quadringenta
1302 1512 1420 1576 tibi
1451 1511 1503 1574 si
1532 1508 1677 1595 quis
1706 1506 1909 1582 Deu8‚
1939 1516 2052 1568 aut
2083 1500 2301 1566 similis
2330 1499 2472 1576 Dis,

711 1626 802 1689 Et
832 1620 1053 1684 melior
1082 1617 1234 1681 fatis
1262 1613 1549 1688 donaret,
1577 1606 1952 1672 homuncio:
2000 1614 2281 1691 quantus

710 1725 819 1786 Ex
847 1720 1046 1784 nihilo
1073 1719 1278 1791 fieres,
1309 1722 1591 1798 quantus
1620 1706 1904 1771 Virronis
1932 1704 2171 1768 amicus
2197 1706 2212 1765 Ξ

717 1826 823 1889 Da
855 1820 1112 1888 Trebio.
1157 1838 1323 1904 pone
1351 1814 1436 1879 ad
1467 1809 1799 1875 Trebium.
1890 1807 2002 1871 Vis
2031 1807 2228 1869 frater
2256 1804 2338 1868 ab
2367 1803 2521 1890 ipsis
2584 1804 2714 1866 135

629 1974 716 2020 inf.
735 1972 795 2018 ad
811 1970 899 2017 VI.
917 1968 997 2017 63.
1018 1966 1191 2013 volanti
1206 1977 1321 2010 cum
1336 1959 1537 2019 cultellO,
1551 1959 1637 2017 qui

629 2037 744 2096 agili
772 2047 917 2081 manu
946 2038 1163 2078 versatur
1187 2042 1216 2074 a
1244 2028 1457 2071 scissore·
1527 2023 1637 2071 122.

615 2100 863 2159 ·mg·istri,
897 2097 981 2156 qui
1013 2107 1127 2141 eum
1159 2098 1311 2138 artem
1345 2090 1476 2136 cibos
1510 2089 1636 2134 scin-

633 2164 780 2209 dendi
812 2163 861 2206 in
896 2160 1095 2220 pergula
1128 2169 1216 2202 sua
1247 2154 1425 2201 docuit.
1473 2153 1553 2198 cf.
1577 2151 1640 2195 ad

631 2226 730 2272 XI.
767 2224 874 2272 136.
910 2237 1014 2284 seq.
1042 2222 1232 2273 dictata,
1264 2226 1320 2264 ut
1352 2231 1428 2276 ap.
1465 2217 1644 2262 Horat.

1699 1957 1877 2016 aliique
1893 1956 2182 2002 ebibendum
2201 1922 2378 2006 traditg
2412 1933 2543 2010 duod
2562 1952 2719 1995 hono·

1701 2023 1767 2067 ris
1787 2022 1980 2080 signum
2003 2024 2121 2065 erat.
2189 2018 2299 2063 130.
2331 2016 2554 2062 Per-ditus
2573 2009 2711 2066 ruffi,

1702 2098 1806 2144 pro,
1829 2084 2079 2142 inprobuS,
2101 2082 2343 2134 scelestus,
2367 2085 2421 2126 ut
2442 2080 2567 2124 dicat
2590 2080 2712 2138 regi,

1688 2149 1817 2206 bibe,
1839 2148 1888 2191 h.
1911 2162 1951 2191 e.
1977 2155 2032 2192 ut
2064 2146 2205 2192 diviti
2238 2159 2294 2191 ac
2327 2144 2478 2191 nobili
2509 2150 2715 2201 patrono

1706 2215 1774 2264 (v.
1791 2213 1849 2257 ad
1865 2208 1903 2256 1.
1924 2211 2051 2269 136.)
2066 2211 2291 2269 poculum
2304 2209 2544 2269 propinet.
2604 2204 2715 2252 131.

632 2291 790 2349 Epist.
825 2289 865 2335 1.
911 2288 956 2334 1.
993 2284 1071 2332 55.
1111 2291 1161 2330 et
1197 2284 1273 2332 18.
1310 2281 1386 2328 13.
1451 2280 1560 2327 123.
1593 2277 1641 2325 4.
1709 2278 2003 2334 comparant
2044 2274 2319 2333 proverbia:
2372 2273 2513 2317 vestis
2557 2271 2716 2314 viram

636 2356 853 2403 Multum
886 2353 1089 2397 interest
1120 2349 1246 2394 inter
1278 2345 1541 2392 sectionem
1573 2344 1641 2388 le·
1693 2338 2007 2401 facit—lacer
2029 2334 2384 2397 pannmp-aezn
2405 2333 2498 2399 γὰρ
2520 2330 2714 2384 τινός-ω

633 2420 763 2481 poris
784 2424 831 2465 et
854 2417 1066 2478 gallinae,
1087 2414 1163 2459 vel
1185 2411 1453 2472 plurimum
1474 2408 1642 2463 refert,

636 2485 813 2544 quibus
833 2482 1051 2542 gestibus
1071 2477 1164 2523 cibi
1198 2479 1512 2522 dissecentur.
1580 2472 1641 2517 U·

637 2557 866 2605 trumque
887 2545 1011 2592 forte
1028 2543 1151 2590 ridet
1171 2548 1331 2601 poeta.

707 2611 816 2659 125.
838 2624 938 2669 seq.
971 2607 1084 2653 Alia
1114 2606 1331 2658 adfertur
1361 2615 1528 2659 causa,
1559 2613 1645 2646 cur

636 2690 786 2724 coenae
816 2673 1052 2720 nobilium
1086 2669 1412 2727 ditiorumque
1433 2666 1645 2712 vitandoe

636 2743 763 2787 sint=
800 2737 978 2784 duceris
1002 2735 1186 2796 planta,
1209 2732 1409 2791 pedibus
1442 2727 1647 2775 traheris

638 2807 784 2855 foraS,
802 2804 848 2847 vi
867 2797 1069 2861 ejicieris
1088 2811 1115 2842 e
1138 2796 1366 2850 triclinio,
1379 2794 1422 2838 si
1432 2793 1557 2839 forte
1575 2793 1647 2837 in-

640 2877 714 2915 ter
731 2866 1017 2912 coenandutn
1037 2860 1229 2917 hiscere,
1244 2860 1395 2918 loqui,
1409 2869 1558 2902 ausus
1571 2856 1649 2901 fu-

637 2933 749 2983 eris,
766 2936 997 2987 tamquam
1018 2924 1179 2969 habeas
1199 2924 1291 2967 tria
1306 2922 1514 2973 uomina,
1531 2921 1580 2965 h.
1600 2934 1641 2964 e.

557 3019 566 3036 2
638 3003 891 3053 tamquam
908 2995 957 3036 et
970 2996 1023 3034 tu
1038 2987 1157 3032 civis
1173 2987 1237 3031 sis
1252 2984 1552 3043 optimalege
1569 2982 1646 3028 vel

640 3061 900 3118 ingenuus,
912 3053 994 3112 qui
1012 3051 1159 3096 libere
1176 3050 1306 3109 loqui
1323 3048 1471 3108 possit
1489 3063 1505 3094 z
1531 3060 1646 3092 nam

640 3122 830 3168 civibus
869 3118 1013 3163 Rom.
1052 3115 1145 3159 tria
1187 3115 1471 3173 plerumque
1509 3115 1647 3157 erant

643 3184 859 3239 nomina,
885 3191 1180 3239 praenomen,
1200 3190 1375 3223 nomen
1397 3181 1447 3220 et
1467 3189 1646 3234 cogno-

644 3261 779 3304 men,
792 3260 849 3291 ac
861 3244 1031 3292 civitas
1045 3243 1186 3287 Rom.
1209 3238 1421 3287 multum
1440 3239 1644 3297 dignita-

646 3314 708 3358 tis
720 3308 1006 3372 juriumque
1023 3307 1313 3352 conferebat.
1346 3302 1438 3347 Sed
1454 3303 1647 3357 rectius,

646 3378 836 3436 opinor,
856 3373 906 3418 in
931 3370 1081 3415 altero
1102 3370 1208 3415 cod.
1242 3369 1453 3427 Gaybac.
1473 3366 1651 3425 legitur

643 3450 919 3501 quamquam
932 3434 1096 3480 habeas
1112 3435 1209 3478 tria
1225 3432 1429 3486 nomina,
1448 3430 1498 3475 h.
1513 3442 1556 3476 e.
1577 3430 1652 3475 in-

645 3515 834 3565 genuus
866 3500 933 3544 sis
955 3511 996 3544 s.
1022 3497 1161 3554 civis,
1194 3496 1459 3542 dummodo
1491 3492 1654 3552 inopia

645 3570 844 3614 labores.
879 3563 1044 3622 Vulgo
1059 3566 1327 3621 exponunt,
1342 3569 1589 3616 tamquam
1604 3562 1655 3602 et

645 3640 701 3678 tu
725 3630 789 3674 sis
807 3627 993 3680 nobilis.
1029 3623 1217 3671 Verum
1234 3637 1332 3670 non
1350 3622 1532 3667 nobiles
1546 3626 1652 3667 tan-

645 3702 776 3749 tum,
798 3693 881 3736 sed
899 3690 1101 3749 quilibet
1123 3690 1222 3735 fere
1252 3686 1431 3733 civium
1454 3686 1548 3730 tria
1569 3686 1656 3731 ha-

645 3758 788 3804 bebat
811 3754 1035 3800 nominat
1070 3752 1237 3798 favent
1269 3757 1435 3796 tamen
1466 3749 1538 3794 illi
1569 3762 1653 3794 ex·

647 3818 894 3882 plicationi
908 3818 1051 3862 verba
1064 3815 1263 3862 Ausonii
1282 3828 1293 3857 z
1324 3814 1438 3859 Tres
1449 3813 1655 3873 equitum

648 3891 839 3938 tarmoe,
862 3881 957 3926 tria
978 3880 1167 3924 nomina
1183 3878 1471 3924 nobiliorum.
1509 3877 1657 3923 Cam

646 3950 704 3995 ab
736 3943 943 3992 Hercule
977 3944 1127 4000 saxis,
1161 3942 1405 4002 stipitibus
1443 3945 1493 3985 et
1523 3941 1661 3986 clava

648 4014 787 4066 tetus,
811 4015 881 4063 et,
909 4019 1061 4065 quum
1086 4007 1271 4052 occisus
1292 4010 1437 4061 esset,
1459 4004 1659 4063 pedibus

649 4093 678 4124 e
713 4074 944 4134 spelunca
978 4077 1277 4129 protractum
1324 4069 1453 4127 quod
1484 4074 1660 4113 notum

649 4141 728 4187 vel
750 4152 777 4184 e
799 4136 939 4195 Virg.
963 4135 1071 4180 AEn.
1096 4130 1363 4179 vniam.
1380 4145 1481 4191 seq.

641 4213 644 4216 ’
718 4201 825 4249 128.
869 4200 1009 4245 Virro
1030 4210 1081 4245 v,
1100 4210 1206 4256 sup.
1229 4198 1290 4242 ad
1315 4210 1359 4240 v.
1381 4195 1462 4242 39.
1484 4192 1658 4255 Propi-

651 4281 784 4325 nare,
804 4260 1038 4329 «gorinus,
1060 4274 1222 4323 propr.
1242 4261 1435 4314 dicitur,
1457 4260 1542 4319 qui
1576 4274 1659 4319 po-

650 4335 815 4388 cuium
835 4345 876 4381 s.
894 4330 1062 4375 vinum
1080 4325 1288 4373 summis
1303 4325 1481 4371 delibat
1495 4325 1658 4379 labris,

1707 2403 1807 2450 εἶσὶ·
1828 2401 1866 2450 οἱ
1898 2400 2024 2463 λίγα
2045 2396 2171 2448 κενοί.
2202 2408 2251 2446 et
2276 2400 2499 2456 Theogn.
2536 2399 2602 2459 τᾷ
2623 2396 2715 2460 γὰρ

1707 2467 1829 2532 πενίῃ
1860 2462 2104 2527 δεδμημίυφ
2132 2459 2299 2512 δίδη-αι
2330 2464 2356 2514 ἧ
2389 2465 2603 2525 γλῧσσα,
2625 2463 2717 2507 etsi

1709 2530 1927 2580 Πολλᾶκι
1948 2531 2028 2577 καὶ
2048 2529 2246 2595 κητυξόε
2269 2529 2376 2594 ἀνὴρ
2394 2528 2534 2589 μάλα
2557 2523 2717 2592 nes'gm

1710 2595 1839 2646 nien».
1874 2595 2079 2641 homines
2106 2600 2293 2653 pertusa
2325 2595 2460 2648 Ioena,
2484 2594 2644 2639 lacera
2664 2603 2718 2635 ac

1709 2670 1840 2708 sarta
1861 2668 1992 2706 veste
2013 2658 2194 2714 induti,
2213 2659 2264 2704 h.
2289 2672 2332 2703 e.
2354 2669 2606 2717 pauperes.
2643 2655 2718 2700 ef.

1710 2728 1773 2773 ad
1797 2721 1894 2771 111.
1914 2724 2026 2771 283.

1780 2787 1889 2835 132.
1921 2802 2023 2847 seq.
2056 2787 2106 2832 Si
2138 2799 2341 2838 munere
2376 2784 2597 2830 Deorum
2637 2789 2721 2832 aut

1713 2853 1968 2900 bominum
1986 2852 2120 2898 dives
2136 2856 2331 2909 repente
2356 2850 2512 2905 fieres,
2527 2848 2722 2893 Immun-

1705 2921 1796 2969 ct'o‚
1821 2924 1895 2973 tu,
1916 2916 2002 2975 qui
2025 2927 2155 2960 nunc
2175 2914 2224 2958 in
2249 2919 2498 2959 contemtu
2524 2911 2650 2956 vivis
2671 2916 2719 2955 et

1709 2993 1857 3038 quem
1890 2980 2074 3025 nobiles
2108 2979 2189 3023 vix
2219 2977 2469 3022 hominem
2509 2980 2717 3033 putant3

1709 3057 1857 3105 quam
1880 3056 2086 3103 magnus
2107 3041 2362 3088 confestim
2385 3048 2434 3085 et
2457 3041 2723 3086 honoratus

1709 3106 1964 3157 evaderes!
2004 3105 2355 3165 Quadringenta
2388 3118 2456 3149 se.
2478 3103 2719 3158 sestertia,

1709 3185 1910 3219 censum
1932 3178 2226 3230 equestrem,
2251 3175 2308 3215 ut
2341 3168 2384 3215 Ι.
2420 3167 2528 3214 106.
2565 3172 2616 3212 et
2651 3167 2720 3212 11.

1712 3236 1826 3284 117.
1843 3235 2011 3281 similis
2022 3234 2150 3286 Diis,
2173 3235 2320 3279 homo
2341 3234 2496 3289 dives,
2513 3228 2724 3294 (ea-aeq»

1710 3297 1748 3346 δ’
1769 3298 1902 3365 ἄρατὸ
1924 3297 2003 3346 καὶ
2025 3294 2149 3349 aaut
2172 3292 2335 3349 ὄτηδιῖ.
2376 3293 2562 3356 Δαίμονι
2583 3291 2619 3341 δ’
2641 3291 2721 3345 οἷος

1711 3363 1848 3414 ἴῃσθα
1878 3365 2078 3411 Hesiod.
2110 3362 2242 3428 Ἐςγ.
2267 3378 2314 3410 v.
2346 3361 2461 3409 313.
2481 3359 2621 3417 314.)
2653 3360 2730 3405 vel

1713 3430 1862 3474 homo
1874 3429 2109 3487 dignitate
2126 3434 2175 3472 et
2188 3428 2404 3486 potentia
2419 3425 2597 3471 ceteris
2610 3438 2734 3484 prae-

1715 3501 1867 3545 stans,
1889 3493 2015 3550 inpr.
2038 3490 2337 3550 Imperator:
2371 3502 2487 3535 nam
2514 3488 2728 3549 Impera-

1719 3556 1902 3602 toribus
1923 3557 2063 3602 Rom.
2087 3555 2240 3600 divini
2267 3556 2473 3601 honores
2504 3554 2729 3599 decerne-

1718 3620 1914 3674 bantur,
1931 3619 2061 3666 etad
2079 3630 2161 3663 eos
2184 3619 2562 3664 transferebatur
2578 3617 2728 3671 notio,

1718 3696 1867 3744 quam
1906 3682 2067 3728 Groeci
2095 3682 2156 3727 de
2188 3684 2380 3742 regibus
2417 3689 2467 3727 et
2500 3681 2724 3727 heroibus

1717 3747 1881 3792 animo
1903 3747 1992 3791 sibi
2010 3746 2356 3800 informabant,
2374 3758 2584 3804 quorum
2599 3748 2726 3801 βιη-

1718 3811 1810 3862 λιῖς
1834 3822 1873 3856 8.
1894 3807 2085 3860 ἄνοικτος
2108 3816 2157 3854 et
2177 3806 2305 3874 ὅμως
2327 3815 2463 3855 erant
2486 3806 2728 3860 Iudaeum.

1719 3872 1966 3931 ἱιηιίκιλοι,
2005 3870 2248 3935 ὃνιλῖιγκιοι
2279 3870 2571 3925 uniente»,
2609 3875 2725 3920 duu-

1723 3935 1824 3992 δεῖς.
1845 3940 1947 3986 Ιιῗον
1978 3936 2117 4000 eyim,
2151 3935 2329 3999 ᾖμῖθιοι,
2347 3933 2598 4001 δυσπεψίας.
2638 3948 2735 3982 one-⁸

1724 4006 1834 4061 tior,
1855 4005 2126 4064 benignior,
2146 4004 2290 4065 jutis,
2310 4014 2422 4062 quae
2456 4000 2651 4047 voluere
2681 4008 2730 4046 te

1723 4081 1983 4129 pauperem
2007 4080 2125 4113 esse.

1791 4130 1902 4179 184.
1934 4131 2013 4178 Cf.
2035 4132 2178 4178 ovid.
2202 4130 2335 4177 Fast-
2353 4128 2396 4175 Ι.
2416 4128 2528 4176 117.
2551 4136 2604 4174 et
2626 4140 2726 4186 sup.

1726 4198 1770 4244 1.
1793 4194 1905 4243 112.
1973 4195 2079 4242 135.
2103 4196 2183 4241 Da
2211 4194 2375 4240 Trebio
2395 4206 2464 4241 sc.
2485 4194 2731 4252 poculum,

1724 4263 1801 4308 vel
1844 4261 2007 4307 cibum
2049 4259 2392 4313 delicatiorem,
2428 4265 2479 4302 et
2514 4269 2633 4315 poue
2674 4255 2732 4300 ad

1731 4324 1969 4383 Trebium,
1993 4325 2137 4370 verba
2167 4322 2330 4370 divitis
2361 4321 2424 4367 ad
2445 4332 2665 4373 servum,
2683 4322 2730 4366 et
