2978 4920
606 334 732 396 2⁰2

1269 324 1973 390 -JIJVENALIS

701 643 1259 740 STEMMATA
1281 668 1441 754 quid
1458 668 1723 744 faciunt,
1734 666 1895 753 quid
1912 666 2192 753 prodest,
2210 665 2683 749 Pontice,longo

700 771 1017 857 Sanguine
1045 769 1300 845 censeri,
1330 768 1660 854 pictosque
1691 766 2018 831 ostendere
2047 767 2270 832 vultus

700 873 1048 958 Majorum,
1078 882 1140 934 et
1171 880 1405 933 stantes
1435 867 1501 930 in
1530 868 1823 932 curribus
1854 867 2251 947 AEmilianOS,

702 974 791 1035 Et
826 972 1051 1035 Curios
1073 970 1209 1056 jam
1239 967 1554 1045 dimidios,
1585 967 2007 1054 humerosque
2037 968 2341 1034 minorem

704 1071 1071 1148 Corvinum,
1102 1084 1166 1134 et
1197 1069 1470 1133 Galbam
1500 1069 1802 1133 auriculis
1831 1091 2109 1155 nasoque
2137 1076 2492 1135 carentem?
2645 1073 2687 1133 5

686 1258 840 1308 Satira
858 1257 1161 1313 nobilissima,
1181 1264 1228 1305 et
1259 1257 1310 1303 in
1343 1256 1619 1321 perfectissi-
1684 1271 1766 1304 seu
1786 1255 1932 1311 vittoe,
1954 1271 2013 1304 ex
2042 1255 2199 1304 herbis
2231 1264 2280 1304 et
2314 1256 2505 1304 floribus
2538 1264 2689 1311 texte,

625 1324 715 1373 mis
740 1325 770 1373 J
776 1322 983 1371 uvenalis
1006 1322 1223 1387 operibus
1252 1321 1622 1370 adnumeranda.

625 1389 699 1437 Ea.
716 1387 934 1453 praeclare
951 1385 1123 1443 docuit,
1146 1400 1303 1435 veram
1329 1386 1620 1459 nobilitatem

624 1468 720 1500 non
740 1450 880 1500 veteri
901 1465 1037 1524 prosa
1071 1448 1117 1498 ia
1137 1458 1185 1498 et
1216 1449 1375 1496 multis
1406 1447 1619 1524 imagini-
1680 1445 1757 1511 goe
1786 1465 1833 1495 v.
1874 1447 1950 1509 7.)
1983 1464 2042 1496 ex
2074 1450 2158 1498 stir

555 1561 558 1564 ,
624 1516 729 1570 bus,
765 1515 848 1564 sed
879 1513 1035 1563 virtuti
1069 1531 1125 1562 us
1158 1522 1206 1562 et
1236 1512 1418 1576 magnis
1447 1530 1498 1561 in
1530 1529 1626 1562 rem

623 1580 862 1645 publicam
893 1578 1069 1627 meritis
1094 1578 1348 1636 contineri3
1382 1575 1524 1640 idque
1544 1593 1625 1625 ex-

611 1659 699 1693 em
733 1645 791 1692 lis
821 1640 1189 1707 exquisitissimis
1211 1640 1487 1689 inlustravit.
1553 1641 1625 1689 Si-

626 1709 686 1757 m‘
709 1724 736 1757 e
940 1714 1100 1755 entum
1148 1704 1363 1754 tractavit
1405 1705 1629 1754 Horatius

607 1774 729 1834 ⁸Sat.
756 1773 799 1820 1.
824 1772 916 1820 VI.
937 1771 1020 1819 sed
1052 1769 1227 1818 ratione
1259 1770 1396 1834 longe
1427 1769 1627 1819 diversa.

631 1836 762 1894 Quid
781 1835 961 1883 intersit
990 1834 1109 1883 inter
1129 1833 1376 1881 Horatium
1404 1841 1451 1881 et
1480 1835 1513 1883 J
1517 1849 1627 1882 uve·

629 1901 802 1955 nalem,
834 1900 935 1963 jam
964 1900 1083 1947 bene
1118 1897 1321 1946 ostendit
1359 1898 1537 1960 Koenig
1571 1898 1630 1946 de

631 1967 730 2013 Sat.
753 1965 896 2011 Rom.
928 1979 977 2037 p.
1008 1965 1088 2011 71.
1119 1961 1193 2009 his
1222 1960 1405 2010 verbis:
1440 1962 1633 2027 “Apud

632 2029 764 2077 illum
820 2042 977 2078 omma
1025 2026 1249 2075 sermonis
1288 2025 1513 2074 naturalis
1554 2026 1633 2074 filo

629 2092 904 2159 procedunt,
923 2089 1286 2155 unumquodque
1319 2098 1484 2155 sponte
1508 2090 1635 2139 nasci

633 2174 690 2204 ex
716 2154 1111 2211 antecedentibus,
1136 2163 1217 2202 aut
1247 2153 1347 2202 sine
1365 2153 1519 2202 studio
1553 2154 1636 2202 ob-

632 2221 781 2268 latum
814 2219 1010 2274 videtur,
1043 2218 1251 2282 nihilque
1282 2218 1377 2267 sere
1408 2218 1500 2266 nisi
1539 2226 1636 2266 tur-

632 2286 743 2333 bato
792 2284 998 2333 omnium
1047 2283 1206 2331 ordine
1256 2290 1407 2347 potest
1456 2281 1635 2330 omittit

635 2350 713 2398 hic
752 2349 950 2415 primum
992 2349 1145 2396 minus
1190 2346 1523 2412 circumspecte
1564 2347 1631 2395 vi·

635 2414 749 2463 tium
773 2429 803 2463 a
821 2413 967 2462 fronte
989 2411 1269 2487 adgreditur,
1293 2411 1462 2460 deinde
1494 2412 1544 2460 in
1564 2411 1632 2458 vi-

635 2480 712 2527 tiis
752 2488 800 2527 et
842 2494 869 2525 o
904 2477 1095 2543 probriis
1136 2476 1388 2525 nobilitatis
1424 2475 1631 2541 undique

635 2543 849 2607 conligen
884 2543 922 2590 is
954 2541 1169 2597 desudat,
1193 2557 1360 2606 eaque,
1387 2551 1436 2589 ut
1455 2541 1637 2589 hiatum

638 2608 825 2673 quidem
856 2623 950 2656 non
982 2606 1322 2666 animadvertas
1354 2606 1520 2663 ullum,
1549 2606 1635 2653 ali·

639 2690 734 2737 qua
751 2672 928 2721 ratione
953 2671 1076 2736 inter
1096 2687 1145 2719 se
1166 2670 1399 2719 consociat
1417 2679 1465 2718 et
1496 2686 1637 2734 copu-

637 2739 734 2787 lat:
803 2736 1030 2800 adparent
1079 2744 1236 2783 tamen
1288 2744 1343 2782 ut
1403 2734 1452 2781 in
1505 2749 1640 2798 opere

635 2802 888 2866 composito
931 2808 979 2847 et
1028 2798 1233 2847 nondum
1287 2798 1444 2847 dolato
1481 2806 1639 2864 partes

640 2879 891 2928 carumque
916 2862 1241 2918 commissurae,
1266 2861 1488 2923 nullaque
1520 2861 1639 2911 adeo

641 2946 748 2977 cum
780 2936 876 2977 toto
911 2927 1125 2982 cohaeret,
1156 2934 1209 2974 ut
1245 2941 1337 2973 non
1374 2934 1457 2972 aut
1495 2924 1639 2974 alium

641 2994 791 3041 locum
816 2991 1037 3046 obtinere,
1056 2996 1137 3039 aut
1153 2988 1340 3038 omnino
1355 2990 1518 3038 abesse
1534 3005 1640 3054 pos·

642 3057 718 3104 sit.
785 3058 888 3103 Hoc
911 3054 1116 3103 materiai
1181 3053 1367 3103 arandae
1390 3061 1437 3102 et
1458 3069 1641 3102 coacer-

642 3120 809 3169 vandae
846 3118 1004 3174 nimio,
1041 3135 1104 3182 qu
1205 3118 1500 3166 declamandi
1531 3134 1642 3167 con·

643 3183 875 3233 suetudini
906 3181 1046 3230 tribui
1070 3191 1246 3255 potest,
1271 3182 1424 3231 studio
1455 3182 1641 3240 omisso,

642 3249 693 3297 in
715 3247 924 3314 partibus
956 3246 1267 3310 exprimendis
1281 3246 1398 3295 mira
1434 3248 1642 3296 Juvena-

643 3314 703 3362 lis
734 3320 805 3362 est
836 3310 1056 3366 sollertia,
1082 3319 1134 3358 nt
1166 3310 1215 3358 in
1248 3310 1336 3358 hac
1367 3326 1415 3358 re
1437 3310 1513 3358 vel
1535 3327 1642 3360 cum

645 3377 844 3427 Horatio
876 3383 1110 3424 certamen
1144 3374 1187 3423 ei
1219 3390 1310 3422 non
1347 3374 1510 3422 fuisset
1541 3391 1643 3439 per·

642 3438 1049 3492 horrescendum.”
1114 3439 1296 3505 Scripta
1327 3447 1397 3488 est
1422 3439 1524 3487 haec
1557 3441 1644 3488 Sa·

646 3509 736 3557 tira
775 3515 877 3572 post
918 3512 1112 3553 mortem
1157 3505 1373 3560 Neronis,
1417 3503 1465 3551 in
1507 3519 1644 3567 quem

645 3589 691 3621 v.
718 3574 824 3620 193.
846 3579 894 3619 et
920 3570 1193 3618 211-230.
1227 3569 1436 3618 acerbius
1466 3568 1643 3617 invehi-

648 3643 722 3684 tur
737 3643 889 3700 poeta,
908 3633 1031 3698 quod
1050 3648 1105 3681 eo
1123 3634 1230 3681 vivo
1251 3649 1343 3681 non
1366 3649 1506 3682 ausus
1526 3642 1647 3682 esset

649 3700 816 3747 facere.
851 3699 926 3746 Cf.
947 3714 1049 3762 sup.
1072 3698 1116 3745 1.
1144 3699 1249 3746 169.
1277 3698 1379 3747 170.

719 3765 763 3810 1.
776 3776 874 3824 seq.
895 3761 971 3810 Cf.
988 3770 1147 3809 auctor
1158 3777 1328 3826 paneg.
1346 3762 1408 3810 ad
1429 3761 1650 3809 Pisonem

652 3845 699 3875 v.
732 3828 778 3874 8.
811 3839 909 3887 seq.
940 3840 1078 3887 quem
1114 3826 1358 3874 Juvenalis
1389 3826 1506 3874 forte
1543 3834 1649 3874 ante

650 3891 809 3941 oculos
839 3887 1019 3937 habuit.
1084 3888 1308 3944 Ponticus,
1347 3888 1416 3937 vir
1446 3889 1652 3952 ignotus,

653 3972 741 4004 nec
774 3962 929 4001 tamen
963 3951 1059 3999 illis
1097 3953 1379 4016 temporibus
1415 3952 1650 4016 ignobilis,

654 4021 741 4081 (cf.
762 4036 808 4066 v.
832 4018 910 4064 87.
931 4018 1054 4078 seq.)
1072 4016 1289 4064 oriundus
1320 4016 1435 4064 forte
1467 4032 1498 4064 a
1528 4017 1649 4064 cele·

651 4084 848 4134 beri-imo
867 4080 952 4129 illo
970 4087 1128 4144 poeta,
1179 4080 1224 4126 ui
1245 4076 1492 4128 Thebaida
1510 4080 1595 4127 scri
1630 4109 1653 4122 .

653 4150 727 4198 sit.
761 4149 837 4196 De
855 4159 946 4209 quo
967 4161 1008 4191 v.
1030 4096 1279 4191 VVflDD.
1298 4144 1358 4192 ad
1375 4145 1583 4209 Propert.
1635 4181 1647 4193 .

652 4218 696 4263 7.
720 4222 768 4262 et
788 4213 834 4259 9.
858 4218 997 4273 atque
1032 4206 1175 4256 Ovid.
1194 4208 1333 4255 Trist.
1352 4208 1444 4257 IV.
1470 4210 1546 4256 10.
1569 4210 1646 4258 47.

652 4280 902 4330 Stemmata,
940 4272 1170 4335 ςίμμαιηε,
1208 4289 1236 4321 a
1268 4273 1421 4335 τίφην,
1456 4277 1646 4321 circum-

652 4347 775 4397 dare,
797 4355 1019 4395 moriare,
1039 4338 1220 4404 proprie
1234 4337 1509 4387 dicebantur
1526 4347 1647 4387 serta

1685 1320 1858 1392 quibus
1888 1320 2188 1369 circumdate
2226 1323 2351 1369 linae
2385 1321 2461 1369 vel
2498 1321 2689 1368 funiculi

1689 1384 1800 1432 linei
1822 1384 1883 1432 ad
1905 1383 2151 1448 imagines,
2174 1393 2415 1449 tamquam
2438 1385 2556 1433 rami
2578 1386 2692 1449 (vir-

2247 1449 2586 1504 discurrebant,
2619 1464 2695 1496 ea·

1688 1526 1883 1575 rumque
1901 1511 2023 1561 inter
2042 1529 2092 1562 se
2111 1531 2159 1562 re
2182 1514 2375 1570 ationes,
2395 1514 2606 1578 adeoque
2627 1513 2694 1561 fa·

1688 1576 1829 1624 miliae
1850 1578 2189 1626 successionem
2211 1595 2250 1626 s.
2270 1578 2593 1643 genealogiam
2626 1578 2697 1626 in·

1690 1641 1930 1698 dicabant,
1950 1650 2005 1690 ut
2034 1641 2084 1689 in
2116 1642 2275 1691 oculos
2301 1643 2574 1699 incurreret,
2597 1641 2699 1707 quis

1691 1713 1811 1753 esset
1842 1713 1993 1770 pater,
2023 1705 2146 1754 filius
2176 1715 2270 1756 cet.
2345 1707 2442 1756 Hic
2474 1716 2699 1764 ammata

1690 1784 1876 1832 quoque
1897 1770 2181 1818 vocabantur
2197 1771 2310 1836 ipsae
2330 1771 2562 1845 majorum
2584 1770 2697 1819 ima·

1691 1833 1839 1896 gines,
1858 1849 1961 1897 quae
1979 1843 2112 1882 erant
2132 1834 2266 1899 signa
2288 1835 2562 1892 nobilitatis,
2585 1850 2698 1899 qua-

1693 1912 1886 1961 rumque
1910 1898 1991 1962 jus
2022 1897 2202 1947 dabant
2232 1898 2531 1964 magistratus
2561 1915 2696 1948 cuni·

1696 1961 1778 2017 les,
1796 1978 1913 2025 quos
1929 1962 2113 2025 aliquis,
2124 1963 2201 2011 vel
2214 1964 2413 2029 majores
2428 1963 2532 2028 ejus
2547 1978 2697 2027 gesse-

1694 2033 1832 2086 rant3
1870 2026 1997 2075 unde
2029 2026 2240 2077 homines
2270 2029 2445 2084 nubila,
2480 2031 2599 2085 novi,
2632 2031 2699 2093 ig-

1697 2092 1855 2138 nobiles
1873 2090 2160 2139 dicebantur.
2227 2093 2339 2140 Istae
2372 2092 2602 2155 imagines
2633 2107 2703 2141 or-

1699 2153 1808 2202 dine
1830 2154 2013 2220 disponi
2033 2155 2247 2229 solebant
2268 2155 2317 2232 in
2341 2158 2604 2219 porticibus,
2620 2155 2708 2231 (cf.

1700 2219 2342 2347 3?13·9Y{2>.¹‚⁶?;{13332„¹;‘3¹;¹
2358 2219 2704 2349 ίῖῗῗέἕέὴέἓῖἑ

1699 2361 1737 2393 s.
1759 2347 1984 2404 armariiS,
2007 2363 2113 2412 qiiae
2134 2348 2357 2398 natalitiis
2389 2349 2589 2413 aliisque
2608 2349 2704 2397 die·

1697 2410 1785 2459 bus
1819 2411 1948 2460 festis
1979 2411 2323 2479 aperiebantur.
2363 2417 2474 2479 quid
2494 2413 2701 2479 faciunt,

1697 2476 1920 2534 efficiunt,
1954 2475 2140 2539 juvant,
2179 2486 2387 2542 prosunt.
2437 2481 2565 2543 longo'
2598 2497 2699 2527 sun·

1764 2544 1853 2598 ine,
1871 2548 1925 2590 ut
1942 2543 2032 2588 alto
2048 2557 2085 2593 s,
2106 2557 2181 2608 ap.
2194 2541 2256 2590 V‘
2316 2578 2329 2591 .
2342 2544 2462 2593 AEn.
2486 2544 2580 2592 IV.
2592 2544 2704 2594 230.

1720 2620 1840 2679 ongo
1873 2604 2053 2669 generis
2088 2606 2266 2680 ordine,
2318 2624 2443 2672 unga
2479 2606 2706 2672 majorum

1703 2678 2241 2798 {2331533‘3223333}
2243 2673 2707 2797 ..Jw‘ffiffiz

1701 2812 1895 2910 32¹⁰&
1917 2799 2468 2913 ffissffaffi‘euffimii
2470 2800 2702 2914 &331

1704 2928 1840 2982 tinus,
1865 2928 1921 2974 P.
1945 2927 2186 2977 Cornelius
2200 2900 2372 2993 'Scipio
2406 2929 2707 2987 AEmilianus,

1705 2990 1764 3037 L.
1787 2990 1971 3040 AEniilii
2000 2992 2140 3040 Pauli
2174 2992 2314 3048 filius,
2336 3008 2365 3040 a
2398 2994 2455 3041 P.
2480 2993 2707 3059 Scipione,

1704 3054 1918 3103 Africani
1954 3056 2139 3120 majoris
2173 3056 2284 3111 filio,
2326 3057 2595 3122 adoptatus,
2631 3058 2710 3123 qui

1707 3118 1993 3183 Carthagine
2033 3120 2189 3168 diruta
2237 3120 2285 3168 N
2290 3121 2594 3185 amantisque
2632 3138 2715 3171 es·

1705 3190 1915 3247 pugnata
1950 3184 2038 3231 sibi
2071 3185 2348 3248 cognomina
2386 3185 2597 3251 Africani
2630 3190 2710 3236 mi·

1706 3249 1825 3293 iim-is
1854 3256 1902 3296 et
1936 3248 2205 3297 Numantini
2234 3249 2428 3315 peperit.
2471 3260 2635 3300 nantes
2664 3254 2711 3299 in

1706 3313 1910 3360 curribus
1940 3313 2214 3368 AEmilianos,
2235 3324 2416 3363 statuas
2445 3329 2607 3365 eorum
2639 3317 2709 3365 vel

1708 3376 1893 3424 curules
1913 3377 1989 3424 vel
2011 3377 2331 3443 triumphales.

1773 3441 1818 3489 4.
1842 3443 1888 3489 5.
1923 3441 2100 3506 Lepide
2131 3458 2242 3507 pro:
2277 3449 2458 3492 statuas
2486 3443 2711 3493 nobilium

1708 3504 1951 3568 majorum,
1994 3505 2296 3555 diuturnitate
2346 3514 2440 3556 tem
2504 3508 2567 3556 ris
2612 3509 2710 3574 jam

1708 3568 1976 3625 inminutas,
2011 3579 2059 3617 et
2087 3570 2307 3626 humeris,
2341 3572 2442 3620 auri
2477 3588 2532 3620 us
2563 3572 2708 3622 nasis·

1710 3649 1801 3696 que
1823 3634 2077 3682 mutilatas.
2141 3636 2212 3683 Eo
2244 3634 2427 3698 generis
2459 3636 2715 3702 antiquitas

1711 3697 1995 3760 designatur.
2060 3700 2133 3747 Ex
2162 3708 2301 3763 gente
2336 3700 2480 3748 Curia
2508 3701 2714 3766 inprimis

1712 3760 1929 3810 inclaruit
1949 3761 2040 3810 M’.
2054 3763 2229 3812 Curius
2251 3765 2506 3821 Dentatus,
2528 3766 2612 3830 qui
2632 3768 2713 3815 Sa·

1713 3825 1865 3882 binos,
1913 3826 2162 3884 Samnites,
2204 3835 2252 3876 et
2304 3829 2539 3893 Pyrrhum
2592 3830 2716 3880 vicit.

1715 3890 1930 3938 Cmvimis
1953 3890 2025 3939 vel
2049 3892 2216 3940 Corvus
2233 3908 2491 3966 cognomen
2513 3894 2713 3944 Valeria

1711 3955 1878 4016 gentis,
1900 3955 2027 4029 quod
2048 3957 2121 4003 M.
2144 3957 2363 4006 Valerius
2382 3957 2456 4005 M.
2477 3958 2535 4006 F.
2556 3959 2711 4007 Maxi-

1714 4034 1816 4065 mus
1857 4035 2031 4084 primus
2069 4020 2203 4068 tulit:
2247 4019 2404 4069 unde‘l
2445 4023 2525 4071 vel
2554 4023 2710 4072 tironi-

1712 4082 1802 4129 bus
1822 4094 1982 4132 notum
1999 4100 2025 4132 e
2044 4084 2148 4132 Liv.
2167 4085 2285 4133 VII.
2303 4086 2385 4134 26.
2420 4085 2586 4144 Galba,
2606 4103 2707 4152 oeg-

1711 4161 1880 4195 nomen
1916 4148 2239 4223 Sulpiciorum,
2280 4148 2340 4198 de
2374 4165 2468 4214 quo
2500 4167 2546 4199 v.
2585 4152 2708 4199 Suet.

1713 4210 1855 4258 Galb.
1889 4215 1936 4260 3.
1963 4213 2120 4277 ibique
2151 4214 2301 4279 intpp.
2337 4214 2497 4262 Curios
2511 4218 2613 4276 jam
2644 4218 2707 4264 di-

1710 4277 1879 4330 midioS,
1910 4276 1956 4324 h.
1980 4292 2022 4326 e.
2055 4278 2337 4333 dimidiatos,
2371 4279 2626 4336 mutilatus,
2658 4286 2703 4327 ut

1710 4342 1908 4390 dimidios
1924 4342 2179 4391 vulturius.
2201 4344 2315 4392 XV.
2336 4344 2413 4392 57.
2438 4352 2485 4392 et
2519 4345 2704 4393 dimidios
