2978 4920
1020 290 1462 360 SA'rlnA
1524 243 1665 358 ms

393 462 490 530 Et
518 463 822 552 linguam,
852 478 917 530 et
946 488 1170 542 moreS,
1193 477 1258 531 et
1288 488 1434 530 cum
1463 464 1717 530 tibicine
1745 464 2011 530 chordas

392 567 729 654 Obliquas,
754 589 874 631 ’nec
902 590 1025 630 non
1049 566 1311 652 gentilia
1339 578 1644 653 tympana
1670 588 1882 630 secum

392 666 606 745 Vexit,
636 681 701 732 et
726 667 813 732 ad
845 669 1102 732 Circum
1122 668 1332 753 jussas
1359 680 1643 754 prostare
1672 667 1931 753 puellas.

389 769 520 846 Ite,
546 771 785 855 quibus
812 782 997 857 grata
1023 783 1119 836 est
1147 770 1320 856 picta
1346 770 1506 856 lupa
1528 770 1800 834 barbara
1826 771 2031 835 mitra.

392 871 701 936 Rusticus
726 871 834 936 ille
862 870 1234 951 tuusi‘aamit
1266 872 1693 960 trechedipna,
1726 873 2006 952 Quirine,

390 971 484 1035 Et
508 975 885 1038 ceromatico
910 974 1035 1038 fert
1063 974 1360 1038 niceteria
1386 972 1565 1039 collo.

388 1073 523 1137 Hic
551 1073 682 1138 alta
713 1074 997 1162 Sicyone,
1027 1089 1124 1141 ast
1152 1075 1254 1139 hic
1283 1075 1625 1162 Amydone
1653 1076 1892 1156 relicta,
2248 1126 2260 1138 .

389 1176 521 1239 Hic
550 1177 802 1256 Andro,
833 1177 937 1242 ille
969 1180 1177 1256 Same,
1208 1178 1312 1242 hic
1344 1177 1697 1256 Trallibus,
1727 1192 1839 1244 aut
1871 1180 2244 1261 AlabandiS,
2291 1184 2375 1251 70

383 1280 714 1364 Esquilias
739 1279 1111 1368 dictumque
1138 1293 1366 1371 petunt
1389 1304 1431 1344 a
1458 1281 1690 1346 vimine
1717 1272 1968 1362 collem,

301 1463 465 1511 Esaiae
485 1464 626 1512 VIII.
648 1467 696 1514 6.
728 1469 771 1514 7.
795 1467 878 1513 ubi
912 1482 955 1513 v.
979 1469 1164 1514 Lowth.
1231 1467 1310 1515 63.

301 1543 409 1574 cum
433 1530 643 1588 tibicine,
667 1545 780 1577 cum
808 1531 959 1587 tibiis,
979 1539 1081 1578 tam
1104 1533 1310 1592 obliquis

299 1591 653 1656 (αλιγιαόλιις)
667 1609 814 1654 quam
833 1597 994 1654 rectis,
1012 1599 1139 1656 quod
1157 1609 1310 1658 genus

299 1666 568 1720 utrumque
586 1673 616 1704 a
639 1659 908 1720 Phrygibus
924 1661 1175 1706 inventum
1191 1662 1308 1707 dici·

302 1727 405 1780 tur,
425 1722 615 1783 chordas
640 1723 867 1785 obliquas,
902 1727 1126 1770 sambuca
1159 1727 1307 1784 trigo-

299 1786 431 1832 nalia
444 1794 494 1831 et
507 1787 816 1846 inaequalium
835 1802 1112 1848 nervorum,
1122 1803 1307 1837 necnon

301 1850 666 1909 lym,citharas
677 1853 865 1911 aliaque
880 1853 927 1898 id
942 1867 1094 1912 genus
1107 1848 1310 1917 ‘voest

298 1912 641 1972 instrumenta,
658 1930 865 1975 quorum
883 1918 1031 1963 latera
1047 1923 1094 1961 et
1110 1933 1305 1972 cornua,

301 1980 482 2038 τηχοῖα
514 1987 561 2024 et
599 1977 788 2043 aigae-a,
838 1981 972 2027 fuere
1011 1982 1220 2041 obliqua.
1262 1998 1304 2028 v.

298 2042 560 2100 spanhem.
594 2047 656 2089 ad
688 2046 878 2091 Gallim.
923 2047 993 2094 H.
1026 2047 1075 2090 in
1112 2046 1219 2092 Del.
1259 2062 1303 2091 v.

298 2105 410 2152 253.
428 2108 476 2153 in
492 2108 636 2153 Dian.
654 2123 699 2154 v.
719 2107 987 2155 243—246.
1001 2117 1050 2153 et
1062 2110 1308 2171 Boettiger

302 2171 352 2215 in
378 2169 622 2218 Wielandi
645 2174 807 2218 Attico
832 2174 1004 2221 Museo
1027 2173 1085 2219 T.
1110 2173 1146 2218 1.
1171 2176 1304 2222 Fasc.

296 2234 345 2299 2.
372 2248 420 2293 p.
438 2234 551 2282 34⁸5.
571 2250 670 2297 seq.
690 2237 1003 2298 Tympunum,
1022 2235 1247 2296 τύμπανον
1267 2254 1305 2286 a.

297 2312 549 2375 τύραννος,
569 2319 721 2363 Hebr.
745 2312 860 2378 ἾΠ,
887 2317 1034 2362 Arab.
1057 2314 1137 2378 ΤΙ
1161 2319 1306 2366 Turc.

293 2381 420 2440 Diffi
438 2382 636 2427 Barbar.
653 2381 797 2437 Tarr,
811 2383 1017 2438 Hispan.
1032 2383 1205 2443 Adufi’,
1217 2385 1305 2442 lig.

295 2457 420 2491 num
440 2453 743 2490 excavatum
775 2447 1001 2502 coi-ioque
1022 2447 1308 2505 obductum,

294 2511 429 2569 quod
465 2510 710 2564 manibus,
742 2521 773 2554 a
805 2509 1070 2567 virginibus
1102 2511 1310 2567 plerum·

296 2587 414 2632 que,
448 2573 748 2631 pulsabatur,
783 2580 833 2619 et
866 2585 1226 2632 nonnumquam
1259 2576 1317 2620 in’

295 2638 502 2685 laterum
547 2638 770 2683 incisuris
823 2638 939 2684 hinc
982 2638 1115 2683 illinc
1156 2640 1308 2697 erepi-

295 2703 458 2747 taeula
491 2714 625 2752 aenea
659 2703 881 2755 habebat,
904 2711 1015 2759 quae
1035 2702 1083 2757 in
1118 2703 1308 2749 axiculo

293 2764 424 2811 inter
468 2778 521 2811 se
551 2766 731 2812 conlisa
762 2766 942 2812 tinnitu
976 2779 1065 2811 suo
1097 2768 1308 2813 suaviter

297 2831 632 2888 temperabant
689 2832 947 2889 complosae
1007 2833 1305 2878 membranae

293 2893 526 2947 boatum;
559 2894 935 2944 instrumentum
957 2896 1197 2940 musicum
1224 2910 1304 2941 va-

297 2957 358 3002 rii
379 2958 569 3017 generis
601 2970 657 3004 ac
690 2958 877 3012 formae,
901 2958 950 3003 in
985 2957 1180 3005 Oriente
1208 2960 1303 3005 fre-

291 3021 686 3078 quentissimum,
713 3024 862 3073 (unde
885 3022 934 3067 h.
959 3023 991 3066 1.
1005 3019 1227 3084 gentilia)
1251 3031 1302 3070 et

294 3084 409 3131 inde
446 3086 497 3130 in
535 3086 820 3145 Hispaniam
854 3088 1160 3134 translatum.
1225 3088 1303 3134 65.

290 3149 491 3207 puellas,
530 3151 810 3196 ambubaias
847 3151 1028 3211 Syrias,
1061 3155 1130 3204 (v.
1171 3150 1305 3200 Suet.

291 3213 410 3259 Ner.
445 3213 524 3262 27.
556 3222 606 3260 et
638 3216 813 3261 Horat.
838 3218 947 3262 sat.
989 3215 1030 3262 1.
1061 3215 1106 3262 2.
1143 3212 1306 3275 1.),et

293 3278 666 3326 Submoenianas
698 3283 995 3338 meretriceS,
1011 3282 1073 3326 ad
1094 3282 1300 3327 Moenia-

293 3354 416 3388 num
437 3343 799 3395 &Maeuianum
818 3345 1076 3391 edificium
1093 3347 1142 3390 in
1163 3346 1305 3392 Circo

288 3410 565 3464 manantes,
585 3414 801 3465 quas,1ut
818 3409 961 3454 verba
978 3410 1117 3468 Prop.
1137 3409 1208 3459 II.
1223 3409 1300 3457 23.

294 3468 374 3516 21.
397 3484 509 3517 mea
525 3472 721 3529 faciam,
733 3472 1015 3532 Euphrates,
1030 3478 1073 3520 et
1086 3489 1198 3534 quas
1213 3476 1300 3519 mi-

292 3534 358 3579 sit
384 3533 598 3584 Orontes.
663 3536 884 3584 Prostare
914 3551 1016 3583 voc.
1059 3551 1218 3597 propr.
1240 3540 1301 3584 de

291 3601 463 3644 scortis
485 3600 706 3658 publicis,
729 3614 923 3661 corpore
955 3608 1192 3660 quastum
1225 3604 1297 3649 fa·

292 3662 548 3710 cientibus.
614 3664 692 3711 66.
735 3666 812 3712 Ite
849 3666 899 3709 in
939 3666 1118 3713 malam
1160 3666 1296 3713 rem!

288 3725 485 3772 bar-hara
492 3728 618 3788 lupa,
635 3730 753 3790 Syra
764 3730 1010 3783 meretrix,
1023 3743 1135 3776 cum
1153 3734 1302 3778 mitra

293 3789 528 3851 Phrygia,
549 3795 698 3840 fascia
723 3795 893 3853 capitis
913 3800 962 3838 et
989 3794 1301 3855 redimiculis,

286 3855 424 3913 picta
448 3870 554 3904 acu.
576 3872 622 3903 v.
658 3870 765 3916 sup.
785 3861 845 3905 ad
871 3856 935 3902 11.
959 3856 1036 3903 84.
1054 3865 1104 3904 et
1128 3859 1302 3921 Heyne

286 3920 355 3964 ad
371 3920 508 3979 Virg.
531 3922 641 3969 AEn.
664 3921 758 3970 IV.
773 3922 883 3969 216.

361 3984 443 4032 67.
487 3987 668 4046 Magna
705 3988 777 4033 vis
819 3988 871 4033 in
915 3990 1200 4046 apostrophe
1238 3992 1302 4035 ad

294 4047 571 4109 Quirinum,
592 4050 879 4104 Romulum,
900 4058 958 4097 ut
978 4052 1171 4110 sup..11.
1197 4053 1298 4100 128.

288 4113 356 4158 ad
379 4115 608 4163 Martem.
670 4115 893 4167 Rusticus
911 4116 992 4162 ille
1021 4122 1128 4163 tuus
1150 4130 1302 4177 popu.

292 4177 397 4235 lus,
416 4179 649 4228 civisJCf.
670 4182 731 4226 ad
750 4178 818 4226 11.
839 4179 946 4230 127.
959 4186 1009 4226 et
1026 4180 1172 4230 VIII.
1187 4181 1297 4239 275.

296 4240 612 4303 Trechedipna
625 4244 822 4302 quidam
836 4245 1117 4294 existimant
1129 4249 1299 4294 endro-

290 4306 457 4354 mides
475 4320 595 4363 ease,
622 4309 696 4355 vel
718 4308 1006 4357 vestimenta
1035 4315 1084 4356 et
1115 4311 1298 4358 calceos

1376 1467 1713 1527 parasitorum,
1752 1471 1835 1530 qui
1875 1476 2002 1518 certe
2044 1473 2283 1521 Atheneo
2323 1482 2374 1522 et

1376 1532 1506 1591 Plut.
1532 1528 1819 1598 rgtxfluaem
1841 1535 2084 1595 dicuntur,
2101 1537 2148 1582 h.
2165 1552 2208 1584 e·
2220 1539 2374 1586 adca·-

1372 1611 1480 1642 nam
1504 1613 1541 1643 s.
1560 1601 1821 1657 sportulam
1845 1601 2135 1649 musitantes.
2165 1603 2264 1649 Alii
2283 1617 2371 1662 pu·

1375 1669 1500 1719 tant,
1523 1662 1803 1720 hieronicas,
1828 1667 1888 1711 de
1918 1665 2109 1724 publico
2128 1675 2374 1714 manante·

1373 1726 1412 1769 iv
1434 1727 1499 1787 τῷ
1522 1725 1770 1791 ragneri?
1789 1735 1838 1774 et
1864 1730 1924 1775 ad
1958 1743 2038 1775 eas
2068 1731 2234 1789 epulas
2264 1745 2375 1778 cur·

1372 1801 1551 1849 rentes,
1582 1796 1790 1851 proprie·
1815 1788 2135 1858 ηιχιδιίσηνς
2184 1803 2375 1841 vocatos

1373 1851 1800 1921 εεεελτςεχίῧυπκ
1823 1873 1932 1905 vero
1958 1859 2032 1904 vel
2054 1855 2282 1923 τριχίδας
2298 1861 2373 1907 ni·

1370 1922 1537 1975 celeria
1558 1936 1746 1979 eorum,
1770 1925 1820 1969 h.
1841 1936 1888 1971 e.
1920 1923 2131 1971 victoriae
2152 1926 2373 1983 praemia.

1371 1995 1476 2040 que
1497 1986 1606 2031 collo
1623 1989 1935 2044 gestaverint,
1967 1994 2022 2037 ut
2042 1989 2134 2037 hoc
2154 1989 2393 2048 symbolo·

1370 2050 1523 2104 agniti
1543 2051 1912 2098 admitterentur
1922 2053 1988 2101 ad
2011 2049 2180 2103 eima
2199 2049 2376 2112 δημοτι-

1370 2109 1450 2159 κὴν
1470 2114 1511 2160 ἔν
1530 2115 1595 2174 τῷ
1618 2113 1873 2178 tentandae,
1896 2131 2003 2176 quae
2035 2119 2290 2167 hieronicis
2320 2121 2375 2167 in

1371 2181 1505 2223 omni
1530 2192 1681 2238 agone
1704 2194 1836 2226 sacro
1853 2183 2326 2244 communisfuerit..
2371 2224 2376 2227 .

1434 2242 1512 2288 68.
1556 2245 1698 2297 Poeta
1730 2247 2263 2307 perstringitjaamum
2297 2261 2374 2293 ar·

1370 2306 1496 2351 tium
1554 2310 1964 2367 gymnasticarum
2018 2313 2253 2370 studium,
2310 2326 2374 2361 ex

1370 2370 1559 2421 Graecia
1601 2373 1803 2419 Romam
1860 2376 2165 2432 translatum,
2203 2385 2272 2434 et,
2307 2378 2374 2423 de

1363 2435 1557 2480 'Graecis
1579 2436 1829 2495 loquutuS,
1848 2441 1989 2486 verba
2009 2442 2172 2492 ,etiam
2205 2441 2376 2490 Graeca

1374 2499 1600 2554 adfectat.
1658 2502 1734 2547 Cf.
1759 2504 1931 2550 Horat.
1952 2506 2111 2562 Epist.
2133 2506 2201 2553 11.
2225 2506 2267 2552 1.
2288 2507 2371 2555 32.

1375 2559 1453 2605 33.
1472 2570 1521 2605 et
1539 2564 1660 2610 Plin.
1673 2565 1894 2611 XXXV·
1911 2568 1984 2614 12.
2006 2568 2077 2615 13.
2109 2568 2376 2625 ,Nicaeum

1375 2622 1616 2690 νικητήρια,
1636 2632 1835 2686 praemia
1863 2631 2074 2677 victoriae
2095 2639 2146 2678 et
2165 2634 2374 2693 insignia

1372 2691 1608 2748 pugilum.
1678 2693 1857 2742 Collum
1884 2697 2216 2749 commaticum,
2240 2712 2372 2744 oero-

1370 2762 1503 2808 mate
1535 2763 1755 2810 unctum.
1823 2758 2034 2817 Gemma,
2051 2756 2252 2824 κόμμι,
2283 2777 2372 2808 un-

1366 2826 1604 2877 guentum
1637 2822 1967 2880 Athletarum,
1993 2838 2056 2882 ex
2087 2828 2209 2882 oleo,
2234 2840 2369 2885 cera,

1367 2882 1604 2946 certisque
1621 2892 1760 2933 terrae
1782 2888 1997 2945 partibus
2016 2891 2330 2940 confectum.¹

1424 2945 1639 3010 69-74.
1661 2950 1817 2997 Graeci
1846 2950 1981 3012 (nam
2015 2955 2076 2999 ad
2099 2956 2185 3000 hos
2217 2957 2371 3004 oratio

1366 3011 1509 3066 redit)
1531 3026 1592 3058 ex
1613 3015 1837 3061 omnibus
1860 3016 2063 3063 Graeciae
2083 3020 2370 3077 partibusae

1371 3075 1485 3119 locis
1508 3075 1714 3123 Romam
1738 3081 2006 3132 confluunt.
2028 3090 2077 3127 et
2096 3085 2266 3130 alienis
2287 3098 2369 3142 pao.

1368 3140 1523 3184 cuniis
1546 3142 1911 3201 locupletantur.
1963 3146 2038 3193 Cf.
2056 3148 2141 3192 inf.
2155 3150 2225 3196 ,ad
2249 3147 2369 3197 Vn.

1372 3202 1445 3248 14.
1469 3217 1600 3265 seqq.
1666 3206 1857 3266 Sicyon,
1879 3210 1991 3255 urbs
2012 3212 2211 3260 Acbaiae
2241 3216 2369 3259 anti-

1368 3267 1601 3326 quissima
1647 3272 1697 3317 in
1754 3273 2098 3333 Peloponneso,
2132 3276 2208 3322 iri
2235 3276 2368 3338 λόφη

1367 3328 1555 3396 ignavo»,
1574 3341 1694 3381 teste
1708 3336 1865 3385 Strab.
1881 3338 2032 3385 V111.
2049 3352 2095 3396 p.
2113 3340 2224 3388 587.
2238 3345 2369 3389 unde

1366 3398 1416 3443 h.
1438 3399 1470 3440 1.
1496 3398 1606 3443 alta.
1639 3399 1875 3461 Amydon,
1889 3416 1997 3461 opp.
2019 3404 2245 3462 Paeoniae,
2261 3418 2371 3464 par-

1367 3461 1429 3505 tis
1444 3460 1761 3517 Macedoniae,
1774 3474 1945 3512 notum
1963 3468 2110 3512 etiam
2131 3480 2190 3512 ex
2214 3470 2370 3519 Hom.

1365 3524 1421 3569 Il.
1443 3527 1493 3579 β.
1511 3524 1622 3573 849.
1675 3527 1861 3574 Andros
1876 3532 1967 3575 ins.
1985 3531 2035 3575 in
2058 3532 2181 3576 mari
2200 3533 2370 3592 AEgoeo

1363 3602 1391 3635 e
1415 3589 1715 3648 Cycladibus.
1744 3591 1906 3639 Samos
1926 3594 2020 3641 ins.
2040 3594 2089 3639 in
2109 3599 2233 3643 mari
2260 3596 2368 3645 Ica-

1364 3654 1450 3698 rio.
1487 3653 1661 3700 Tralles
1680 3668 1790 3715 opp.
1815 3655 1980 3715 Ionia,
2005 3660 2120 3723 (sec.
2146 3659 2301 3712 strab.
2318 3676 2370 3723 p.

1364 3715 1497 3773 648.)
1525 3719 1599 3763 vel
1633 3719 1803 3769 Cariae.
1828 3724 1939 3774 (sec.
1966 3724 2090 3769 Plin.
2126 3724 2187 3773 V.
2209 3728 2287 3774 29.
2317 3736 2370 3775 et

1365 3778 1510 3842 Ptob)
1527 3783 1602 3829 vel
1624 3784 1811 3844 Lydioe,
1828 3787 1888 3831 de
1904 3801 2001 3846 quo
2016 3802 2062 3833 v.
2080 3787 2371 3853 wesseling.

1365 3848 1426 3893 ad
1472 3846 1685 3895 Hierocl.
1720 3862 1767 3908 p.
1802 3849 1914 3897 659.
1956 3851 2216 3909 Alabanda,
2251 3858 2367 3902 urba

1368 3912 1520 3957 Caria
1555 3913 1810 3973 ditissima,
1840 3911 1981 3977 cujus
2021 3917 2151 3963 cives
2178 3920 2371 3967 luxuria

1364 3976 1659 4022 diffluebant.
1683 3991 1729 4024 v.
1754 3979 1908 4026 Strab.
1926 3994 1972 4039 p.
1993 3980 2106 4029 658.
2127 3982 2239 4030 660.

1431 4041 1507 4087 71.
1552 4040 1796 4101 Esquilio,
1835 4057 1995 4103 mons,
2028 4052 2077 4090 et
2121 4046 2369 4093 Viminalis

1363 4104 1487 4151 collis
1510 4119 1595 4165 pro
1618 4114 1720 4152 tota
1740 4109 1858 4154 urbe
1874 4115 2140 4167 ponuntur,
2153 4118 2202 4155 et
2224 4111 2366 4170 quin·

1363 4176 1463 4214 tam
1500 4165 1603 4231 qius
1633 4172 1877 4231 regionem
1910 4174 2369 4233 complectebantur,

1362 4247 1469 4292 quae
1491 4235 1713 4280 omnium
1738 4236 1971 4283 latissime
1996 4236 2204 4296 patebat.
2257 4237 2365 4282 Ea·-

1361 4298 1530 4356 quitiae
1549 4298 1764 4345 scribunt
1780 4300 1881 4355 alii,
1902 4297 1969 4359 (v.
1988 4301 2049 4345 ad
2071 4300 2212 4347 Ovid.
2234 4299 2362 4346 Fast-

1501 4391 1544 4431 Η
