<?xml version="1.0" encoding="UTF-8"?>
<!DOCTYPE html PUBLIC "-//W3C//DTD XHTML 1.0 Transitional//EN"
    "http://www.w3.org/TR/xhtml1/DTD/xhtml1-transitional.dtd">
<html xmlns="http://www.w3.org/1999/xhtml" xml:lang="en" lang="en">
 <head>
  <title>
</title>
<meta http-equiv="Content-Type" content="text/html;charset=utf-8" />
  <meta name='ocr-system' content='tesseract 3.04.00' />
  <meta name='ocr-capabilities' content='ocr_page ocr_carea ocr_par ocr_line ocrx_word'/>
</head>
<body>
  <div class='ocr_page' id='page_1' title='image "./satiraexviadopt00juvegoog_0440.png"; bbox 0 0 2978 4920; ppageno 0'>
   <div class='ocr_carea' id='block_1_1' title="bbox 995 308 1654 385">
    <p class='ocr_par' dir='ltr' id='par_1_1' title="bbox 995 308 1654 385">
     <span class='ocr_line' id='line_1_1' title="bbox 995 308 1654 385; baseline -0.005 -12"><span class='ocrx_word' id='word_1_1' title='bbox 995 309 1455 385; x_wconf 73' lang='lat' dir='ltr'><strong>SATIRA,</strong></span> <span class='ocrx_word' id='word_1_2' title='bbox 1507 308 1654 374; x_wconf 87' lang='lat' dir='ltr'><strong>XV.</strong></span> 
     </span>
    </p>
   </div>
   <div class='ocr_carea' id='block_1_2' title="bbox 2238 309 2371 380">
    <p class='ocr_par' dir='ltr' id='par_1_2' title="bbox 2238 309 2371 380">
     <span class='ocr_line' id='line_1_2' title="bbox 2238 309 2371 380; baseline 0.015 -2"><span class='ocrx_word' id='word_1_3' title='bbox 2238 309 2371 380; x_wconf 65' lang='lat'><strong>85¹7</strong></span> 
     </span>
    </p>
   </div>
   <div class='ocr_carea' id='block_1_3' title="bbox 369 492 2159 687">
    <p class='ocr_par' dir='ltr' id='par_1_3' title="bbox 369 492 2159 687">
     <span class='ocr_line' id='line_1_3' title="bbox 376 492 2159 580; baseline -0.004 -17"><span class='ocrx_word' id='word_1_4' title='bbox 376 498 709 563; x_wconf 77' lang='lat' dir='ltr'><strong>Inventi-ix</strong></span> <span class='ocrx_word' id='word_1_5' title='bbox 737 496 1019 564; x_wconf 81' lang='lat' dir='ltr'><strong>homines</strong></span> <span class='ocrx_word' id='word_1_6' title='bbox 1049 493 1157 574; x_wconf 88' lang='lat' dir='ltr'><strong>(ut</strong></span> <span class='ocrx_word' id='word_1_7' title='bbox 1175 495 1336 580; x_wconf 83' lang='lat' dir='ltr'><strong>jam,</strong></span> <span class='ocrx_word' id='word_1_8' title='bbox 1366 514 1516 579; x_wconf 81' lang='lat' dir='ltr'><strong>quoe</strong></span> <span class='ocrx_word' id='word_1_9' title='bbox 1545 492 1821 564; x_wconf 78' lang='lat' dir='ltr'><strong>carmina</strong></span> <span class='ocrx_word' id='word_1_10' title='bbox 1848 493 2159 570; x_wconf 52' lang='lat' dir='ltr'><strong>tradunt„</strong></span> 
     </span>
     <span class='ocr_line' id='line_1_4' title="bbox 369 594 2131 687; baseline -0.001 -22"><span class='ocrx_word' id='word_1_11' title='bbox 369 602 588 687; x_wconf 83' lang='lat' dir='ltr'><strong>Digna</strong></span> <span class='ocrx_word' id='word_1_12' title='bbox 614 600 740 664; x_wconf 88' lang='lat' dir='ltr'><strong>fide</strong></span> <span class='ocrx_word' id='word_1_13' title='bbox 769 598 1017 684; x_wconf 84' lang='lat' dir='ltr'><strong>credas)</strong></span> <span class='ocrx_word' id='word_1_14' title='bbox 1051 608 1304 664; x_wconf 85' lang='lat' dir='ltr'><strong>tantum</strong></span> <span class='ocrx_word' id='word_1_15' title='bbox 1332 594 1639 670; x_wconf 80' lang='lat' dir='ltr'><strong>inmolat3</strong></span> <span class='ocrx_word' id='word_1_16' title='bbox 1691 595 1957 663; x_wconf 86' lang='lat' dir='ltr'><strong>ulterius</strong></span> <span class='ocrx_word' id='word_1_17' title='bbox 1986 595 2077 660; x_wconf 78' lang='lat' dir='ltr'><strong>nil</strong></span> <span class='ocrx_word' id='word_1_18' title='bbox 2124 649 2131 664; x_wconf 75' lang='grc'>,</span> 
     </span>
    </p>
   </div>
   <div class='ocr_carea' id='block_1_4' title="bbox 372 698 2053 893">
    <p class='ocr_par' dir='ltr' id='par_1_4' title="bbox 372 698 2053 893">
     <span class='ocr_line' id='line_1_5' title="bbox 372 698 1505 790; baseline -0.004 -23"><span class='ocrx_word' id='word_1_19' title='bbox 372 706 515 769; x_wconf 86' lang='lat' dir='ltr'><strong>Aut</strong></span> <span class='ocrx_word' id='word_1_20' title='bbox 542 704 802 790; x_wconf 80' lang='lat' dir='ltr'><strong>gravius</strong></span> <span class='ocrx_word' id='word_1_21' title='bbox 830 702 1041 776; x_wconf 79' lang='lat' dir='ltr'><strong>cultro</strong></span> <span class='ocrx_word' id='word_1_22' title='bbox 1069 701 1252 768; x_wconf 86' lang='lat' dir='ltr'><strong>timet</strong></span> <span class='ocrx_word' id='word_1_23' title='bbox 1279 698 1505 764; x_wconf 86' lang='lat' dir='ltr'><strong>hostia.</strong></span> 
     </span>
     <span class='ocr_line' id='line_1_6' title="bbox 374 800 2053 893; baseline -0.002 -22"><span class='ocrx_word' id='word_1_24' title='bbox 374 807 634 893; x_wconf 60' lang='lat' dir='ltr'><strong>Inpulit,</strong></span> <span class='ocrx_word' id='word_1_25' title='bbox 654 807 815 880; x_wconf 74' lang='lat' dir='ltr'><strong>hos?</strong></span> <span class='ocrx_word' id='word_1_26' title='bbox 860 827 1009 891; x_wconf 86' lang='lat' dir='ltr'><strong>quae</strong></span> <span class='ocrx_word' id='word_1_27' title='bbox 1039 814 1221 867; x_wconf 82' lang='lat' dir='ltr'><strong>tanta</strong></span> <span class='ocrx_word' id='word_1_28' title='bbox 1245 801 1466 879; x_wconf 86' lang='lat' dir='ltr'><strong>fames,</strong></span> <span class='ocrx_word' id='word_1_29' title='bbox 1495 800 1855 887; x_wconf 82' lang='lat' dir='ltr'><strong>infestaque</strong></span> <span class='ocrx_word' id='word_1_30' title='bbox 1883 800 2053 868; x_wconf 77' lang='lat' dir='ltr'><strong>vallo</strong></span> 
     </span>
    </p>
   </div>
   <div class='ocr_carea' id='block_1_5' title="bbox 1598 698 2374 866">
    <p class='ocr_par' dir='ltr' id='par_1_5' title="bbox 1598 698 2374 866">
     <span class='ocr_line' id='line_1_7' title="bbox 1598 698 2155 776; baseline 0.007 -15"><span class='ocrx_word' id='word_1_31' title='bbox 1598 698 1726 776; x_wconf 83' lang='lat' dir='ltr'><strong>Qui</strong></span> <span class='ocrx_word' id='word_1_32' title='bbox 1754 699 1945 772; x_wconf 88' lang='lat' dir='ltr'><strong>modo</strong></span> <span class='ocrx_word' id='word_1_33' title='bbox 1972 721 2155 767; x_wconf 81' lang='lat' dir='ltr'><strong>casus</strong></span> 
     </span>
     <span class='ocr_line' id='line_1_8' title="bbox 2247 799 2374 866; baseline -0.016 0"><span class='ocrx_word' id='word_1_34' title='bbox 2247 799 2374 866; x_wconf 72' lang='lat'><strong>120</strong></span> 
     </span>
    </p>
   </div>
   <div class='ocr_carea' id='block_1_6' title="bbox 371 903 2003 1193">
    <p class='ocr_par' dir='ltr' id='par_1_6' title="bbox 371 903 2003 1193">
     <span class='ocr_line' id='line_1_9' title="bbox 372 903 1911 998; baseline -0.001 -26"><span class='ocrx_word' id='word_1_35' title='bbox 372 910 570 972; x_wconf 85' lang='lat' dir='ltr'><strong>Arma</strong></span> <span class='ocrx_word' id='word_1_36' title='bbox 593 920 961 996; x_wconf 84' lang='lat' dir='ltr'><strong>coegerunt,</strong></span> <span class='ocrx_word' id='word_1_37' title='bbox 993 917 1127 971; x_wconf 82' lang='lat' dir='ltr'><strong>tam</strong></span> <span class='ocrx_word' id='word_1_38' title='bbox 1154 903 1527 998; x_wconf 81' lang='lat' dir='ltr'><strong>detestabile</strong></span> <span class='ocrx_word' id='word_1_39' title='bbox 1556 914 1911 996; x_wconf 75' lang='lat' dir='ltr'><strong>monstrum</strong></span> 
     </span>
     <span class='ocr_line' id='line_1_10' title="bbox 371 1002 2003 1092; baseline -0.001 -19"><span class='ocrx_word' id='word_1_40' title='bbox 371 1009 680 1084; x_wconf 73' lang='lat' dir='ltr'><strong>Audere?</strong></span> <span class='ocrx_word' id='word_1_41' title='bbox 724 1032 887 1076; x_wconf 83' lang='lat' dir='ltr'><strong>anne</strong></span> <span class='ocrx_word' id='word_1_42' title='bbox 913 1006 1125 1083; x_wconf 70' lang='lat' dir='ltr'><strong>eliam,</strong></span> <span class='ocrx_word' id='word_1_43' title='bbox 1157 1016 1345 1074; x_wconf 80' lang='lat' dir='ltr'><strong>terra.</strong></span> <span class='ocrx_word' id='word_1_44' title='bbox 1358 1002 1788 1092; x_wconf 86' lang='lat' dir='ltr'><strong>Memphitide</strong></span> <span class='ocrx_word' id='word_1_45' title='bbox 1816 1006 2003 1083; x_wconf 82' lang='lat' dir='ltr'><strong>sicea,</strong></span> 
     </span>
     <span class='ocr_line' id='line_1_11' title="bbox 374 1105 1785 1193; baseline -0.004 -19"><span class='ocrx_word' id='word_1_46' title='bbox 374 1110 691 1175; x_wconf 86' lang='lat' dir='ltr'><strong>Invidiam</strong></span> <span class='ocrx_word' id='word_1_47' title='bbox 718 1110 998 1180; x_wconf 83' lang='lat' dir='ltr'><strong>facerent</strong></span> <span class='ocrx_word' id='word_1_48' title='bbox 1028 1105 1266 1171; x_wconf 91' lang='lat' dir='ltr'><strong>nolenti</strong></span> <span class='ocrx_word' id='word_1_49' title='bbox 1297 1128 1557 1193; x_wconf 80' lang='lat' dir='ltr'>surgere</span> <span class='ocrx_word' id='word_1_50' title='bbox 1587 1106 1785 1174; x_wconf 85' lang='lat' dir='ltr'><strong>Nilo?</strong></span> 
     </span>
    </p>
   </div>
   <div class='ocr_carea' id='block_1_7' title="bbox 370 1206 2130 1394">
    <p class='ocr_par' dir='ltr' id='par_1_7' title="bbox 370 1206 2130 1394">
     <span class='ocr_line' id='line_1_12' title="bbox 370 1206 2130 1306; baseline -0.001 -32"><span class='ocrx_word' id='word_1_51' title='bbox 370 1212 514 1288; x_wconf 82' lang='lat' dir='ltr'><strong>Qua</strong></span> <span class='ocrx_word' id='word_1_52' title='bbox 540 1207 656 1274; x_wconf 85' lang='lat' dir='ltr'><strong>nec</strong></span> <span class='ocrx_word' id='word_1_53' title='bbox 683 1208 1000 1306; x_wconf 80' lang='lat' dir='ltr'><strong>terribiles</strong></span> <span class='ocrx_word' id='word_1_54' title='bbox 1030 1206 1297 1285; x_wconf 86' lang='lat' dir='ltr'><strong>Cimbri,</strong></span> <span class='ocrx_word' id='word_1_55' title='bbox 1328 1230 1443 1274; x_wconf 86' lang='lat' dir='ltr'><strong>nec</strong></span> <span class='ocrx_word' id='word_1_56' title='bbox 1474 1207 1770 1278; x_wconf 78' lang='lat' dir='ltr'><strong>Britones</strong></span> <span class='ocrx_word' id='word_1_57' title='bbox 1800 1229 2130 1294; x_wconf 85' lang='lat' dir='ltr'><strong>umquam,</strong></span> 
     </span>
     <span class='ocr_line' id='line_1_13' title="bbox 372 1306 1973 1394; baseline -0.001 -21"><span class='ocrx_word' id='word_1_58' title='bbox 372 1312 844 1376; x_wconf 84' lang='lat' dir='ltr'><strong>Sauromataeve</strong></span> <span class='ocrx_word' id='word_1_59' title='bbox 875 1321 1107 1385; x_wconf 86' lang='lat' dir='ltr'><strong>truces,</strong></span> <span class='ocrx_word' id='word_1_60' title='bbox 1138 1319 1253 1372; x_wconf 86' lang='lat' dir='ltr'><strong>aut</strong></span> <span class='ocrx_word' id='word_1_61' title='bbox 1280 1306 1563 1376; x_wconf 83' lang='lat' dir='ltr'><strong>inmanes</strong></span> <span class='ocrx_word' id='word_1_62' title='bbox 1592 1307 1973 1394; x_wconf 83' lang='lat' dir='ltr'><strong>Agathyrsi,</strong></span> 
     </span>
    </p>
   </div>
   <div class='ocr_carea' id='block_1_8' title="bbox 281 1499 1323 4412">
    <p class='ocr_par' dir='ltr' id='par_1_8' title="bbox 281 1499 1305 2141">
     <span class='ocr_line' id='line_1_14' title="bbox 281 1499 1295 1567; baseline 0 -17"><span class='ocrx_word' id='word_1_63' title='bbox 281 1510 416 1551; x_wconf 86' lang='lat' dir='ltr'><strong>mant</strong></span> <span class='ocrx_word' id='word_1_64' title='bbox 451 1509 500 1549; x_wconf 88' lang='lat' dir='ltr'><strong>et</strong></span> <span class='ocrx_word' id='word_1_65' title='bbox 533 1516 668 1567; x_wconf 82' lang='lat' dir='ltr'><strong>paene</strong></span> <span class='ocrx_word' id='word_1_66' title='bbox 701 1499 1082 1550; x_wconf 83' lang='lat' dir='ltr'><strong>circumfundunt</strong></span> <span class='ocrx_word' id='word_1_67' title='bbox 1115 1502 1295 1551; x_wconf 81' lang='lat' dir='ltr'><strong>Pontus</strong></span> 
     </span>
     <span class='ocr_line' id='line_1_15' title="bbox 281 1565 1295 1630; baseline -0.002 -15"><span class='ocrx_word' id='word_1_68' title='bbox 281 1566 516 1623; x_wconf 82' lang='lat' dir='ltr'><strong>Euxinus,</strong></span> <span class='ocrx_word' id='word_1_69' title='bbox 538 1568 643 1630; x_wconf 81' lang='lat' dir='ltr'><strong>(das</strong></span> <span class='ocrx_word' id='word_1_70' title='bbox 672 1566 892 1613; x_wconf 65' lang='lat' dir='ltr'><strong>sch-marzo·</strong></span> <span class='ocrx_word' id='word_1_71' title='bbox 911 1565 1061 1629; x_wconf 82' lang='lat' dir='ltr'><strong>Meer)</strong></span> <span class='ocrx_word' id='word_1_72' title='bbox 1089 1574 1137 1614; x_wconf 91' lang='lat' dir='ltr'><strong>et</strong></span> <span class='ocrx_word' id='word_1_73' title='bbox 1157 1566 1295 1613; x_wconf 67' lang='grc' dir='ltr'>Μανσ-</span> 
     </span>
     <span class='ocr_line' id='line_1_16' title="bbox 281 1630 1300 1696; baseline -0.001 -18"><span class='ocrx_word' id='word_1_74' title='bbox 281 1634 338 1679; x_wconf 77' lang='lat' dir='ltr'><strong>tis</strong></span> <span class='ocrx_word' id='word_1_75' title='bbox 355 1631 508 1696; x_wconf 78' lang='lat' dir='ltr'><strong>palus,</strong></span> <span class='ocrx_word' id='word_1_76' title='bbox 542 1632 648 1694; x_wconf 77' lang='lat' dir='ltr'><strong>(das</strong></span> <span class='ocrx_word' id='word_1_77' title='bbox 670 1631 896 1678; x_wconf 76' lang='lat' dir='ltr'><strong>Asowsche</strong></span> <span class='ocrx_word' id='word_1_78' title='bbox 915 1630 1057 1688; x_wconf 84' lang='lat' dir='ltr'><strong>Meer,</strong></span> <span class='ocrx_word' id='word_1_79' title='bbox 1081 1631 1157 1680; x_wconf 86' lang='lat' dir='ltr'><strong>vel</strong></span> <span class='ocrx_word' id='word_1_80' title='bbox 1178 1632 1300 1678; x_wconf 79' lang='lat' dir='ltr'><strong>Mar</strong></span> 
     </span>
     <span class='ocr_line' id='line_1_17' title="bbox 285 1694 1300 1757; baseline 0 -13"><span class='ocrx_word' id='word_1_81' title='bbox 285 1698 401 1745; x_wconf 76' lang='lat' dir='ltr'><strong>detto</strong></span> <span class='ocrx_word' id='word_1_82' title='bbox 430 1695 698 1757; x_wconf 72' lang='grc' dir='ltr'><strong>Ζαὸασοὴε.)</strong></span> <span class='ocrx_word' id='word_1_83' title='bbox 746 1694 1006 1743; x_wconf 72' lang='lat' dir='ltr'><strong>‘fautorum</strong></span> <span class='ocrx_word' id='word_1_84' title='bbox 1039 1710 1121 1744; x_wconf 84' lang='lat' dir='ltr'><strong>rex</strong></span> <span class='ocrx_word' id='word_1_85' title='bbox 1142 1695 1300 1744; x_wconf 86' lang='lat' dir='ltr'><strong>Thoas</strong></span> 
     </span>
     <span class='ocr_line' id='line_1_18' title="bbox 286 1758 1300 1823; baseline 0 -15"><span class='ocrx_word' id='word_1_86' title='bbox 286 1760 495 1810; x_wconf 82' lang='lat' dir='ltr'><strong>advenas</strong></span> <span class='ocrx_word' id='word_1_87' title='bbox 514 1758 741 1807; x_wconf 87' lang='lat' dir='ltr'><strong>inmolare</strong></span> <span class='ocrx_word' id='word_1_88' title='bbox 761 1767 1066 1808; x_wconf 87' lang='lat' dir='ltr'><strong>consueverat</strong></span> <span class='ocrx_word' id='word_1_89' title='bbox 1079 1775 1229 1823; x_wconf 86' lang='lat' dir='ltr'><strong>usque</strong></span> <span class='ocrx_word' id='word_1_90' title='bbox 1251 1759 1300 1808; x_wconf 85' lang='lat' dir='ltr'><strong>in</strong></span> 
     </span>
     <span class='ocr_line' id='line_1_19' title="bbox 287 1822 1303 1897; baseline -0.001 -24"><span class='ocrx_word' id='word_1_91' title='bbox 287 1824 539 1873; x_wconf 85' lang='lat' dir='ltr'><strong>adventum</strong></span> <span class='ocrx_word' id='word_1_92' title='bbox 576 1822 758 1871; x_wconf 89' lang='lat' dir='ltr'><strong>Orestis</strong></span> <span class='ocrx_word' id='word_1_93' title='bbox 790 1830 840 1870; x_wconf 89' lang='lat' dir='ltr'><strong>et</strong></span> <span class='ocrx_word' id='word_1_94' title='bbox 867 1822 1095 1897; x_wconf 75' lang='lat' dir='ltr'><strong>Pyladis;</strong></span> <span class='ocrx_word' id='word_1_95' title='bbox 1130 1824 1303 1887; x_wconf 83' lang='lat' dir='ltr'><strong>quibus</strong></span> 
     </span>
     <span class='ocr_line' id='line_1_20' title="bbox 290 1886 1300 1961; baseline -0.001 -25"><span class='ocrx_word' id='word_1_96' title='bbox 290 1888 462 1953; x_wconf 76' lang='lat' dir='ltr'><strong>agnitis</strong></span> <span class='ocrx_word' id='word_1_97' title='bbox 484 1889 560 1953; x_wconf 90' lang='lat' dir='ltr'><strong>(et</strong></span> <span class='ocrx_word' id='word_1_98' title='bbox 576 1888 792 1936; x_wconf 81' lang='lat' dir='ltr'><strong>Thoante</strong></span> <span class='ocrx_word' id='word_1_99' title='bbox 809 1887 871 1935; x_wconf 89' lang='lat' dir='ltr'><strong>ab</strong></span> <span class='ocrx_word' id='word_1_100' title='bbox 890 1887 948 1935; x_wconf 80' lang='lat' dir='ltr'><strong>iis</strong></span> <span class='ocrx_word' id='word_1_101' title='bbox 967 1886 1150 1951; x_wconf 83' lang='lat' dir='ltr'><strong>occiso)</strong></span> <span class='ocrx_word' id='word_1_102' title='bbox 1168 1887 1300 1961; x_wconf 87' lang='lat' dir='ltr'><strong>Iphi·</strong></span> 
     </span>
     <span class='ocr_line' id='line_1_21' title="bbox 291 1950 1303 2018; baseline 0.002 -18"><span class='ocrx_word' id='word_1_103' title='bbox 291 1954 450 2017; x_wconf 84' lang='lat' dir='ltr'><strong>genia,</strong></span> <span class='ocrx_word' id='word_1_104' title='bbox 495 1951 657 2018; x_wconf 83' lang='lat' dir='ltr'><strong>templi</strong></span> <span class='ocrx_word' id='word_1_105' title='bbox 705 1950 939 2012; x_wconf 76' lang='lat' dir='ltr'><strong>sacerdos,</strong></span> <span class='ocrx_word' id='word_1_106' title='bbox 971 1951 1138 2000; x_wconf 86' lang='lat' dir='ltr'><strong>ablato</strong></span> <span class='ocrx_word' id='word_1_107' title='bbox 1191 1951 1303 2002; x_wconf 78' lang='lat' dir='ltr'><strong>inde</strong></span> 
     </span>
     <span class='ocr_line' id='line_1_22' title="bbox 290 2015 1305 2080; baseline -0.003 -13"><span class='ocrx_word' id='word_1_108' title='bbox 290 2018 468 2067; x_wconf 80' lang='lat' dir='ltr'><strong>Dianae</strong></span> <span class='ocrx_word' id='word_1_109' title='bbox 510 2016 661 2080; x_wconf 84' lang='lat' dir='ltr'><strong>signo,</strong></span> <span class='ocrx_word' id='word_1_110' title='bbox 698 2015 897 2079; x_wconf 78' lang='lat' dir='ltr'><strong>aufugit,</strong></span> <span class='ocrx_word' id='word_1_111' title='bbox 947 2016 1093 2080; x_wconf 87' lang='lat' dir='ltr'><strong>idque</strong></span> <span class='ocrx_word' id='word_1_112' title='bbox 1126 2015 1305 2065; x_wconf 64' lang='lat' dir='ltr'><strong>Aricia</strong></span> 
     </span>
     <span class='ocr_line' id='line_1_23' title="bbox 289 2079 1286 2141; baseline 0 -12"><span class='ocrx_word' id='word_1_113' title='bbox 289 2082 608 2141; x_wconf 81' lang='lat' dir='ltr'><strong>consecravit3</strong></span> <span class='ocrx_word' id='word_1_114' title='bbox 638 2079 797 2129; x_wconf 87' lang='lat' dir='ltr'><strong>Schol.</strong></span> <span class='ocrx_word' id='word_1_115' title='bbox 822 2080 1006 2129; x_wconf 86' lang='lat' dir='ltr'><strong>Fabula</strong></span> <span class='ocrx_word' id='word_1_116' title='bbox 1027 2079 1286 2129; x_wconf 82' lang='lat' dir='ltr'><strong>notissima.</strong></span> 
     </span>
    </p>

    <p class='ocr_par' dir='ltr' id='par_1_9' title="bbox 291 2146 1311 2517">
     <span class='ocr_line' id='line_1_24' title="bbox 363 2146 1307 2208; baseline -0.003 -15"><span class='ocrx_word' id='word_1_117' title='bbox 363 2147 473 2194; x_wconf 87' lang='grc'><strong>117.</strong></span> <span class='ocrx_word' id='word_1_118' title='bbox 521 2146 703 2193; x_wconf 86' lang='lat' dir='ltr'><strong>Iterum</strong></span> <span class='ocrx_word' id='word_1_119' title='bbox 743 2152 1010 2193; x_wconf 86' lang='lat' dir='ltr'><strong>commenta</strong></span> <span class='ocrx_word' id='word_1_120' title='bbox 1048 2152 1307 2208; x_wconf 86' lang='lat' dir='ltr'><strong>poetarum,</strong></span> 
     </span>
     <span class='ocr_line' id='line_1_25' title="bbox 291 2206 1311 2273; baseline -0.002 -15"><span class='ocrx_word' id='word_1_121' title='bbox 291 2224 420 2270; x_wconf 65' lang='lat' dir='ltr'><strong>mone</strong></span> <span class='ocrx_word' id='word_1_122' title='bbox 449 2208 714 2264; x_wconf 77' lang='lat' dir='ltr'><strong>Juvenalis,</strong></span> <span class='ocrx_word' id='word_1_123' title='bbox 748 2206 1134 2273; x_wconf 79' lang='lat' dir='ltr'><strong>perstringuntur.</strong></span> <span class='ocrx_word' id='word_1_124' title='bbox 1163 2218 1235 2265; x_wconf 80' lang='lat' dir='ltr'><strong>ut,</strong></span> <span class='ocrx_word' id='word_1_125' title='bbox 1261 2207 1311 2256; x_wconf 88' lang='lat' dir='ltr'><strong>h.</strong></span> 
     </span>
     <span class='ocr_line' id='line_1_26' title="bbox 293 2272 1311 2337; baseline -0.001 -16"><span class='ocrx_word' id='word_1_126' title='bbox 293 2288 337 2321; x_wconf 91' lang='lat' dir='ltr'><strong>e.</strong></span> <span class='ocrx_word' id='word_1_127' title='bbox 364 2274 440 2321; x_wconf 85' lang='lat' dir='ltr'><strong>fac</strong></span> <span class='ocrx_word' id='word_1_128' title='bbox 470 2281 541 2329; x_wconf 89' lang='lat' dir='ltr'><strong>ut,</strong></span> <span class='ocrx_word' id='word_1_129' title='bbox 563 2272 603 2320; x_wconf 91' lang='lat' dir='ltr'><strong>si</strong></span> <span class='ocrx_word' id='word_1_130' title='bbox 625 2272 715 2327; x_wconf 90' lang='lat' dir='ltr'><strong>vel,</strong></span> <span class='ocrx_word' id='word_1_131' title='bbox 738 2272 1006 2337; x_wconf 83' lang='lat' dir='ltr'><strong>(quamvis)</strong></span> <span class='ocrx_word' id='word_1_132' title='bbox 1039 2274 1190 2322; x_wconf 75' lang='lat' dir='ltr'><strong>credas</strong></span> <span class='ocrx_word' id='word_1_133' title='bbox 1209 2274 1311 2337; x_wconf 78' lang='lat' dir='ltr'><strong>dig-</strong></span> 
     </span>
     <span class='ocr_line' id='line_1_27' title="bbox 296 2338 1308 2401; baseline -0.002 -15"><span class='ocrx_word' id='word_1_134' title='bbox 296 2355 358 2394; x_wconf 67' lang='lat' dir='ltr'><strong>na</strong></span> <span class='ocrx_word' id='word_1_135' title='bbox 376 2338 492 2400; x_wconf 71' lang='lat' dir='ltr'><strong>fide,</strong></span> <span class='ocrx_word' id='word_1_136' title='bbox 554 2352 628 2384; x_wconf 68' lang='grc' dir='ltr'><strong><em>Μ</em></strong></span> <span class='ocrx_word' id='word_1_137' title='bbox 657 2340 874 2391; x_wconf 79' lang='lat' dir='ltr'><strong>carmina,</strong></span> <span class='ocrx_word' id='word_1_138' title='bbox 905 2344 1072 2401; x_wconf 67' lang='lat' dir='ltr'><strong>poete,</strong></span> <span class='ocrx_word' id='word_1_139' title='bbox 1105 2340 1308 2393; x_wconf 76' lang='lat' dir='ltr'><strong>tradunt,</strong></span> 
     </span>
     <span class='ocr_line' id='line_1_28' title="bbox 292 2400 1311 2517; baseline 0 -67"><span class='ocrx_word' id='word_1_140' title='bbox 292 2403 452 2517; x_wconf 49' lang='lat' dir='ltr'><strong>⁵⁰·le</strong></span> <span class='ocrx_word' id='word_1_141' title='bbox 485 2402 527 2449; x_wconf 95' lang='lat' dir='ltr'>T</span> <span class='ocrx_word' id='word_1_142' title='bbox 562 2409 719 2457; x_wconf 84' lang='lat' dir='ltr'><strong>oante,</strong></span> <span class='ocrx_word' id='word_1_143' title='bbox 756 2400 1023 2469; x_wconf 80' lang='lat' dir='ltr'><strong>Iphigenia,</strong></span> <span class='ocrx_word' id='word_1_144' title='bbox 1055 2403 1221 2451; x_wconf 85' lang='lat' dir='ltr'><strong>Oreste</strong></span> <span class='ocrx_word' id='word_1_145' title='bbox 1255 2416 1311 2450; x_wconf 88' lang='lat' dir='ltr'><strong>ac</strong></span> 
     </span>
     <span class='ocr_line' id='line_1_29' title="bbox 295 2470 652 2517; baseline -0.006 0"><span class='ocrx_word' id='word_1_146' title='bbox 295 2470 338 2517; x_wconf 91' lang='lat' dir='ltr'>P</span> <span class='ocrx_word' id='word_1_147' title='bbox 392 2484 418 2516; x_wconf 89' lang='lat' dir='ltr'><strong>a</strong></span> <span class='ocrx_word' id='word_1_148' title='bbox 454 2484 498 2517; x_wconf 91' lang='lat' dir='ltr'><strong>e.</strong></span> <span class='ocrx_word' id='word_1_149' title='bbox 649 2484 652 2485; x_wconf 44' lang='lat'><em>⁷</em></span> 
     </span>
    </p>

    <p class='ocr_par' dir='ltr' id='par_1_10' title="bbox 295 2486 1316 2853">
     <span class='ocr_line' id='line_1_30' title="bbox 337 2486 1310 2588; baseline 0 -8"><span class='ocrx_word' id='word_1_150' title='bbox 337 2486 472 2581; x_wconf 72' lang='lat' dir='ltr'><strong>y119.</strong></span> <span class='ocrx_word' id='word_1_151' title='bbox 508 2534 664 2588; x_wconf 75' lang='lat' dir='ltr'><strong>hostia,</strong></span> <span class='ocrx_word' id='word_1_152' title='bbox 686 2531 825 2578; x_wconf 87' lang='lat' dir='ltr'><strong>homo</strong></span> <span class='ocrx_word' id='word_1_153' title='bbox 859 2530 1157 2580; x_wconf 79' lang='lat' dir='ltr'><strong>inmolandus</strong></span> <span class='ocrx_word' id='word_1_154' title='bbox 1188 2529 1310 2580; x_wconf 86' lang='lat' dir='ltr'><strong>Dia·</strong></span> 
     </span>
     <span class='ocr_line' id='line_1_31' title="bbox 295 2593 1310 2660; baseline -0.002 -15"><span class='ocrx_word' id='word_1_155' title='bbox 295 2612 389 2654; x_wconf 81' lang='lat' dir='ltr'><strong>nae,</strong></span> <span class='ocrx_word' id='word_1_156' title='bbox 409 2599 478 2645; x_wconf 75' lang='lat' dir='ltr'><strong>nil</strong></span> <span class='ocrx_word' id='word_1_157' title='bbox 500 2600 623 2646; x_wconf 80' lang='lat' dir='ltr'><strong>timet</strong></span> <span class='ocrx_word' id='word_1_158' title='bbox 652 2598 839 2660; x_wconf 77' lang='lat' dir='ltr'><strong>gravius</strong></span> <span class='ocrx_word' id='word_1_159' title='bbox 870 2597 1033 2654; x_wconf 80' lang='lat' dir='ltr'><strong>cultro,</strong></span> <span class='ocrx_word' id='word_1_160' title='bbox 1055 2593 1187 2645; x_wconf 80' lang='lat' dir='ltr'><strong>timet</strong></span> <span class='ocrx_word' id='word_1_161' title='bbox 1206 2604 1310 2644; x_wconf 82' lang='lat' dir='ltr'><strong>tan·</strong></span> 
     </span>
     <span class='ocr_line' id='line_1_32' title="bbox 300 2658 1311 2724; baseline -0.001 -14"><span class='ocrx_word' id='word_1_162' title='bbox 300 2670 418 2719; x_wconf 88' lang='lat' dir='ltr'><strong>tum,</strong></span> <span class='ocrx_word' id='word_1_163' title='bbox 460 2670 516 2710; x_wconf 90' lang='lat' dir='ltr'><strong>ut</strong></span> <span class='ocrx_word' id='word_1_164' title='bbox 567 2662 688 2709; x_wconf 83' lang='lat' dir='ltr'><strong>Deae</strong></span> <span class='ocrx_word' id='word_1_165' title='bbox 739 2667 985 2716; x_wconf 87' lang='lat' dir='ltr'><strong>mactetur,</strong></span> <span class='ocrx_word' id='word_1_166' title='bbox 1024 2677 1137 2717; x_wconf 91' lang='lat' dir='ltr'><strong>non,</strong></span> <span class='ocrx_word' id='word_1_167' title='bbox 1183 2658 1311 2724; x_wconf 89' lang='lat' dir='ltr'><strong>quod</strong></span> 
     </span>
     <span class='ocr_line' id='line_1_33' title="bbox 298 2725 1316 2791; baseline -0.001 -16"><span class='ocrx_word' id='word_1_168' title='bbox 298 2727 445 2775; x_wconf 88' lang='lat' dir='ltr'><strong>multo</strong></span> <span class='ocrx_word' id='word_1_169' title='bbox 490 2725 679 2791; x_wconf 84' lang='lat' dir='ltr'><strong>gravius</strong></span> <span class='ocrx_word' id='word_1_170' title='bbox 725 2732 813 2780; x_wconf 89' lang='lat' dir='ltr'><strong>est,</strong></span> <span class='ocrx_word' id='word_1_171' title='bbox 856 2733 911 2772; x_wconf 91' lang='lat' dir='ltr'><strong>ut</strong></span> <span class='ocrx_word' id='word_1_172' title='bbox 954 2726 1013 2774; x_wconf 90' lang='lat' dir='ltr'><strong>ab</strong></span> <span class='ocrx_word' id='word_1_173' title='bbox 1050 2725 1316 2774; x_wconf 88' lang='lat' dir='ltr'><strong>hominibus</strong></span> 
     </span>
     <span class='ocr_line' id='line_1_34' title="bbox 300 2790 899 2853; baseline -0.005 -15"><span class='ocrx_word' id='word_1_174' title='bbox 300 2790 614 2853; x_wconf 84' lang='lat' dir='ltr'><strong>sanguinariis</strong></span> <span class='ocrx_word' id='word_1_175' title='bbox 634 2790 899 2843; x_wconf 74' lang='lat' dir='ltr'><strong>devoretur.</strong></span> 
     </span>
    </p>

    <p class='ocr_par' dir='ltr' id='par_1_11' title="bbox 297 2853 1315 3436">
     <span class='ocr_line' id='line_1_35' title="bbox 369 2853 1315 2919; baseline 0 -17"><span class='ocrx_word' id='word_1_176' title='bbox 369 2857 477 2904; x_wconf 86' lang='lat'><strong>119.</strong></span> <span class='ocrx_word' id='word_1_177' title='bbox 507 2870 606 2917; x_wconf 80' lang='lat' dir='ltr'><strong>seq.</strong></span> <span class='ocrx_word' id='word_1_178' title='bbox 637 2856 731 2911; x_wconf 78' lang='lat' dir='ltr'><strong>Qui</strong></span> <span class='ocrx_word' id='word_1_179' title='bbox 763 2853 838 2919; x_wconf 89' lang='lat' dir='ltr'><strong>(h.</strong></span> <span class='ocrx_word' id='word_1_180' title='bbox 863 2855 1055 2916; x_wconf 51' lang='lat' dir='ltr'><strong>aquis,</strong></span> <span class='ocrx_word' id='word_1_181' title='bbox 1088 2861 1143 2901; x_wconf 90' lang='lat' dir='ltr'><strong>ut</strong></span> <span class='ocrx_word' id='word_1_182' title='bbox 1172 2853 1315 2918; x_wconf 82' lang='lat' dir='ltr'><strong>vulgo</strong></span> 
     </span>
     <span class='ocr_line' id='line_1_36' title="bbox 302 2918 1312 2993; baseline 0 -27"><span class='ocrx_word' id='word_1_183' title='bbox 302 2919 502 2993; x_wconf 83' lang='lat' dir='ltr'><strong>legitur)</strong></span> <span class='ocrx_word' id='word_1_184' title='bbox 535 2921 675 2978; x_wconf 83' lang='lat' dir='ltr'><strong>modo,</strong></span> <span class='ocrx_word' id='word_1_185' title='bbox 695 2934 858 2984; x_wconf 86' lang='lat' dir='ltr'><strong>nuper,</strong></span> <span class='ocrx_word' id='word_1_186' title='bbox 881 2934 1023 2974; x_wconf 78' lang='lat' dir='ltr'><strong>casus,</strong></span> <span class='ocrx_word' id='word_1_187' title='bbox 1046 2933 1152 2982; x_wconf 80' lang='lat' dir='ltr'><strong>quae</strong></span> <span class='ocrx_word' id='word_1_188' title='bbox 1183 2918 1312 2967; x_wconf 78' lang='lat' dir='ltr'><strong>cala·</strong></span> 
     </span>
     <span class='ocr_line' id='line_1_37' title="bbox 305 2981 1314 3046; baseline 0 -16"><span class='ocrx_word' id='word_1_189' title='bbox 305 2991 452 3032; x_wconf 79' lang='lat' dir='ltr'><strong>mitas</strong></span> <span class='ocrx_word' id='word_1_190' title='bbox 473 2991 523 3032; x_wconf 91' lang='lat' dir='ltr'><strong>et</strong></span> <span class='ocrx_word' id='word_1_191' title='bbox 555 2981 657 3033; x_wconf 87' lang='lat' dir='ltr'><strong>dira</strong></span> <span class='ocrx_word' id='word_1_192' title='bbox 674 2983 943 3037; x_wconf 86' lang='lat' dir='ltr'><strong>necessitas,</strong></span> <span class='ocrx_word' id='word_1_193' title='bbox 964 2998 1062 3046; x_wconf 71' lang='lat' dir='ltr'><strong>quae</strong></span> <span class='ocrx_word' id='word_1_194' title='bbox 1081 2992 1209 3030; x_wconf 80' lang='lat' dir='ltr'><strong>tanta</strong></span> <span class='ocrx_word' id='word_1_195' title='bbox 1225 2983 1314 3046; x_wconf 78' lang='lat' dir='ltr'><strong>sa-</strong></span> 
     </span>
     <span class='ocr_line' id='line_1_38' title="bbox 299 3047 1313 3111; baseline -0.001 -15"><span class='ocrx_word' id='word_1_196' title='bbox 299 3065 404 3104; x_wconf 80' lang='lat' dir='ltr'><strong>mes,</strong></span> <span class='ocrx_word' id='word_1_197' title='bbox 428 3055 477 3096; x_wconf 85' lang='lat' dir='ltr'><strong>et</strong></span> <span class='ocrx_word' id='word_1_198' title='bbox 510 3062 615 3111; x_wconf 81' lang='lat' dir='ltr'><strong>quae</strong></span> <span class='ocrx_word' id='word_1_199' title='bbox 649 3047 812 3111; x_wconf 57' lang='lat' dir='ltr'><strong>infesta</strong></span> <span class='ocrx_word' id='word_1_200' title='bbox 842 3063 986 3104; x_wconf 82' lang='lat' dir='ltr'><strong>arma,</strong></span> <span class='ocrx_word' id='word_1_201' title='bbox 1008 3047 1200 3097; x_wconf 72' lang='lat' dir='ltr'><strong>hostiles</strong></span> <span class='ocrx_word' id='word_1_202' title='bbox 1234 3063 1313 3095; x_wconf 91' lang='lat' dir='ltr'><strong>co-</strong></span> 
     </span>
     <span class='ocr_line' id='line_1_39' title="bbox 300 3111 1312 3177; baseline 0 -16"><span class='ocrx_word' id='word_1_203' title='bbox 300 3113 410 3177; x_wconf 82' lang='lat' dir='ltr'><strong>piae,</strong></span> <span class='ocrx_word' id='word_1_204' title='bbox 432 3113 566 3168; x_wconf 77' lang='lat' dir='ltr'><strong>vallo,</strong></span> <span class='ocrx_word' id='word_1_205' title='bbox 598 3111 1043 3167; x_wconf 79' lang='lat' dir='ltr'><strong>cimumvallatione,</strong></span> <span class='ocrx_word' id='word_1_206' title='bbox 1066 3119 1196 3160; x_wconf 84' lang='lat' dir='ltr'><strong>arcta</strong></span> <span class='ocrx_word' id='word_1_207' title='bbox 1228 3113 1312 3161; x_wconf 89' lang='lat' dir='ltr'><strong>ob·</strong></span> 
     </span>
     <span class='ocr_line' id='line_1_40' title="bbox 300 3176 1313 3241; baseline -0.002 -15"><span class='ocrx_word' id='word_1_208' title='bbox 300 3176 499 3235; x_wconf 86' lang='lat' dir='ltr'><strong>sidione,</strong></span> <span class='ocrx_word' id='word_1_209' title='bbox 513 3178 778 3238; x_wconf 75' lang='lat' dir='ltr'><strong>inpulerant</strong></span> <span class='ocrx_word' id='word_1_210' title='bbox 790 3186 833 3225; x_wconf 79' lang='lat' dir='ltr'><strong>et</strong></span> <span class='ocrx_word' id='word_1_211' title='bbox 847 3186 1099 3241; x_wconf 76' lang='lat' dir='ltr'><strong>coegerunt,</strong></span> <span class='ocrx_word' id='word_1_212' title='bbox 1118 3183 1172 3224; x_wconf 80' lang='lat' dir='ltr'><strong>ut</strong></span> <span class='ocrx_word' id='word_1_213' title='bbox 1189 3177 1313 3224; x_wconf 87' lang='lat' dir='ltr'><strong>Vas-</strong></span> 
     </span>
     <span class='ocr_line' id='line_1_41' title="bbox 302 3240 1313 3306; baseline 0 -16"><span class='ocrx_word' id='word_1_214' title='bbox 302 3257 461 3301; x_wconf 85' lang='lat' dir='ltr'><strong>cones,</strong></span> <span class='ocrx_word' id='word_1_215' title='bbox 500 3240 566 3291; x_wconf 82' lang='lat' dir='ltr'><strong>sic</strong></span> <span class='ocrx_word' id='word_1_216' title='bbox 597 3251 648 3295; x_wconf 82' lang='lat' dir='ltr'><strong>et</strong></span> <span class='ocrx_word' id='word_1_217' title='bbox 677 3243 765 3298; x_wconf 73' lang='lat' dir='ltr'><strong>hos,</strong></span> <span class='ocrx_word' id='word_1_218' title='bbox 797 3241 1080 3306; x_wconf 74' lang='lat' dir='ltr'><strong>Tentyritae,</strong></span> <span class='ocrx_word' id='word_1_219' title='bbox 1116 3250 1207 3288; x_wconf 84' lang='lat' dir='ltr'><strong>tam</strong></span> <span class='ocrx_word' id='word_1_220' title='bbox 1237 3244 1313 3290; x_wconf 80' lang='lat' dir='ltr'><strong>de·</strong></span> 
     </span>
     <span class='ocr_line' id='line_1_42' title="bbox 303 3305 1313 3363; baseline -0.002 -9"><span class='ocrx_word' id='word_1_221' title='bbox 303 3308 497 3355; x_wconf 80' lang='lat' dir='ltr'><strong>testabile</strong></span> <span class='ocrx_word' id='word_1_222' title='bbox 531 3316 792 3362; x_wconf 77' lang='lat' dir='ltr'><strong>monstrum,</strong></span> <span class='ocrx_word' id='word_1_223' title='bbox 813 3314 1122 3354; x_wconf 88' lang='lat' dir='ltr'><strong>monstrosum</strong></span> <span class='ocrx_word' id='word_1_224' title='bbox 1142 3305 1313 3363; x_wconf 83' lang='lat' dir='ltr'><strong>scelus,</strong></span> 
     </span>
     <span class='ocr_line' id='line_1_43' title="bbox 297 3369 1055 3436; baseline -0.005 -16"><span class='ocrx_word' id='word_1_225' title='bbox 297 3371 371 3434; x_wconf 89' lang='lat' dir='ltr'><strong>(v.</strong></span> <span class='ocrx_word' id='word_1_226' title='bbox 394 3387 499 3436; x_wconf 85' lang='lat' dir='ltr'><strong>sup.</strong></span> <span class='ocrx_word' id='word_1_227' title='bbox 522 3369 584 3419; x_wconf 90' lang='lat' dir='ltr'><strong>ad</strong></span> <span class='ocrx_word' id='word_1_228' title='bbox 604 3371 674 3418; x_wconf 92' lang='grc' dir='ltr'><strong>ΙΙ.</strong></span> <span class='ocrx_word' id='word_1_229' title='bbox 701 3370 838 3434; x_wconf 87' lang='grc'><strong>122.)</strong></span> <span class='ocrx_word' id='word_1_230' title='bbox 860 3372 1055 3417; x_wconf 78' lang='lat' dir='ltr'><strong>audere?</strong></span> 
     </span>
    </p>

    <p class='ocr_par' dir='ltr' id='par_1_12' title="bbox 301 3437 1323 4412">
     <span class='ocr_line' id='line_1_44' title="bbox 373 3437 1316 3484; baseline -0.003 -1"><span class='ocrx_word' id='word_1_231' title='bbox 373 3438 483 3484; x_wconf 83' lang='lat'><strong>122.</strong></span> <span class='ocrx_word' id='word_1_232' title='bbox 519 3437 629 3483; x_wconf 83' lang='lat'><strong>123.</strong></span> <span class='ocrx_word' id='word_1_233' title='bbox 663 3437 848 3483; x_wconf 81' lang='lat' dir='ltr'><strong>Horum</strong></span> <span class='ocrx_word' id='word_1_234' title='bbox 875 3448 1095 3482; x_wconf 81' lang='lat' dir='ltr'><strong>versuum</strong></span> <span class='ocrx_word' id='word_1_235' title='bbox 1127 3440 1316 3481; x_wconf 86' lang='lat' dir='ltr'><strong>senten·</strong></span> 
     </span>
     <span class='ocr_line' id='line_1_45' title="bbox 301 3497 1318 3559; baseline -0.006 -11"><span class='ocrx_word' id='word_1_236' title='bbox 301 3499 370 3548; x_wconf 88' lang='lat' dir='ltr'><strong>tia</strong></span> <span class='ocrx_word' id='word_1_237' title='bbox 401 3499 585 3548; x_wconf 81' lang='lat' dir='ltr'><strong>videtur</strong></span> <span class='ocrx_word' id='word_1_238' title='bbox 619 3514 722 3547; x_wconf 87' lang='lat' dir='ltr'><strong>esse</strong></span> <span class='ocrx_word' id='word_1_239' title='bbox 750 3499 878 3547; x_wconf 82' lang='lat' dir='ltr'><strong>haec:</strong></span> <span class='ocrx_word' id='word_1_240' title='bbox 914 3498 1056 3545; x_wconf 85' lang='lat' dir='ltr'><strong>Anne</strong></span> <span class='ocrx_word' id='word_1_241' title='bbox 1088 3497 1181 3544; x_wconf 91' lang='lat' dir='ltr'><strong>alio</strong></span> <span class='ocrx_word' id='word_1_242' title='bbox 1212 3512 1318 3559; x_wconf 83' lang='lat' dir='ltr'><strong>gra·</strong></span> 
     </span>
     <span class='ocr_line' id='line_1_46' title="bbox 304 3560 1319 3627; baseline -0.004 -15"><span class='ocrx_word' id='word_1_243' title='bbox 304 3565 434 3612; x_wconf 88' lang='lat' dir='ltr'><strong>viore</strong></span> <span class='ocrx_word' id='word_1_244' title='bbox 457 3564 629 3612; x_wconf 87' lang='lat' dir='ltr'><strong>scelere</strong></span> <span class='ocrx_word' id='word_1_245' title='bbox 653 3563 720 3611; x_wconf 85' lang='lat' dir='ltr'><strong>ita</strong></span> <span class='ocrx_word' id='word_1_246' title='bbox 741 3561 994 3612; x_wconf 86' lang='lat' dir='ltr'><strong>obfendere</strong></span> <span class='ocrx_word' id='word_1_247' title='bbox 1017 3569 1208 3627; x_wconf 81' lang='lat' dir='ltr'><strong>possent</strong></span> <span class='ocrx_word' id='word_1_248' title='bbox 1229 3560 1319 3609; x_wconf 84' lang='lat' dir='ltr'><strong>Ni-</strong></span> 
     </span>
     <span class='ocr_line' id='line_1_47' title="bbox 308 3626 1319 3693; baseline -0.003 -17"><span class='ocrx_word' id='word_1_249' title='bbox 308 3629 428 3688; x_wconf 81' lang='lat' dir='ltr'><strong>lum,</strong></span> <span class='ocrx_word' id='word_1_250' title='bbox 449 3636 502 3677; x_wconf 88' lang='lat' dir='ltr'><strong>ut</strong></span> <span class='ocrx_word' id='word_1_251' title='bbox 531 3628 680 3677; x_wconf 89' lang='lat' dir='ltr'><strong>iratus</strong></span> <span class='ocrx_word' id='word_1_252' title='bbox 711 3644 908 3693; x_wconf 75' lang='lat' dir='ltr'><strong>surgere.</strong></span> <span class='ocrx_word' id='word_1_253' title='bbox 930 3626 1237 3675; x_wconf 86' lang='lat' dir='ltr'><strong>intumescere</strong></span> <span class='ocrx_word' id='word_1_254' title='bbox 1269 3631 1319 3674; x_wconf 91' lang='lat' dir='ltr'><strong>et</strong></span> 
     </span>
     <span class='ocr_line' id='line_1_48' title="bbox 301 3689 1317 3754; baseline -0.004 -12"><span class='ocrx_word' id='word_1_255' title='bbox 301 3696 463 3742; x_wconf 81' lang='lat' dir='ltr'><strong>siccam</strong></span> <span class='ocrx_word' id='word_1_256' title='bbox 497 3703 663 3742; x_wconf 80' lang='lat' dir='ltr'><strong>terram</strong></span> <span class='ocrx_word' id='word_1_257' title='bbox 697 3692 1046 3754; x_wconf 71' lang='lat' dir='ltr'><strong>Memphitidom,</strong></span> <span class='ocrx_word' id='word_1_258' title='bbox 1085 3689 1131 3739; x_wconf 88' lang='lat' dir='ltr'><strong>h.</strong></span> <span class='ocrx_word' id='word_1_259' title='bbox 1155 3706 1200 3739; x_wconf 91' lang='lat' dir='ltr'><strong>e.</strong></span> <span class='ocrx_word' id='word_1_260' title='bbox 1233 3693 1317 3738; x_wconf 70' lang='grc' dir='ltr'><strong>ΛΕ-</strong></span> 
     </span>
     <span class='ocr_line' id='line_1_49' title="bbox 306 3755 1319 3823; baseline 0 -16"><span class='ocrx_word' id='word_1_261' title='bbox 306 3758 536 3823; x_wconf 85' lang='lat' dir='ltr'><strong>gyptiam,</strong></span> <span class='ocrx_word' id='word_1_262' title='bbox 579 3755 892 3805; x_wconf 84' lang='lat' dir='ltr'><strong>inundatione</strong></span> <span class='ocrx_word' id='word_1_263' title='bbox 930 3773 1017 3805; x_wconf 89' lang='lat' dir='ltr'><strong>sua</strong></span> <span class='ocrx_word' id='word_1_264' title='bbox 1067 3755 1319 3807; x_wconf 77' lang='lat' dir='ltr'><strong>fecundare</strong></span> 
     </span>
     <span class='ocr_line' id='line_1_50' title="bbox 303 3819 1319 3884; baseline -0.001 -14"><span class='ocrx_word' id='word_1_265' title='bbox 303 3823 468 3879; x_wconf 87' lang='lat' dir='ltr'><strong>nollet,</strong></span> <span class='ocrx_word' id='word_1_266' title='bbox 509 3830 558 3870; x_wconf 92' lang='lat' dir='ltr'><strong>et</strong></span> <span class='ocrx_word' id='word_1_267' title='bbox 598 3821 669 3870; x_wconf 92' lang='lat' dir='ltr'><strong>ita</strong></span> <span class='ocrx_word' id='word_1_268' title='bbox 711 3821 760 3868; x_wconf 87' lang='lat' dir='ltr'><strong>in</strong></span> <span class='ocrx_word' id='word_1_269' title='bbox 807 3823 1022 3869; x_wconf 75' lang='lat' dir='ltr'><strong>invidiam</strong></span> <span class='ocrx_word' id='word_1_270' title='bbox 1064 3819 1319 3884; x_wconf 88' lang='lat' dir='ltr'><strong>odiumque</strong></span> 
     </span>
     <span class='ocr_line' id='line_1_51' title="bbox 305 3884 1320 3947; baseline -0.003 -10"><span class='ocrx_word' id='word_1_271' title='bbox 305 3888 486 3937; x_wconf 84' lang='lat' dir='ltr'><strong>veniret</strong></span> <span class='ocrx_word' id='word_1_272' title='bbox 524 3901 682 3936; x_wconf 86' lang='lat' dir='ltr'><strong>eorum</strong></span> <span class='ocrx_word' id='word_1_273' title='bbox 690 3884 824 3947; x_wconf 60' lang='lat' dir='ltr'><strong>,.-qui</strong></span> <span class='ocrx_word' id='word_1_274' title='bbox 864 3886 993 3934; x_wconf 87' lang='lat' dir='ltr'><strong>nullo</strong></span> <span class='ocrx_word' id='word_1_275' title='bbox 1034 3901 1120 3935; x_wconf 90' lang='lat' dir='ltr'><strong>suo</strong></span> <span class='ocrx_word' id='word_1_276' title='bbox 1154 3885 1320 3936; x_wconf 89' lang='lat' dir='ltr'><strong>merito</strong></span> 
     </span>
     <span class='ocr_line' id='line_1_52' title="bbox 303 3949 1320 4014; baseline 0.001 -16"><span class='ocrx_word' id='word_1_277' title='bbox 303 3951 428 4009; x_wconf 84' lang='lat' dir='ltr'><strong>banc</strong></span> <span class='ocrx_word' id='word_1_278' title='bbox 482 3949 804 4000; x_wconf 81' lang='lat' dir='ltr'><strong>calamitatem</strong></span> <span class='ocrx_word' id='word_1_279' title='bbox 867 3953 1163 4014; x_wconf 77' lang='lat' dir='ltr'><strong>paterentur?</strong></span> <span class='ocrx_word' id='word_1_280' title='bbox 1240 3951 1320 4000; x_wconf 89' lang='lat' dir='ltr'><strong>Ita</strong></span> 
     </span>
     <span class='ocr_line' id='line_1_53' title="bbox 307 4013 1321 4079; baseline -0.002 -14"><span class='ocrx_word' id='word_1_281' title='bbox 307 4031 496 4079; x_wconf 84' lang='lat' dir='ltr'><strong>conseq.</strong></span> <span class='ocrx_word' id='word_1_282' title='bbox 539 4014 743 4079; x_wconf 89' lang='lat' dir='ltr'><strong>positum</strong></span> <span class='ocrx_word' id='word_1_283' title='bbox 782 4028 865 4076; x_wconf 90' lang='lat' dir='ltr'><strong>pro</strong></span> <span class='ocrx_word' id='word_1_284' title='bbox 902 4013 1113 4063; x_wconf 85' lang='lat' dir='ltr'><strong>anteced.</strong></span> <span class='ocrx_word' id='word_1_285' title='bbox 1149 4017 1321 4064; x_wconf 78' lang='lat' dir='ltr'><strong>invidia</strong></span> 
     </span>
     <span class='ocr_line' id='line_1_54' title="bbox 307 4076 1323 4145; baseline 0 -14"><span class='ocrx_word' id='word_1_286' title='bbox 307 4097 392 4145; x_wconf 83' lang='lat' dir='ltr'><strong>pro</strong></span> <span class='ocrx_word' id='word_1_287' title='bbox 430 4079 502 4128; x_wconf 91' lang='lat' dir='ltr'><strong>ira</strong></span> <span class='ocrx_word' id='word_1_288' title='bbox 538 4086 587 4127; x_wconf 91' lang='lat' dir='ltr'><strong>et</strong></span> <span class='ocrx_word' id='word_1_289' title='bbox 620 4077 892 4127; x_wconf 77' lang='lat' dir='ltr'><strong>calamitate</strong></span> <span class='ocrx_word' id='word_1_290' title='bbox 929 4076 1030 4135; x_wconf 83' lang='lat' dir='ltr'><strong>illa.</strong></span> <span class='ocrx_word' id='word_1_291' title='bbox 1097 4081 1323 4131; x_wconf 78' lang='lat' dir='ltr'><strong>Invidiam</strong></span> 
     </span>
     <span class='ocr_line' id='line_1_55' title="bbox 307 4140 1317 4210; baseline 0 -17"><span class='ocrx_word' id='word_1_292' title='bbox 307 4145 435 4201; x_wconf 77' lang='lat' dir='ltr'><strong>enim</strong></span> <span class='ocrx_word' id='word_1_293' title='bbox 458 4144 747 4208; x_wconf 69' lang='lat' dir='ltr'><strong>Diisfacere</strong></span> <span class='ocrx_word' id='word_1_294' title='bbox 776 4140 1011 4197; x_wconf 87' lang='lat' dir='ltr'><strong>dicuntur,</strong></span> <span class='ocrx_word' id='word_1_295' title='bbox 1033 4142 1113 4205; x_wconf 88' lang='lat' dir='ltr'><strong>qui</strong></span> <span class='ocrx_word' id='word_1_296' title='bbox 1133 4144 1209 4192; x_wconf 85' lang='lat' dir='ltr'><strong>vel</strong></span> <span class='ocrx_word' id='word_1_297' title='bbox 1229 4145 1317 4210; x_wconf 83' lang='lat' dir='ltr'><strong>ipsi</strong></span> 
     </span>
     <span class='ocr_line' id='line_1_56' title="bbox 310 4204 1318 4273; baseline 0.001 -17"><span class='ocrx_word' id='word_1_298' title='bbox 310 4206 613 4272; x_wconf 80' lang='lat' dir='ltr'><strong>gravissimas</strong></span> <span class='ocrx_word' id='word_1_299' title='bbox 642 4204 934 4260; x_wconf 83' lang='lat' dir='ltr'><strong>calamitates</strong></span> <span class='ocrx_word' id='word_1_300' title='bbox 963 4206 1166 4256; x_wconf 84' lang='lat' dir='ltr'><strong>inmeriti</strong></span> <span class='ocrx_word' id='word_1_301' title='bbox 1197 4208 1318 4273; x_wconf 88' lang='lat' dir='ltr'><strong>pati·</strong></span> 
     </span>
     <span class='ocr_line' id='line_1_57' title="bbox 313 4260 1323 4328; baseline 0.001 -9"><span class='ocrx_word' id='word_1_302' title='bbox 313 4279 472 4325; x_wconf 86' lang='lat' dir='ltr'><strong>untur,</strong></span> <span class='ocrx_word' id='word_1_303' title='bbox 508 4269 584 4327; x_wconf 82' lang='lat' dir='ltr'><strong>vel</strong></span> <span class='ocrx_word' id='word_1_304' title='bbox 603 4260 867 4320; x_wconf 65' lang='lat' dir='ltr'><strong>sceleribus</strong></span> <span class='ocrx_word' id='word_1_305' title='bbox 899 4270 996 4319; x_wconf 75' lang='lat' dir='ltr'><strong>suis</strong></span> <span class='ocrx_word' id='word_1_306' title='bbox 1026 4270 1250 4328; x_wconf 85' lang='lat' dir='ltr'><strong>efficiunt,</strong></span> <span class='ocrx_word' id='word_1_307' title='bbox 1269 4279 1323 4320; x_wconf 85' lang='lat' dir='ltr'><strong>ut</strong></span> 
     </span>
     <span class='ocr_line' id='line_1_58' title="bbox 312 4334 1322 4412; baseline 0.002 -28"><span class='ocrx_word' id='word_1_308' title='bbox 312 4334 490 4395; x_wconf 39' lang='lat' dir='ltr'><strong>aalma</strong></span> <span class='ocrx_word' id='word_1_309' title='bbox 520 4334 652 4409; x_wconf 75' lang='lat' dir='ltr'><strong>iratis</strong></span> <span class='ocrx_word' id='word_1_310' title='bbox 667 4334 779 4412; x_wconf 51' lang='lat'><em>”¹5³²</em></span> <span class='ocrx_word' id='word_1_311' title='bbox 801 4334 1110 4411; x_wconf 31' lang='lat' dir='ltr'><strong>‘inmittantur</strong></span> <span class='ocrx_word' id='word_1_312' title='bbox 1147 4336 1322 4396; x_wconf 77' lang='lat' dir='ltr'><strong>multis,</strong></span> 
     </span>
    </p>
   </div>
   <div class='ocr_carea' id='block_1_9' title="bbox 1111 4528 1146 4547">
    <p class='ocr_par' dir='ltr' id='par_1_13' title="bbox 1111 4528 1146 4547">
     <span class='ocr_line' id='line_1_59' title="bbox 1111 4528 1146 4547; baseline 0 0"><span class='ocrx_word' id='word_1_313' title='bbox 1111 4528 1146 4547; x_wconf 62' lang='lat' dir='ltr'>b</span> 
     </span>
    </p>
   </div>
   <div class='ocr_carea' id='block_1_10' title="bbox 2251 1309 2378 1372">
    <p class='ocr_par' dir='ltr' id='par_1_14' title="bbox 2251 1309 2378 1372">
     <span class='ocr_line' id='line_1_60' title="bbox 2251 1309 2378 1372; baseline 0.008 -1"><span class='ocrx_word' id='word_1_314' title='bbox 2251 1309 2378 1372; x_wconf 73' lang='lat'><strong>125</strong></span> 
     </span>
    </p>
   </div>
   <div class='ocr_carea' id='block_1_11' title="bbox 1360 1497 2401 4396">
    <p class='ocr_par' dir='ltr' id='par_1_15' title="bbox 1360 1497 2393 2663">
     <span class='ocr_line' id='line_1_61' title="bbox 1360 1497 2380 1566; baseline -0.002 -15"><span class='ocrx_word' id='word_1_315' title='bbox 1360 1502 1507 1552; x_wconf 87' lang='lat' dir='ltr'><strong>etiam</strong></span> <span class='ocrx_word' id='word_1_316' title='bbox 1539 1500 1782 1557; x_wconf 83' lang='lat' dir='ltr'><strong>inmeritis,</strong></span> <span class='ocrx_word' id='word_1_317' title='bbox 1811 1497 1896 1565; x_wconf 90' lang='lat' dir='ltr'><strong>qui</strong></span> <span class='ocrx_word' id='word_1_318' title='bbox 1927 1498 2137 1549; x_wconf 86' lang='lat' dir='ltr'><strong>sinistras</strong></span> <span class='ocrx_word' id='word_1_319' title='bbox 2159 1501 2284 1566; x_wconf 24' lang='lat' dir='ltr'><strong>&#39;inde</strong></span> <span class='ocrx_word' id='word_1_320' title='bbox 2319 1501 2380 1550; x_wconf 88' lang='lat' dir='ltr'><strong>de</strong></span> 
     </span>
     <span class='ocr_line' id='line_1_62' title="bbox 1361 1565 2378 1632; baseline -0.001 -17"><span class='ocrx_word' id='word_1_321' title='bbox 1361 1566 1471 1615; x_wconf 91' lang='lat' dir='ltr'><strong>Diis</strong></span> <span class='ocrx_word' id='word_1_322' title='bbox 1498 1567 1742 1632; x_wconf 84' lang='lat' dir='ltr'><strong>opiniones</strong></span> <span class='ocrx_word' id='word_1_323' title='bbox 1773 1565 2060 1631; x_wconf 74' lang='lat' dir='ltr'><strong>concipiant,</strong></span> <span class='ocrx_word' id='word_1_324' title='bbox 2095 1581 2267 1629; x_wconf 90' lang='lat' dir='ltr'><strong>eosque</strong></span> <span class='ocrx_word' id='word_1_325' title='bbox 2305 1566 2378 1615; x_wconf 89' lang='lat' dir='ltr'><strong>in·</strong></span> 
     </span>
     <span class='ocr_line' id='line_1_63' title="bbox 1363 1629 2383 1695; baseline 0 -15"><span class='ocrx_word' id='word_1_326' title='bbox 1363 1631 1491 1680; x_wconf 85' lang='lat' dir='ltr'><strong>vidia</strong></span> <span class='ocrx_word' id='word_1_327' title='bbox 1522 1638 1878 1695; x_wconf 81' lang='lat' dir='ltr'><strong>prosequantur.</strong></span> <span class='ocrx_word' id='word_1_328' title='bbox 1946 1629 2090 1678; x_wconf 89' lang='lat' dir='ltr'><strong>Nilus</strong></span> <span class='ocrx_word' id='word_1_329' title='bbox 2124 1640 2283 1678; x_wconf 88' lang='lat' dir='ltr'><strong>autem</strong></span> <span class='ocrx_word' id='word_1_330' title='bbox 2319 1632 2383 1680; x_wconf 88' lang='lat' dir='ltr'><strong>ab</strong></span> 
     </span>
     <span class='ocr_line' id='line_1_64' title="bbox 1530 1693 2384 1759; baseline 0 -16"><span class='ocrx_word' id='word_1_331' title='bbox 1530 1694 1607 1744; x_wconf 83' lang='lat' dir='ltr'><strong>tiis</strong></span> <span class='ocrx_word' id='word_1_332' title='bbox 1668 1695 1791 1744; x_wconf 87' lang='lat' dir='ltr'><strong>inter</strong></span> <span class='ocrx_word' id='word_1_333' title='bbox 1852 1693 2089 1759; x_wconf 82' lang='lat' dir='ltr'><strong>principes</strong></span> <span class='ocrx_word' id='word_1_334' title='bbox 2143 1694 2384 1744; x_wconf 81' lang='lat' dir='ltr'><strong>colebatur</strong></span> 
     </span>
     <span class='ocr_line' id='line_1_65' title="bbox 1366 1758 2382 1823; baseline 0 -15"><span class='ocrx_word' id='word_1_335' title='bbox 1366 1760 1515 1818; x_wconf 85' lang='lat' dir='ltr'><strong>Deos,</strong></span> <span class='ocrx_word' id='word_1_336' title='bbox 1539 1760 1612 1823; x_wconf 87' lang='lat' dir='ltr'><strong>(v.</strong></span> <span class='ocrx_word' id='word_1_337' title='bbox 1634 1761 1664 1810; x_wconf 87' lang='lat' dir='ltr'>J</span> <span class='ocrx_word' id='word_1_338' title='bbox 1669 1759 1884 1808; x_wconf 80' lang='lat' dir='ltr'><strong>ablonski</strong></span> <span class='ocrx_word' id='word_1_339' title='bbox 1915 1758 2091 1807; x_wconf 89' lang='lat' dir='ltr'><strong>Panth.</strong></span> <span class='ocrx_word' id='word_1_340' title='bbox 2113 1761 2228 1822; x_wconf 85' lang='lat' dir='ltr'><strong>AEg.</strong></span> <span class='ocrx_word' id='word_1_341' title='bbox 2247 1760 2382 1808; x_wconf 70' lang='lat' dir='ltr'><strong>Toni.</strong></span> 
     </span>
     <span class='ocr_line' id='line_1_66' title="bbox 1366 1824 2379 1888; baseline -0.001 -15"><span class='ocrx_word' id='word_1_342' title='bbox 1366 1825 1439 1873; x_wconf 93' lang='lat' dir='ltr'><strong>II.</strong></span> <span class='ocrx_word' id='word_1_343' title='bbox 1497 1859 1510 1872; x_wconf 92' lang='lat'><strong>.</strong></span> <span class='ocrx_word' id='word_1_344' title='bbox 1535 1826 1644 1872; x_wconf 88' lang='grc'><strong>140.</strong></span> <span class='ocrx_word' id='word_1_345' title='bbox 1666 1839 1764 1887; x_wconf 86' lang='lat' dir='ltr'><strong>seq.</strong></span> <span class='ocrx_word' id='word_1_346' title='bbox 1789 1834 1838 1872; x_wconf 88' lang='lat' dir='ltr'><strong>et</strong></span> <span class='ocrx_word' id='word_1_347' title='bbox 1862 1825 1969 1871; x_wconf 91' lang='grc'><strong>168.</strong></span> <span class='ocrx_word' id='word_1_348' title='bbox 1996 1824 2155 1888; x_wconf 88' lang='lat' dir='ltr'><strong>seqq.)</strong></span> <span class='ocrx_word' id='word_1_349' title='bbox 2176 1830 2227 1871; x_wconf 84' lang='lat' dir='ltr'><strong>et</strong></span> <span class='ocrx_word' id='word_1_350' title='bbox 2241 1824 2379 1887; x_wconf 79' lang='lat' dir='ltr'><strong>quid-</strong></span> 
     </span>
     <span class='ocr_line' id='line_1_67' title="bbox 1366 1887 2384 1953; baseline 0.002 -18"><span class='ocrx_word' id='word_1_351' title='bbox 1366 1888 1447 1950; x_wconf 89' lang='lat' dir='ltr'><strong>qui</strong></span> <span class='ocrx_word' id='word_1_352' title='bbox 1526 1889 1621 1936; x_wconf 85' lang='lat' dir='ltr'><strong>fere</strong></span> <span class='ocrx_word' id='word_1_353' title='bbox 1662 1888 1777 1936; x_wconf 88' lang='lat' dir='ltr'><strong>mali</strong></span> <span class='ocrx_word' id='word_1_354' title='bbox 1829 1887 2097 1935; x_wconf 84' lang='lat' dir='ltr'><strong>hominibus</strong></span> <span class='ocrx_word' id='word_1_355' title='bbox 2136 1888 2384 1953; x_wconf 88' lang='lat' dir='ltr'><strong>contingit,</strong></span> 
     </span>
     <span class='ocr_line' id='line_1_68' title="bbox 1365 1951 2384 2017; baseline 0 -17"><span class='ocrx_word' id='word_1_356' title='bbox 1365 1967 1429 2000; x_wconf 84' lang='lat' dir='ltr'><strong>ex</strong></span> <span class='ocrx_word' id='word_1_357' title='bbox 1462 1952 1700 2002; x_wconf 87' lang='lat' dir='ltr'><strong>communi</strong></span> <span class='ocrx_word' id='word_1_358' title='bbox 1740 1951 2034 2015; x_wconf 68' lang='lat' dir='ltr'><strong>antiquitatis</strong></span> <span class='ocrx_word' id='word_1_359' title='bbox 2070 1951 2293 2017; x_wconf 85' lang='lat' dir='ltr'><strong>opinione</strong></span> <span class='ocrx_word' id='word_1_360' title='bbox 2320 1953 2384 2002; x_wconf 88' lang='lat' dir='ltr'><strong>ab</strong></span> 
     </span>
     <span class='ocr_line' id='line_1_69' title="bbox 1370 2015 2391 2081; baseline 0.002 -18"><span class='ocrx_word' id='word_1_361' title='bbox 1370 2016 1440 2063; x_wconf 88' lang='lat' dir='ltr'><strong>ira</strong></span> <span class='ocrx_word' id='word_1_362' title='bbox 1488 2017 1703 2065; x_wconf 87' lang='lat' dir='ltr'><strong>Deorum</strong></span> <span class='ocrx_word' id='word_1_363' title='bbox 1755 2015 2060 2081; x_wconf 85' lang='lat' dir='ltr'><strong>repetendum</strong></span> <span class='ocrx_word' id='word_1_364' title='bbox 2106 2024 2196 2064; x_wconf 84' lang='lat' dir='ltr'><strong>est.</strong></span> <span class='ocrx_word' id='word_1_365' title='bbox 2261 2026 2391 2065; x_wconf 76' lang='lat' dir='ltr'><strong>terra</strong></span> 
     </span>
     <span class='ocr_line' id='line_1_70' title="bbox 1369 2079 2384 2137; baseline 0.001 -9"><span class='ocrx_word' id='word_1_366' title='bbox 1369 2083 1503 2136; x_wconf 72' lang='grc' dir='ltr'><strong><em>εἰσι-α,</em></strong></span> <span class='ocrx_word' id='word_1_367' title='bbox 1528 2081 1576 2129; x_wconf 91' lang='lat' dir='ltr'><strong>h.</strong></span> <span class='ocrx_word' id='word_1_368' title='bbox 1597 2096 1639 2129; x_wconf 88' lang='lat' dir='ltr'><strong>e.</strong></span> <span class='ocrx_word' id='word_1_369' title='bbox 1661 2080 1702 2129; x_wconf 87' lang='lat' dir='ltr'><strong>si</strong></span> <span class='ocrx_word' id='word_1_370' title='bbox 1716 2085 1850 2129; x_wconf 62' lang='lat' dir='ltr'><strong>‘terra</strong></span> <span class='ocrx_word' id='word_1_371' title='bbox 1876 2086 2001 2128; x_wconf 89' lang='lat' dir='ltr'><strong>esset</strong></span> <span class='ocrx_word' id='word_1_372' title='bbox 2026 2079 2169 2137; x_wconf 85' lang='lat' dir='ltr'><strong>sicca,</strong></span> <span class='ocrx_word' id='word_1_373' title='bbox 2192 2080 2232 2128; x_wconf 83' lang='lat' dir='ltr'><strong>si</strong></span> <span class='ocrx_word' id='word_1_374' title='bbox 2253 2081 2384 2129; x_wconf 88' lang='lat' dir='ltr'><strong>sicci-</strong></span> 
     </span>
     <span class='ocr_line' id='line_1_71' title="bbox 1372 2143 2386 2205; baseline 0.003 -14"><span class='ocrx_word' id='word_1_375' title='bbox 1372 2151 1470 2192; x_wconf 85' lang='lat' dir='ltr'><strong>tate</strong></span> <span class='ocrx_word' id='word_1_376' title='bbox 1489 2145 1740 2195; x_wconf 86' lang='lat' dir='ltr'><strong>laboraret.</strong></span> <span class='ocrx_word' id='word_1_377' title='bbox 1809 2145 1948 2193; x_wconf 81' lang='lat' dir='ltr'><strong>Terra</strong></span> <span class='ocrx_word' id='word_1_378' title='bbox 1971 2143 2243 2205; x_wconf 75' lang='lat' dir='ltr'><strong>Memphitis,</strong></span> <span class='ocrx_word' id='word_1_379' title='bbox 2265 2153 2320 2194; x_wconf 91' lang='lat' dir='ltr'><strong>ut</strong></span> <span class='ocrx_word' id='word_1_380' title='bbox 2340 2163 2386 2194; x_wconf 87' lang='lat' dir='ltr'><strong>v.</strong></span> 
     </span>
     <span class='ocr_line' id='line_1_72' title="bbox 1378 2208 2387 2275; baseline 0.003 -19"><span class='ocrx_word' id='word_1_381' title='bbox 1378 2210 1486 2257; x_wconf 88' lang='lat'><strong>115.</strong></span> <span class='ocrx_word' id='word_1_382' title='bbox 1523 2213 1699 2257; x_wconf 66' lang='lat' dir='ltr'><strong>Marotis</strong></span> <span class='ocrx_word' id='word_1_383' title='bbox 1731 2226 1831 2265; x_wconf 82' lang='lat' dir='ltr'><strong>ara,</strong></span> <span class='ocrx_word' id='word_1_384' title='bbox 1852 2224 1937 2274; x_wconf 85' lang='lat' dir='ltr'><strong>pro</strong></span> <span class='ocrx_word' id='word_1_385' title='bbox 1959 2208 2289 2275; x_wconf 82' lang='lat' dir='ltr'><strong>Memphitica,</strong></span> <span class='ocrx_word' id='word_1_386' title='bbox 2313 2211 2387 2275; x_wconf 84' lang='lat' dir='ltr'><strong>(v.</strong></span> 
     </span>
     <span class='ocr_line' id='line_1_73' title="bbox 1373 2272 2385 2338; baseline 0.001 -18"><span class='ocrx_word' id='word_1_387' title='bbox 1373 2288 1479 2337; x_wconf 86' lang='lat' dir='ltr'><strong>sup.</strong></span> <span class='ocrx_word' id='word_1_388' title='bbox 1519 2274 1582 2323; x_wconf 88' lang='lat' dir='ltr'><strong>ad</strong></span> <span class='ocrx_word' id='word_1_389' title='bbox 1617 2274 1757 2322; x_wconf 89' lang='lat' dir='ltr'><strong>XIV.</strong></span> <span class='ocrx_word' id='word_1_390' title='bbox 1796 2273 1937 2334; x_wconf 87' lang='grc'><strong>286.)</strong></span> <span class='ocrx_word' id='word_1_391' title='bbox 1969 2272 2018 2319; x_wconf 90' lang='lat' dir='ltr'><strong>h.</strong></span> <span class='ocrx_word' id='word_1_392' title='bbox 2049 2288 2095 2321; x_wconf 88' lang='lat' dir='ltr'><strong>e.</strong></span> <span class='ocrx_word' id='word_1_393' title='bbox 2131 2275 2385 2338; x_wconf 79' lang='lat' dir='ltr'><strong>AEgyptia:</strong></span> 
     </span>
     <span class='ocr_line' id='line_1_74' title="bbox 1372 2335 2390 2401; baseline 0.002 -15"><span class='ocrx_word' id='word_1_394' title='bbox 1372 2338 1599 2401; x_wconf 89' lang='lat' dir='ltr'><strong>quoniam</strong></span> <span class='ocrx_word' id='word_1_395' title='bbox 1619 2339 1841 2400; x_wconf 71' lang='lat' dir='ltr'><strong>Memphis</strong></span> <span class='ocrx_word' id='word_1_396' title='bbox 1872 2335 2133 2386; x_wconf 86' lang='lat' dir='ltr'><strong>clarissima</strong></span> <span class='ocrx_word' id='word_1_397' title='bbox 2159 2338 2270 2387; x_wconf 90' lang='lat' dir='ltr'><strong>olim</strong></span> <span class='ocrx_word' id='word_1_398' title='bbox 2299 2339 2390 2388; x_wconf 85' lang='lat' dir='ltr'><strong>fuit</strong></span> 
     </span>
     <span class='ocr_line' id='line_1_75' title="bbox 1375 2401 2392 2470; baseline 0.002 -20"><span class='ocrx_word' id='word_1_399' title='bbox 1375 2402 1486 2451; x_wconf 86' lang='lat' dir='ltr'><strong>urbs</strong></span> <span class='ocrx_word' id='word_1_400' title='bbox 1505 2403 1716 2470; x_wconf 79' lang='lat' dir='ltr'><strong>AEgypti,</strong></span> <span class='ocrx_word' id='word_1_401' title='bbox 1739 2411 1786 2452; x_wconf 87' lang='lat' dir='ltr'><strong>et</strong></span> <span class='ocrx_word' id='word_1_402' title='bbox 1813 2401 1950 2451; x_wconf 84' lang='lat' dir='ltr'><strong>sedes</strong></span> <span class='ocrx_word' id='word_1_403' title='bbox 1985 2402 2131 2467; x_wconf 90' lang='lat' dir='ltr'><strong>regni,</strong></span> <span class='ocrx_word' id='word_1_404' title='bbox 2152 2401 2217 2450; x_wconf 81' lang='lat' dir='ltr'><strong>ad</strong></span> <span class='ocrx_word' id='word_1_405' title='bbox 2239 2404 2392 2452; x_wconf 84' lang='lat' dir='ltr'><strong>Delta</strong></span> 
     </span>
     <span class='ocr_line' id='line_1_76' title="bbox 1375 2467 2391 2532; baseline 0.002 -16"><span class='ocrx_word' id='word_1_406' title='bbox 1375 2476 1425 2517; x_wconf 85' lang='lat' dir='ltr'><strong>et</strong></span> <span class='ocrx_word' id='word_1_407' title='bbox 1442 2468 1678 2517; x_wconf 85' lang='lat' dir='ltr'><strong>sinistram</strong></span> <span class='ocrx_word' id='word_1_408' title='bbox 1711 2468 1815 2516; x_wconf 88' lang='lat' dir='ltr'><strong>Nili</strong></span> <span class='ocrx_word' id='word_1_409' title='bbox 1848 2467 1997 2532; x_wconf 87' lang='lat' dir='ltr'><strong>ripam</strong></span> <span class='ocrx_word' id='word_1_410' title='bbox 2029 2468 2137 2524; x_wconf 85' lang='lat' dir='ltr'><strong>sita,</strong></span> <span class='ocrx_word' id='word_1_411' title='bbox 2157 2468 2292 2532; x_wconf 87' lang='lat' dir='ltr'><strong>cujus</strong></span> <span class='ocrx_word' id='word_1_412' title='bbox 2310 2484 2391 2518; x_wconf 84' lang='lat' dir='ltr'><strong>ru-</strong></span> 
     </span>
     <span class='ocr_line' id='line_1_77' title="bbox 1375 2531 2393 2595; baseline 0.004 -15"><span class='ocrx_word' id='word_1_413' title='bbox 1375 2532 1491 2583; x_wconf 83' lang='lat' dir='ltr'><strong>dera</strong></span> <span class='ocrx_word' id='word_1_414' title='bbox 1509 2533 1651 2582; x_wconf 85' lang='lat' dir='ltr'><strong>etiam</strong></span> <span class='ocrx_word' id='word_1_415' title='bbox 1684 2548 1809 2583; x_wconf 88' lang='lat' dir='ltr'><strong>nunc</strong></span> <span class='ocrx_word' id='word_1_416' title='bbox 1831 2548 1858 2581; x_wconf 89' lang='lat' dir='ltr'><strong>e</strong></span> <span class='ocrx_word' id='word_1_417' title='bbox 1880 2531 2068 2595; x_wconf 86' lang='lat' dir='ltr'><strong>regione</strong></span> <span class='ocrx_word' id='word_1_418' title='bbox 2099 2532 2227 2582; x_wconf 80' lang='lat' dir='ltr'><strong>urbis</strong></span> <span class='ocrx_word' id='word_1_419' title='bbox 2248 2535 2393 2584; x_wconf 84' lang='lat' dir='ltr'><strong>Cairo</strong></span> 
     </span>
     <span class='ocr_line' id='line_1_78' title="bbox 1374 2598 2131 2663; baseline 0.009 -18"><span class='ocrx_word' id='word_1_420' title='bbox 1374 2598 1682 2663; x_wconf 87' lang='lat' dir='ltr'><strong>reperiuntur.</strong></span> <span class='ocrx_word' id='word_1_421' title='bbox 2128 2616 2131 2621; x_wconf 82' lang='grc'><em>·</em></span> 
     </span>
    </p>

    <p class='ocr_par' dir='ltr' id='par_1_16' title="bbox 1376 2659 2395 3098">
     <span class='ocr_line' id='line_1_79' title="bbox 1447 2659 2395 2712; baseline 0.003 -3"><span class='ocrx_word' id='word_1_422' title='bbox 1447 2664 1553 2710; x_wconf 84' lang='grc'><strong>123.</strong></span> <span class='ocrx_word' id='word_1_423' title='bbox 1588 2661 1760 2712; x_wconf 84' lang='lat' dir='ltr'><strong>Varias</strong></span> <span class='ocrx_word' id='word_1_424' title='bbox 1789 2659 2066 2709; x_wconf 82' lang='lat' dir='ltr'><strong>incrementi</strong></span> <span class='ocrx_word' id='word_1_425' title='bbox 2088 2662 2195 2710; x_wconf 88' lang='lat' dir='ltr'><strong>Nili</strong></span> <span class='ocrx_word' id='word_1_426' title='bbox 2225 2678 2395 2712; x_wconf 81' lang='lat' dir='ltr'><strong>causas</strong></span> 
     </span>
     <span class='ocr_line' id='line_1_80' title="bbox 1377 2726 2390 2780; baseline 0.005 -6"><span class='ocrx_word' id='word_1_427' title='bbox 1377 2726 1573 2775; x_wconf 85' lang='lat' dir='ltr'><strong>tradunt</strong></span> <span class='ocrx_word' id='word_1_428' title='bbox 1606 2726 1835 2775; x_wconf 73' lang='lat' dir='ltr'><strong>Herodot-</strong></span> <span class='ocrx_word' id='word_1_429' title='bbox 1873 2726 1947 2773; x_wconf 88' lang='lat'><strong>11.</strong></span> <span class='ocrx_word' id='word_1_430' title='bbox 1993 2728 2199 2775; x_wconf 81' lang='lat'><strong>17-25,</strong></span> <span class='ocrx_word' id='word_1_431' title='bbox 2239 2735 2288 2776; x_wconf 85' lang='lat' dir='ltr'><strong>et</strong></span> <span class='ocrx_word' id='word_1_432' title='bbox 2326 2728 2390 2780; x_wconf 73' lang='lat' dir='ltr'><strong>ad</strong></span> 
     </span>
     <span class='ocr_line' id='line_1_81' title="bbox 1376 2791 2392 2854; baseline 0.001 -15"><span class='ocrx_word' id='word_1_433' title='bbox 1376 2806 1486 2840; x_wconf 87' lang='lat' dir='ltr'><strong>eum</strong></span> <span class='ocrx_word' id='word_1_434' title='bbox 1505 2792 1710 2840; x_wconf 84' lang='lat' dir='ltr'><strong>Larcher</strong></span> <span class='ocrx_word' id='word_1_435' title='bbox 1725 2791 1784 2838; x_wconf 89' lang='lat' dir='ltr'><strong>T.</strong></span> <span class='ocrx_word' id='word_1_436' title='bbox 1807 2791 1850 2838; x_wconf 89' lang='grc' dir='ltr'><strong>Ι.</strong></span> <span class='ocrx_word' id='word_1_437' title='bbox 1909 2824 1922 2837; x_wconf 89' lang='grc'><strong>.</strong></span> <span class='ocrx_word' id='word_1_438' title='bbox 1943 2791 2052 2839; x_wconf 83' lang='grc'><strong>158.</strong></span> <span class='ocrx_word' id='word_1_439' title='bbox 2072 2805 2170 2854; x_wconf 88' lang='lat' dir='ltr'><strong>seq.</strong></span> <span class='ocrx_word' id='word_1_440' title='bbox 2189 2798 2237 2839; x_wconf 86' lang='lat' dir='ltr'><strong>et</strong></span> <span class='ocrx_word' id='word_1_441' title='bbox 2256 2792 2392 2840; x_wconf 70' lang='lat' dir='ltr'><strong>Wes-</strong></span> 
     </span>
     <span class='ocr_line' id='line_1_82' title="bbox 1377 2854 2392 2921; baseline 0 -17"><span class='ocrx_word' id='word_1_442' title='bbox 1377 2856 1463 2904; x_wconf 88' lang='lat' dir='ltr'><strong>sel.</strong></span> <span class='ocrx_word' id='word_1_443' title='bbox 1500 2873 1549 2921; x_wconf 90' lang='lat' dir='ltr'><strong>p.</strong></span> <span class='ocrx_word' id='word_1_444' title='bbox 1587 2858 1698 2904; x_wconf 87' lang='grc'><strong>113.</strong></span> <span class='ocrx_word' id='word_1_445' title='bbox 1730 2863 1778 2902; x_wconf 90' lang='lat' dir='ltr'><strong>et</strong></span> <span class='ocrx_word' id='word_1_446' title='bbox 1815 2856 1876 2902; x_wconf 88' lang='grc'><strong>78</strong></span> <span class='ocrx_word' id='word_1_447' title='bbox 1908 2856 2087 2903; x_wconf 81' lang='grc'><strong>-802,</strong></span> <span class='ocrx_word' id='word_1_448' title='bbox 2114 2854 2311 2903; x_wconf 81' lang='lat' dir='ltr'><strong>Diodor.</strong></span> <span class='ocrx_word' id='word_1_449' title='bbox 2347 2858 2392 2905; x_wconf 88' lang='grc' dir='ltr'><strong>Ι.</strong></span> 
     </span>
     <span class='ocr_line' id='line_1_83' title="bbox 1379 2917 2392 2976; baseline 0 -8"><span class='ocrx_word' id='word_1_450' title='bbox 1379 2921 1549 2969; x_wconf 88' lang='lat' dir='ltr'><strong>Senec.</strong></span> <span class='ocrx_word' id='word_1_451' title='bbox 1573 2921 1691 2968; x_wconf 87' lang='lat' dir='ltr'><strong>Nat.</strong></span> <span class='ocrx_word' id='word_1_452' title='bbox 1712 2920 1900 2976; x_wconf 85' lang='lat' dir='ltr'><strong>Quaest.</strong></span> <span class='ocrx_word' id='word_1_453' title='bbox 1933 2917 2109 2967; x_wconf 78' lang='lat' dir='ltr'><strong>1V.-2.</strong></span> <span class='ocrx_word' id='word_1_454' title='bbox 2143 2919 2392 2968; x_wconf 78' lang='lat' dir='ltr'><strong>Jablonslti</strong></span> 
     </span>
     <span class='ocr_line' id='line_1_84' title="bbox 1379 2983 2391 3047; baseline 0.001 -14"><span class='ocrx_word' id='word_1_455' title='bbox 1379 2984 1559 3034; x_wconf 85' lang='lat' dir='ltr'><strong>Panth.</strong></span> <span class='ocrx_word' id='word_1_456' title='bbox 1588 2987 1696 3047; x_wconf 80' lang='lat' dir='ltr'><strong>AEg.</strong></span> <span class='ocrx_word' id='word_1_457' title='bbox 1717 2983 1775 3031; x_wconf 83' lang='lat' dir='ltr'><strong>T.</strong></span> <span class='ocrx_word' id='word_1_458' title='bbox 1801 2983 1874 3030; x_wconf 91' lang='lat'><strong>11.</strong></span> <span class='ocrx_word' id='word_1_459' title='bbox 1895 2998 1945 3046; x_wconf 85' lang='lat' dir='ltr'><strong>p.</strong></span> <span class='ocrx_word' id='word_1_460' title='bbox 1970 2984 2047 3030; x_wconf 86' lang='lat'><strong>14.</strong></span> <span class='ocrx_word' id='word_1_461' title='bbox 2075 2998 2177 3047; x_wconf 85' lang='lat' dir='ltr'><strong>seq.</strong></span> <span class='ocrx_word' id='word_1_462' title='bbox 2209 2993 2257 3032; x_wconf 87' lang='lat' dir='ltr'><strong>et</strong></span> <span class='ocrx_word' id='word_1_463' title='bbox 2281 2983 2391 3034; x_wconf 81' lang='lat'><strong>163.</strong></span> 
     </span>
     <span class='ocr_line' id='line_1_85' title="bbox 1378 3064 1480 3098; baseline 0.01 -1"><span class='ocrx_word' id='word_1_464' title='bbox 1378 3064 1429 3098; x_wconf 86' lang='lat' dir='ltr'><strong>se</strong></span> <span class='ocrx_word' id='word_1_465' title='bbox 1465 3084 1480 3098; x_wconf 94' lang='lat'><strong>.</strong></span> 
     </span>
    </p>

    <p class='ocr_par' dir='ltr' id='par_1_17' title="bbox 1376 3064 2401 4396">
     <span class='ocr_line' id='line_1_86' title="bbox 1430 3064 2391 3176; baseline 0.003 -16"><span class='ocrx_word' id='word_1_466' title='bbox 1430 3064 1717 3161; x_wconf 58' lang='lat' dir='ltr'><strong>(im-128.</strong></span> <span class='ocrx_word' id='word_1_467' title='bbox 1741 3110 1971 3176; x_wconf 77' lang='lat' dir='ltr'><strong>AEgyptii,</strong></span> <span class='ocrx_word' id='word_1_468' title='bbox 1994 3111 2070 3160; x_wconf 83' lang='lat' dir='ltr'><strong>vel</strong></span> <span class='ocrx_word' id='word_1_469' title='bbox 2089 3110 2246 3176; x_wconf 86' lang='lat' dir='ltr'><strong>potius</strong></span> <span class='ocrx_word' id='word_1_470' title='bbox 2265 3113 2391 3163; x_wconf 86' lang='lat' dir='ltr'><strong>Ten·</strong></span> 
     </span>
     <span class='ocr_line' id='line_1_87' title="bbox 1377 3175 2396 3250; baseline 0.003 -24"><span class='ocrx_word' id='word_1_471' title='bbox 1377 3177 1533 3242; x_wconf 83' lang='lat' dir='ltr'><strong>tyritae</strong></span> <span class='ocrx_word' id='word_1_472' title='bbox 1554 3175 1900 3249; x_wconf 80' lang='lat' dir='ltr'><strong>inhumanitate</strong></span> <span class='ocrx_word' id='word_1_473' title='bbox 1925 3184 2149 3250; x_wconf 87' lang='lat' dir='ltr'><strong>superant</strong></span> <span class='ocrx_word' id='word_1_474' title='bbox 2170 3177 2396 3228; x_wconf 84' lang='lat' dir='ltr'><strong>barbaros</strong></span> 
     </span>
     <span class='ocr_line' id='line_1_88' title="bbox 1376 3240 2395 3372; baseline 0.002 -17"><span class='ocrx_word' id='word_1_475' title='bbox 1376 3240 2023 3379; x_wconf 53' lang='lat' dir='ltr'><strong>¹¹¹¹ss0¹3¹¹¹¹¹¹</strong></span> <span class='ocrx_word' id='word_1_476' title='bbox 2041 3249 2275 3370; x_wconf 50' lang='lat' dir='ltr'><strong>aaa</strong></span> <span class='ocrx_word' id='word_1_477' title='bbox 2304 3246 2395 3356; x_wconf 65' lang='lat'><strong>32:</strong></span> 
     </span>
     <span class='ocr_line' id='line_1_89' title="bbox 1379 3370 2393 3434; baseline -0.003 -14"><span class='ocrx_word' id='word_1_478' title='bbox 1379 3373 1543 3426; x_wconf 71' lang='lat' dir='ltr'><strong>ribiles,</strong></span> <span class='ocrx_word' id='word_1_479' title='bbox 1567 3370 1649 3433; x_wconf 89' lang='lat' dir='ltr'><strong>qui</strong></span> <span class='ocrx_word' id='word_1_480' title='bbox 1678 3371 1916 3434; x_wconf 87' lang='lat' dir='ltr'><strong>ingentem</strong></span> <span class='ocrx_word' id='word_1_481' title='bbox 1946 3371 2060 3418; x_wconf 79' lang='lat' dir='ltr'><strong>olim</strong></span> <span class='ocrx_word' id='word_1_482' title='bbox 2078 3378 2297 3418; x_wconf 85' lang='lat' dir='ltr'><strong>terrorem</strong></span> <span class='ocrx_word' id='word_1_483' title='bbox 2318 3371 2393 3418; x_wconf 84' lang='lat' dir='ltr'><strong>in-</strong></span> 
     </span>
     <span class='ocr_line' id='line_1_90' title="bbox 1379 3433 2398 3484; baseline -0.001 0"><span class='ocrx_word' id='word_1_484' title='bbox 1379 3442 1625 3484; x_wconf 87' lang='lat' dir='ltr'><strong>eusserunt</strong></span> <span class='ocrx_word' id='word_1_485' title='bbox 1646 3434 1896 3483; x_wconf 85' lang='lat' dir='ltr'><strong>Romanis.</strong></span> <span class='ocrx_word' id='word_1_486' title='bbox 1964 3434 2166 3481; x_wconf 74' lang='lat' dir='ltr'><strong>Britones</strong></span> <span class='ocrx_word' id='word_1_487' title='bbox 2188 3433 2262 3481; x_wconf 82' lang='lat' dir='ltr'><strong>vel</strong></span> <span class='ocrx_word' id='word_1_488' title='bbox 2286 3433 2398 3483; x_wconf 68' lang='lat' dir='ltr'><strong>Bru·-</strong></span> 
     </span>
     <span class='ocr_line' id='line_1_91' title="bbox 1383 3496 2391 3559; baseline 0.001 -12"><span class='ocrx_word' id='word_1_489' title='bbox 1383 3502 1514 3547; x_wconf 78' lang='lat' dir='ltr'><strong>tunm‘</strong></span> <span class='ocrx_word' id='word_1_490' title='bbox 1539 3498 1609 3546; x_wconf 84' lang='lat' dir='ltr'><strong>ita</strong></span> <span class='ocrx_word' id='word_1_491' title='bbox 1628 3498 1745 3547; x_wconf 88' lang='lat' dir='ltr'><strong>dicti</strong></span> <span class='ocrx_word' id='word_1_492' title='bbox 1766 3513 1796 3545; x_wconf 89' lang='lat' dir='ltr'><strong>a</strong></span> <span class='ocrx_word' id='word_1_493' title='bbox 1817 3513 1918 3546; x_wconf 79' lang='lat' dir='ltr'><strong>voc.</strong></span> <span class='ocrx_word' id='word_1_494' title='bbox 1945 3497 2066 3553; x_wconf 76' lang='lat' dir='ltr'><strong>Brit,</strong></span> <span class='ocrx_word' id='word_1_495' title='bbox 2088 3496 2391 3559; x_wconf 86' lang='lat' dir='ltr'><strong>(coloratum,</strong></span> 
     </span>
     <span class='ocr_line' id='line_1_92' title="bbox 1383 3560 2394 3627; baseline -0.002 -15"><span class='ocrx_word' id='word_1_496' title='bbox 1383 3563 1443 3612; x_wconf 84' lang='lat' dir='ltr'><strong>de</strong></span> <span class='ocrx_word' id='word_1_497' title='bbox 1475 3563 1640 3620; x_wconf 89' lang='lat' dir='ltr'><strong>ictum,</strong></span> <span class='ocrx_word' id='word_1_498' title='bbox 1663 3561 1928 3624; x_wconf 86' lang='lat' dir='ltr'><strong>versicolor)</strong></span> <span class='ocrx_word' id='word_1_499' title='bbox 1955 3560 2068 3625; x_wconf 91' lang='lat' dir='ltr'><strong>quia</strong></span> <span class='ocrx_word' id='word_1_500' title='bbox 2100 3572 2267 3627; x_wconf 75' lang='lat' dir='ltr'><strong>corpus</strong></span> <span class='ocrx_word' id='word_1_501' title='bbox 2299 3579 2394 3614; x_wconf 65' lang='grc' dir='ltr'><strong>οω-</strong></span> 
     </span>
     <span class='ocr_line' id='line_1_93' title="bbox 1381 3624 2391 3679; baseline 0.004 -4"><span class='ocrx_word' id='word_1_502' title='bbox 1381 3644 1433 3675; x_wconf 89' lang='lat' dir='ltr'><strong>ru</strong></span> <span class='ocrx_word' id='word_1_503' title='bbox 1456 3643 1514 3676; x_wconf 92' lang='lat' dir='ltr'><strong>eo</strong></span> <span class='ocrx_word' id='word_1_504' title='bbox 1536 3627 1689 3676; x_wconf 89' lang='lat' dir='ltr'><strong>colore</strong></span> <span class='ocrx_word' id='word_1_505' title='bbox 1705 3626 1891 3674; x_wconf 85' lang='lat' dir='ltr'><strong>inficere</strong></span> <span class='ocrx_word' id='word_1_506' title='bbox 1909 3624 2137 3673; x_wconf 86' lang='lat' dir='ltr'><strong>solebant.</strong></span> <span class='ocrx_word' id='word_1_507' title='bbox 2161 3643 2207 3675; x_wconf 89' lang='lat' dir='ltr'><strong>v.</strong></span> <span class='ocrx_word' id='word_1_508' title='bbox 2229 3627 2308 3676; x_wconf 87' lang='lat' dir='ltr'><strong>Int</strong></span> <span class='ocrx_word' id='word_1_509' title='bbox 2379 3667 2391 3679; x_wconf 90' lang='lat'><strong>.</strong></span> 
     </span>
     <span class='ocr_line' id='line_1_94' title="bbox 1383 3686 2398 3744; baseline 0.004 -4"><span class='ocrx_word' id='word_1_510' title='bbox 1383 3692 1510 3741; x_wconf 89' lang='lat' dir='ltr'><strong>Plin.</strong></span> <span class='ocrx_word' id='word_1_511' title='bbox 1544 3692 1713 3740; x_wconf 86' lang='lat' dir='ltr'><strong>XXII.</strong></span> <span class='ocrx_word' id='word_1_512' title='bbox 1750 3693 1794 3738; x_wconf 90' lang='lat'><strong>1.</strong></span> <span class='ocrx_word' id='word_1_513' title='bbox 1814 3706 1854 3738; x_wconf 88' lang='lat' dir='ltr'><strong>s.</strong></span> <span class='ocrx_word' id='word_1_514' title='bbox 1872 3691 1923 3738; x_wconf 83' lang='lat'><strong>2.</strong></span> <span class='ocrx_word' id='word_1_515' title='bbox 1988 3690 2068 3739; x_wconf 91' lang='lat' dir='ltr'><strong>De</strong></span> <span class='ocrx_word' id='word_1_516' title='bbox 2099 3686 2259 3740; x_wconf 73' lang='lat' dir='ltr'><strong>eoru&#39;m</strong></span> <span class='ocrx_word' id='word_1_517' title='bbox 2308 3695 2398 3744; x_wconf 85' lang='lat' dir='ltr'><strong>eri·</strong></span> 
     </span>
     <span class='ocr_line' id='line_1_95' title="bbox 1382 3754 2397 3869; baseline 0.003 -63"><span class='ocrx_word' id='word_1_518' title='bbox 1382 3764 1480 3806; x_wconf 85' lang='lat' dir='ltr'><strong>tate</strong></span> <span class='ocrx_word' id='word_1_519' title='bbox 1502 3756 1565 3805; x_wconf 81' lang='lat' dir='ltr'><strong>cf.</strong></span> <span class='ocrx_word' id='word_1_520' title='bbox 1586 3757 1747 3869; x_wconf 57' lang='lat' dir='ltr'><strong>Intpp.</strong></span> <span class='ocrx_word' id='word_1_521' title='bbox 1767 3757 1886 3805; x_wconf 86' lang='lat' dir='ltr'><strong>Hor.</strong></span> <span class='ocrx_word' id='word_1_522' title='bbox 1920 3754 2020 3804; x_wconf 88' lang='lat' dir='ltr'><strong>od.</strong></span> <span class='ocrx_word' id='word_1_523' title='bbox 2052 3757 2155 3805; x_wconf 89' lang='grc' dir='ltr'><strong>ΙΙΙ.</strong></span> <span class='ocrx_word' id='word_1_524' title='bbox 2177 3760 2225 3806; x_wconf 83' lang='grc'><strong>4.</strong></span> <span class='ocrx_word' id='word_1_525' title='bbox 2245 3760 2326 3808; x_wconf 84' lang='grc'><strong>33.</strong></span> <span class='ocrx_word' id='word_1_526' title='bbox 2345 3768 2397 3808; x_wconf 83' lang='lat' dir='ltr'><strong>et</strong></span> 
     </span>
     <span class='ocr_line' id='line_1_96' title="bbox 1384 3818 2396 3873; baseline 0 -1"><span class='ocrx_word' id='word_1_527' title='bbox 1384 3821 1552 3871; x_wconf 87' lang='lat' dir='ltr'><strong>Barth.</strong></span> <span class='ocrx_word' id='word_1_528' title='bbox 1575 3819 1636 3869; x_wconf 87' lang='lat' dir='ltr'><strong>ad</strong></span> <span class='ocrx_word' id='word_1_529' title='bbox 1716 3820 1846 3869; x_wconf 85' lang='lat' dir='ltr'><strong>laud.</strong></span> <span class='ocrx_word' id='word_1_530' title='bbox 1875 3818 2026 3869; x_wconf 82' lang='lat' dir='ltr'><strong>Laud.</strong></span> <span class='ocrx_word' id='word_1_531' title='bbox 2061 3820 2167 3871; x_wconf 88' lang='lat' dir='ltr'><strong>Stil.</strong></span> <span class='ocrx_word' id='word_1_532' title='bbox 2185 3824 2257 3871; x_wconf 85' lang='grc' dir='ltr'><strong>ΙΙ.</strong></span> <span class='ocrx_word' id='word_1_533' title='bbox 2280 3825 2396 3873; x_wconf 90' lang='grc'><strong>246.</strong></span> 
     </span>
     <span class='ocr_line' id='line_1_97' title="bbox 1377 3885 2395 3950; baseline -0.001 -15"><span class='ocrx_word' id='word_1_534' title='bbox 1377 3889 1445 3936; x_wconf 65' lang='lat' dir='ltr'><strong>,In</strong></span> <span class='ocrx_word' id='word_1_535' title='bbox 1477 3885 1760 3950; x_wconf 83' lang='lat' dir='ltr'><strong>quibusdam</strong></span> <span class='ocrx_word' id='word_1_536' title='bbox 1791 3886 1938 3934; x_wconf 87' lang='lat' dir='ltr'><strong>MSS.</strong></span> <span class='ocrx_word' id='word_1_537' title='bbox 1967 3896 2063 3935; x_wconf 87' lang='lat' dir='ltr'><strong>non</strong></span> <span class='ocrx_word' id='word_1_538' title='bbox 2093 3887 2219 3936; x_wconf 87' lang='lat' dir='ltr'><strong>male</strong></span> <span class='ocrx_word' id='word_1_539' title='bbox 2252 3887 2395 3935; x_wconf 84' lang='lat' dir='ltr'><strong>etiam</strong></span> 
     </span>
     <span class='ocr_line' id='line_1_98' title="bbox 1385 3948 2398 4017; baseline -0.002 -17"><span class='ocrx_word' id='word_1_540' title='bbox 1385 3952 1583 4000; x_wconf 76' lang='lat' dir='ltr'><strong>Bistones</strong></span> <span class='ocrx_word' id='word_1_541' title='bbox 1602 3948 1788 4015; x_wconf 82' lang='lat' dir='ltr'><strong>legitur,</strong></span> <span class='ocrx_word' id='word_1_542' title='bbox 1803 3950 1854 3998; x_wconf 88' lang='lat' dir='ltr'><strong>h.</strong></span> <span class='ocrx_word' id='word_1_543' title='bbox 1871 3966 1916 4000; x_wconf 87' lang='lat' dir='ltr'><strong>e.</strong></span> <span class='ocrx_word' id='word_1_544' title='bbox 1934 3951 2155 3999; x_wconf 77' lang='lat' dir='ltr'><strong>Thraces.</strong></span> <span class='ocrx_word' id='word_1_545' title='bbox 2189 3950 2268 3999; x_wconf 87' lang='lat' dir='ltr'><strong>Cf.</strong></span> <span class='ocrx_word' id='word_1_546' title='bbox 2290 3951 2398 4017; x_wconf 74' lang='grc' dir='ltr'><strong>ΙΙΙ.</strong></span> 
     </span>
     <span class='ocr_line' id='line_1_99' title="bbox 1386 4012 2394 4077; baseline -0.001 -11"><span class='ocrx_word' id='word_1_547' title='bbox 1386 4019 1465 4066; x_wconf 86' lang='grc'><strong>79.</strong></span> <span class='ocrx_word' id='word_1_548' title='bbox 1524 4018 1634 4065; x_wconf 86' lang='grc'><strong>125.</strong></span> <span class='ocrx_word' id='word_1_549' title='bbox 1654 4016 1948 4073; x_wconf 77' lang='lat' dir='ltr'><strong>Sauromatae,</strong></span> <span class='ocrx_word' id='word_1_550' title='bbox 1972 4032 2019 4063; x_wconf 86' lang='lat' dir='ltr'><strong>v.</strong></span> <span class='ocrx_word' id='word_1_551' title='bbox 2041 4030 2144 4077; x_wconf 86' lang='lat' dir='ltr'><strong>sup.</strong></span> <span class='ocrx_word' id='word_1_552' title='bbox 2166 4012 2227 4060; x_wconf 73' lang='lat' dir='ltr'><strong>ad</strong></span> <span class='ocrx_word' id='word_1_553' title='bbox 2247 4014 2318 4062; x_wconf 90' lang='lat'><strong>11.</strong></span> <span class='ocrx_word' id='word_1_554' title='bbox 2348 4017 2394 4064; x_wconf 86' lang='lat'><strong>1.</strong></span> 
     </span>
     <span class='ocr_line' id='line_1_100' title="bbox 1386 4077 2397 4150; baseline -0.002 -19"><span class='ocrx_word' id='word_1_555' title='bbox 1386 4083 1649 4147; x_wconf 75' lang='lat' dir='ltr'><strong>Agathyrsi,</strong></span> <span class='ocrx_word' id='word_1_556' title='bbox 1685 4081 1906 4145; x_wconf 83' lang='lat' dir='ltr'><strong>Scythica</strong></span> <span class='ocrx_word' id='word_1_557' title='bbox 1937 4095 2051 4143; x_wconf 78' lang='lat' dir='ltr'><strong>gens</strong></span> <span class='ocrx_word' id='word_1_558' title='bbox 2082 4078 2132 4150; x_wconf 77' lang='lat' dir='ltr'><strong>in</strong></span> <span class='ocrx_word' id='word_1_559' title='bbox 2164 4077 2397 4129; x_wconf 84' lang='lat' dir='ltr'><strong>Sarmatia</strong></span> 
     </span>
     <span class='ocr_line' id='line_1_101' title="bbox 1383 4144 2395 4204; baseline -0.004 -8"><span class='ocrx_word' id='word_1_560' title='bbox 1383 4149 1481 4196; x_wconf 89' lang='lat' dir='ltr'><strong>Eur</strong></span> <span class='ocrx_word' id='word_1_561' title='bbox 1544 4162 1634 4204; x_wconf 82' lang='lat' dir='ltr'><strong>aea,</strong></span> <span class='ocrx_word' id='word_1_562' title='bbox 1670 4146 1867 4197; x_wconf 85' lang='lat' dir='ltr'><strong>Gelonis</strong></span> <span class='ocrx_word' id='word_1_563' title='bbox 1900 4151 2206 4197; x_wconf 81' lang='lat' dir='ltr'><strong>contermina,</strong></span> <span class='ocrx_word' id='word_1_564' title='bbox 2244 4144 2395 4192; x_wconf 83' lang='lat' dir='ltr'><strong>ambi-</strong></span> 
     </span>
     <span class='ocr_line' id='line_1_102' title="bbox 1383 4206 2398 4279; baseline -0.005 -18"><span class='ocrx_word' id='word_1_565' title='bbox 1383 4227 1467 4261; x_wconf 88' lang='lat' dir='ltr'><strong>ens</strong></span> <span class='ocrx_word' id='word_1_566' title='bbox 1561 4210 1743 4259; x_wconf 74' lang='lat' dir='ltr'><strong>aeotidis</strong></span> <span class='ocrx_word' id='word_1_567' title='bbox 1773 4207 1960 4276; x_wconf 82' lang='lat' dir='ltr'><strong>paludis</strong></span> <span class='ocrx_word' id='word_1_568' title='bbox 1992 4206 2180 4279; x_wconf 52' lang='lat' dir='ltr'><strong>sterium,</strong></span> <span class='ocrx_word' id='word_1_569' title='bbox 2218 4207 2325 4262; x_wconf 62' lang='lat' dir='ltr'><strong>vel,</strong></span> <span class='ocrx_word' id='word_1_570' title='bbox 2343 4218 2398 4256; x_wconf 87' lang='lat' dir='ltr'><strong>ut</strong></span> 
     </span>
     <span class='ocr_line' id='line_1_103' title="bbox 1387 4269 2401 4336; baseline -0.007 -12"><span class='ocrx_word' id='word_1_571' title='bbox 1387 4277 1468 4325; x_wconf 86' lang='lat' dir='ltr'><strong>alii</strong></span> <span class='ocrx_word' id='word_1_572' title='bbox 1502 4275 1683 4330; x_wconf 88' lang='lat' dir='ltr'><strong>dicunt,</strong></span> <span class='ocrx_word' id='word_1_573' title='bbox 1705 4274 1924 4324; x_wconf 88' lang='lat' dir='ltr'><strong>adcolens</strong></span> <span class='ocrx_word' id='word_1_574' title='bbox 1957 4271 2205 4318; x_wconf 80' lang='lat' dir='ltr'><strong>Mansium</strong></span> <span class='ocrx_word' id='word_1_575' title='bbox 2223 4269 2274 4318; x_wconf 76' lang='lat' dir='ltr'><strong>fl.</strong></span> <span class='ocrx_word' id='word_1_576' title='bbox 2296 4273 2401 4336; x_wconf 75' lang='lat' dir='ltr'><strong>qui,</strong></span> 
     </span>
     <span class='ocr_line' id='line_1_104' title="bbox 1388 4333 2393 4396; baseline -0.012 -5"><span class='ocrx_word' id='word_1_577' title='bbox 1388 4340 1426 4390; x_wconf 83' lang='lat' dir='ltr'><strong>si</strong></span> <span class='ocrx_word' id='word_1_578' title='bbox 1460 4340 1701 4391; x_wconf 81' lang='lat' dir='ltr'><strong>Herodoto</strong></span> <span class='ocrx_word' id='word_1_579' title='bbox 1732 4338 1849 4387; x_wconf 83' lang='lat' dir='ltr'><strong>fides</strong></span> <span class='ocrx_word' id='word_1_580' title='bbox 1878 4334 2120 4396; x_wconf 73' lang='lat' dir='ltr'><strong>habenda,</strong></span> <span class='ocrx_word' id='word_1_581' title='bbox 2140 4333 2194 4384; x_wconf 82' lang='lat' dir='ltr'><strong>in</strong></span> <span class='ocrx_word' id='word_1_582' title='bbox 2224 4336 2393 4389; x_wconf 78' lang='lat' dir='ltr'><strong>Danu--</strong></span> 
     </span>
    </p>
   </div>
  </div>
 </body>
</html>
