2978 4920
987 334 1428 398 SAT'IRA
1492 334 1664 398 XII.

2226 336 2353 404 297

354 517 629 588 Garrula
659 519 857 583 securi
889 541 1139 583 narrare
1170 518 1449 604 pericula
1478 531 1704 584 nautae.

444 620 542 684 Ite
571 620 788 706 igitur,
819 620 1023 707 pueri,
1054 620 1289 705 linguis
1318 620 1669 706 animisque
1698 621 2011 697 faventeS,·

357 721 662 807 Sertaque
692 721 971 786 delubris
1000 734 1063 786 et
1093 722 1263 786 farra
1290 720 1573 806 inponite
1603 720 1843 800 cultris„

354 822 453 885 Ac
482 817 698 886 molles
725 834 944 886 ornate
972 823 1144 885 focos
1173 821 1551 905 glebamque
1582 820 1911 887 virentem:

2261 827 2342 886 85

354 924 401 984 J
403 946 500 986 am
535 946 783 1008 sequar,
814 937 877 987 et
909 945 1105 999 sacm,
1136 922 1313 1007 quod
1342 933 1626 1006 praestat,
1658 922 1779 985 rite
1807 936 2082 1008 peract0‚

356 1025 515 1088 Inde
541 1025 804 1097 domum
835 1036 1136 1111 repetam,
1168 1023 1433 1109 graciles
1462 1023 1577 1087 ubi
1607 1047 1803 1110 parva
1829 1049 2087 1091 coronas

354 1128 707 1213 Adcipiunt
737 1128 944 1213 fragili
981 1126 1314 1190 simulacra
1343 1126 1610 1191 nitentia
1640 1150 1798 1190 cera.

354 1230 481 1293 Hic
510 1243 792 1293 nostrum
823 1229 1087 1316 placabo
1116 1230 1162 1290 J
1164 1251 1369 1306 ovem,
1402 1229 1808 1315 Laribusque
1836 1234 2114 1316 paternis

352 1330 581 1393 Thura
609 1330 799 1407 dabo,
830 1342 1025 1416 atque
1053 1351 1267 1392 omnes
1296 1329 1480 1392 violae
1503 1329 1761 1414 jactabo
1790 1331 2043 1394 coloreS.
2095 1353 2096 1356 ¹

2254 1336 2340 1400 90

353 1432 604 1494 Cuncta
629 1430 858 1496 nitent:
907 1430 1126 1515 longos
1156 1430 1354 1493 erexit
1379 1431 1579 1515 janua
1608 1452 1839 1506 ramosi,

349 1533 442 1595 Et
472 1530 798 1595 matutinis
826 1542 1126 1620 operatur
1155 1531 1316 1595 festa
1343 1531 1632 1594 lucernis.

260 1715 375 1764 lacu
440 1712 661 1768 Lucrino,
724 1714 921 1773 pervius,
991 1712 1270 1777 navigabilis

261 1788 353 1827 est.

330 1845 408 1892 81.
441 1844 600 1890 verti-ce
618 1858 740 1889 raso.-
772 1840 953 1888 namin
976 1840 1110 1890 luctu
1141 1856 1268 1889 sum-

263 1922 437 1971 moque
475 1904 593 1954 vitae‘
630 1906 836 1971 periculo
875 1911 1018 1970 caput
1057 1904 1175 1962 radi,
1220 1913 1269 1952 et

258 1972 414 2020 crines
434 1969 586 2026 abiis,
606 1971 687 2032 qui
707 1985 765 2018 ex
784 1985 847 2017 na
982 1970 1026 2017 ‘o
1058 1969 1133 2017 vel
1157 1969 1260 2018 diu·

257 2043 397 2084 turno
432 2035 591 2083 morbo
626 2036 810 2097 alioque
846 2032 1110 2082 discrimine
1144 2032 1263 2082 salvi

257 2106 520 2156 evaserant,
560 2099 669 2147 Diis
706 2097 1055 2163 sospitatoribus
1094 2097 1265 2146 obferri

256 2165 492 2213 solebant.
529 2163 599 2227 (v.
631 2163 806 2212 Jacobs
838 2161 900 2209 ad
933 2160 1130 2210 Anthol.
1175 2162 1264 2210 Gr.

262 2229 378 2278 Vol.
401 2228 475 2275 11.
495 2228 554 2275 P.
578 2226 650 2273 ΙΙ.
685 2243 732 2291 p.
751 2224 893 2287 422.)
958 2226 1038 2273 82.
1060 2224 1138 2273 Cf.
1163 2225 1269 2274 Cic.

259 2293 324 2342 ad
367 2291 483 2340 Div.
516 2291 581 2339 V.
621 2292 694 2337 12.
727 2296 777 2336 et
808 2289 874 2338 al.
906 2288 1129 2343 Gamla,
1162 2304 1267 2351 quae

255 2356 473 2421 garrulos
492 2352 669 2403 faciunt
689 2353 899 2402 homines
915 2370 929 2412 3
961 2352 1141 2423 vel-pro
1160 2367 1267 2415 gar·

254 2421 377 2470 rulis
411 2418 582 2474 nautis,
622 2418 694 2467 vel
733 2416 938 2481 denique
979 2416 1150 2479 adject.
1185 2430 1268 2481 pro

262 2484 506 2539 adverbio,
552 2483 729 2546 ingenti
781 2480 1068 2545 garrulitate,
1117 2481 1270 2544 qualis

259 2551 541 2616 plerumque
572 2555 644 2596 est
670 2545 925 2601 hominum,
945 2560 1116 2608 magno
1147 2544 1269 2609 peri-

255 2616 367 2664 culo
387 2613 703 2662 liberatorum.
724 2619 896 2666 navatae,
914 2609 1132 2659 Catullus
1146 2609 1269 2673 ejus-

260 2694 356 2743 que
376 2676 506 2734 socii,
527 2693 724 2741 quorum
742 2674 955 2724 adfectus
976 2673 1120 2722 animi
1138 2688 1269 2738 egre-

256 2743 335 2807 gie
359 2741 710 2792 adumbrantur.

325 2808 532 2855 83-92.
570 2807 807 2855 Praeclara
847 2802 1109 2855 conversio!
1155 2817 1267 2853 nam

259 2870 493 2936 descripto
524 2872 729 2935 periculo
750 2878 797 2918 et
820 2869 971 2918 reditu
994 2868 1172 2917 Catulli
1192 2884 1266 2916 re-

256 2943 403 3000 pente
445 2949 606 2982 sensus
643 2935 693 2982 in
736 2933 963 2982 actionem
1006 2940 1262 2989 transeunt,

253 3014 357 3063 qua
378 2997 637 3046 dramatica
664 3014 719 3046 ac
738 2997 897 3046 vivida
913 3013 1066 3045 rerum
1100 2996 1266 3045 adum·

253 3062 472 3112 bratione
501 3077 684 3110 summa
715 3076 906 3126 poeseos
940 3062 1082 3109 virtus
1119 3060 1268 3109 conti-

255 3135 412 3177 netur.
477 3127 628 3174 Poeta
663 3126 723 3174 ob
766 3124 963 3173 reditum
1001 3124 1152 3180 amici,
1185 3125 1266 3189 qui

256 3192 309 3240 in
351 3199 560 3241 extremo
598 3190 707 3240 vitae
749 3189 1014 3237 discrimine
1051 3198 1263 3240 versatus

255 3262 375 3312 erat.
395 3255 571 3304 laetitiav
582 3255 839 3309 exsultans,
858 3252 1055 3302 advocat
1076 3264 1263 3323 servos}

250 3321 394 3384 jubet
410 3326 664 3386 ‘properare
682 3318 949 3367 necessaria
971 3317 1033 3368 ad
1053 3325 1160 3367 vota
1176 3334 1263 3382 pro

257 3384 412 3434 reditu
446 3385 635 3434 ,Catulli
667 3381 1113 3445 solvendaremque
1140 3382 1263 3432 divi-

256 3463 372 3497 nam
403 3449 491 3497 rite
516 3448 813 3504 faciendam3
847 3446 999 3511 omnis
1014 3446 1261 3495 motwin-

256 3513 443 3578 patiens
475 3521 558 3562 est.
623 3509 1097 3561 Festinantes.oculis
1114 3510 1264 3574 ‚quasi

254 3577 497 3628 cernitnu
521 3590 690 3634 servos,
710 3575 1030 3627 et'··dnmiaum
1057 3572 1156 3638 jam
1188 3582 1261 3627 ste-3

256 3648 499 3707 (ruentem,
515 3640 617 3703 jam
647 3641 737 3689 diis
758 3640 1012 3706 majoribus
1031 3647 1140 3691 vota
1169 3640 1263 3689 sol-2

255 3708 453 3755 nentem
488 3704 539 3751 in
588 3707 788 3770 templis,
822 3714 878 3753 vet
914 3721 1025 3754 mox
1064 3702 1264 3755 Laribus

253 3768 403 3824 dorni,
437 3767 522 3817 ubi
546 3769 714 3817 ¹emnia
749 3770 813 3820 ad
848 3769 1012 3819 festam
1051 3768 1263 3817 laetitiam

253 3841 426 3901 parata
442 3841 566 3882 sunt.
630 3834 821 3899 Linguis
838 3838 1079 3898 animisque
1083 3834 1262 3897 favete.

255 3901 511 3962 ιῦφημσΐτι,
544 3898 747 3959 solennis
781 3898 831 3946 in
862 3899 1006 3947 sacris
1043 3899 1258 3954 formula,

291 3980 354 4012 ua
384 3963 586 4028 populns
607 3963 680 4011 vel
710 3970 867 4011 tacere
891 3963 1161 4026 jubebatur,
1183 3961 1261 4011 vel

254 3980 346 4076 gri
379 4027 527 4076 verba
556 4028 682 4075 bona
716 4026 906 4091 εὔφημα,
934 4027 1046 4075 boni
1080 4025 1261 4081 ominis,

256 4107 334 4148 ne,
357 4090 446 4155 qui,
472 4090 704 4149 adessent,
726 4107 808 4141 seu
839 4092 1050 4143 consulto
1077 4106 1158 4140 seu
1194 4098 1262 4137 te·

255 4170 402 4213 mere,
427 4154 542 4219 quid
562 4156 677 4205 mali
695 4171 734 4204 s.
756 4155 927 4206 sinistri
948 4154 1116 4204 ominis
1130 4153 1261 4203 dice÷

255 4227 505 4283 nuque
539 4219 971 4285 vel-profanaretur
1001 4234 1076 4268 res
1111 4233 1261 4274 sacra,

257 4282 347 4332 ’hel'
367 4281 468 4345 ejus
498 4283 570 4334 vis
599 4283 939 4348 infringeretur.
1015 4283 1098 4331 84.
1134 4282 1264 4329 Serta

250 4347 468 4405 delubria,
505 4349 782 4414 templorum
818 4347 1027 4415 postibus
1067 4344 1265 4399 foribus.

1331 1727 1425 1777 que
1457 1712 1743 1778 suspendite.
1776 1730 1821 1762 v.
1856 1713 1918 1762 ad
1952 1713 2043 1763 VI.
2067 1715 2147 1764 51.
2182 1714 2339 1769 Fut-re,

1332 1776 1380 1825 h.
1402 1792 1445 1825 e.
1476 1777 1603 1825 mola
1632 1778 1774 1836 salsa,
1795 1794 1854 1826 ex
1876 1778 1994 1827 farre
2013 1786 2135 1827 tosto
2156 1787 2204 1828 et
2222 1778 2339 1835 sale,

1329 1842 1487 1895 cultri,
1517 1841 1642 1889 frons
1673 1842 1877 1890 victimae
1907 1850 1956 1890 et
1985 1841 2109 1906 ignis
2140 1859 2177 1892 s.
2211 1842 2342 1891 focus

1331 1903 1746 1970 adspergebantur.
1828 1909 1907 1956 85.
1945 1916 2115 1964 mate,
2157 1915 2339 1973 parate,

1324 1969 1403 2017 vel
1439 1970 1596 2035 potius
1634 1977 1869 2019 coronate.
1905 1972 2051 2019 molles
2075 1971 2205 2036 focos
2236 1972 2337 2037 gle-

1325 2035 1506 2096 bamque
1534 2037 1761 2090 virmtem,
1794 2033 1842 2082 h.
1862 2049 1905 2083 e.
1938 2049 2068 2083 aram
2100 2051 2127 2084 e
2159 2036 2335 2101 cespite

1327 2097 1458 2146 molli
1489 2114 1548 2147 ac
1576 2098 1761 2155 virenti,
1784 2113 1823 2146 s.
1845 2099 2048 2160 recenti;
2081 2115 2174 2163 quo
2194 2116 2337 2149 sensu

1327 2165 1477 2210 vivum
1513 2166 1713 2223 cespitem
1747 2162 1866 2210 dixit
1899 2164 2016 2212 Hor.
2049 2163 2144 2212 Od.
2180 2165 2223 2212 I.
2257 2165 2336 2214 19.

1335 2228 1412 2273 13.
1431 2224 1515 2272 ubi
1532 2243 1578 2273 v.
1599 2226 1861 2274 Mitscherl.
1884 2226 1965 2275 Cf.
1986 2243 2090 2292 sup.
2109 2227 2171 2277 ad
2193 2246 2239 2276 v.
2260 2230 2309 2278 2.

1396 2289 1475 2337 86.
1508 2305 1645 2345 sacro,
1683 2292 1797 2351 quod
1829 2299 2020 2350 praestat,
2054 2292 2179 2352 quod
2216 2303 2334 2355 ρω-

1331 2352 1531 2400 stantius
1551 2360 1639 2409 est,
1660 2359 1901 2416 tamquam
1932 2353 2135 2416 publice,
2154 2361 2203 2401 et
2234 2370 2336 2403 ma-

1324 2414 1506 2480 joribus
1533 2415 1643 2465 Diis
1663 2415 1837 2466 factum
1858 2430 1912 2464 ac
1934 2416 2226 2483 promissum.
2260 2418 2340 2468 Cf.

1334 2491 1438 2546 sup.
1471 2498 1518 2529 v.
1551 2483 1599 2529 2.
1640 2496 1771 2546 seqq.
1798 2491 1974 2542 peracto
2004 2484 2108 2537 rite,
2139 2483 2259 2530 bene
2290 2490 2339 2531 et

1333 2552 1474 2601 recte,
1516 2560 1576 2593 ex
1614 2545 1797 2609 legibus
1826 2544 2011 2610 praescri
2044 2545 2121 2600 tis,
2164 2546 2337 2604 animo,

1333 2608 1436 2657 loco
1459 2624 1514 2657 ac
1535 2616 1741 2675 tempore
1767 2608 1950 2658 idoneo.
2060 2611 2139 2666 ite,
2156 2625 2245 2658 vox
2264 2626 2341 2660 sa-

1332 2687 1515 2722 crorum
1536 2689 1575 2722 a.
1598 2673 1830 2738 religiosa.

1395 2739 1473 2786 87.
1497 2739 1575 2786 88.
1607 2739 1758 2787 Poeta
1778 2738 1921 2788 etiam
1941 2737 2216 2787 domesticos
2237 2741 2340 2804 pla-

1330 2807 1410 2858 cat
1440 2802 1581 2850 deos:
1616 2810 1751 2851 tanta
1782 2800 1885 2866 ejus
1915 2810 1986 2851 est
2016 2804 2197 2860 laetitia,
2228 2812 2334 2853 tan-

1329 2875 1406 2914 tus
1448 2866 1618 2918 amoris
1658 2866 1869 2930 gratique
1912 2866 2057 2916 animi
2092 2868 2333 2918 adfectus!

1330 2931 1565 2979 Praeclare
1597 2940 1755 2980 autem
1785 2949 1926 2993 parva
1956 2933 2211 2989 simulacra,
2220 2931 2334 2998 sra-

1324 2997 1413 3061 gili
1452 3012 1570 3051 cera,
1614 3012 1719 3060 quae
1770 2996 1905 3045 facile
1949 2995 2241 3060 franguntur,
2286 3006 2335 3048 et

1325 3063 1517 3125 graciles
1551 3077 1715 3108 corone
1754 3060 1814 3109 de
1850 3059 2046 3109 Laribus
2084 3078 2336 3126 parvarum

1330 3124 1519 3176 aedium.
1533 3125 1614 3174 Cf.
1622 3124 1763 3175 simil.
1775 3124 1864 3173 loc.
1877 3141 1979 3190 sup.
1993 3125 2086 3173 IX.
2101 3128 2206 3176 137.
2224 3130 2334 3185 138.

1325 3187 1483 3258 ibique
1527 3196 1621 3237 not.
1698 3190 1873 3236 Eorum
1911 3204 2015 3238 vero
2048 3189 2336 3243 simulachra.

1325 3268 1408 3301 cur
1446 3256 1599 3303 ‘nitent
1641 3256 1790 3301 cer-M.
1824 3252 1937 3316 quia
1985 3269 2120 3303 cerea
2166 3260 2331 3309 erant}

1326 3318 1452 3380 quod
1474 3330 1704 3382 nusquam
1723 3319 1875 3381 legere
1897 3318 2107 3371 memini.
2162 3322 2333 3382 Neque

1328 3381 1601 3431 crediderim
1642 3382 1691 3429 h.
1723 3383 1755 3428 l.
1796 3381 2027 3444 designari
2066 3399 2228 3437 ceram,
2271 3385 2335 3433 de

1325 3454 1420 3509 q'ua
1438 3464 1485 3495 v.
1506 3463 1610 3510 sup.
1628 3446 1692 3499 ad
1709 3446 1799 3492 IX.
1828 3447 1936 3492 139.
1954 3451 2004 3493 et
2025 3446 2087 3491 X.
2109 3449 2187 3494 55.

1373 3506 1614 3565 ,189.21Hic*,
1633 3508 1783 3563 domi.
1845 3509 1998 3565 Jovem
2023 3519 2241 3566 nostrum,
2261 3517 2332 3567 'ut

1325 3576 1464 3627 nostri
1497 3575 1622 3629 laves
1641 3586 1743 3637 sup.
1782 3570 1873 3623 IX.
1905 3573 2023 3625 137.
2051 3572 2131 3619 ubi
2160 3591 2207 3621 v.
2232 3583 2334 3623 not.

1319 3640 1518 3700 placabo,
1550 3636 1811 3687 venerabor
1836 3642 1884 3682 et
1914 3635 1958 3683 ei
1995 3634 2107 3684 satis
2139 3636 2330 3696 faciam,

1326 3717 1472 3766 agens
1509 3699 1683 3764 gratias
1722 3708 1771 3748 et
1803 3705 1913 3746 vota
1946 3702 2229 3763 persolvem,
2257 3720 2327 3754 “ne

1324 3767 1566 3815 irascatur.
1631 3766 1826 3819 Larium
1842 3767 2055 3825 paternis,
2077 3783 2123 3815 v.
2140 3783 2194 3815 su
2231 3802 2244 3817 .
2268 3770 2329 3817 ad

1326 3831 1474 3879 VIII.
1504 3831 1580 3876 14.
1630 3829 1715 3897 90..
1719 3831 1918 3891 jactabo,
1938 3845 2155 3894 spargam
2210 3849 2326 3891 ores,

1326 3894 1447 3960 inpr.
1477 3895 1632 3949 violas,
1661 3901 1711 3941 et
1742 3893 1929 3958 quidem
1959 3899 2169 3954 omnium,
2194 3905 2330 3960 quot-

1325 3967 1438 4023 quot
1469 3966 1595 4015 sunt‚
1618 3958 1826 4015 colorum,
1848 3957 1908 4006 de
1926 3959 2097 4022 quibus
2128 3978 2171 4009 v.
2196 3964 2325 4007 Curt.

1331 4024 1573 4089 Sprengel.
1590 4022 1754 4086 Antiq.
1770 4024 1944 4072 Botan.
1956 4026 2091 4088 Spec.
2109 4024 2152 4070 I.
2164 4039 2207 4070 c.
2223 4025 2264 4069 l.
2280 4031 2328 4070 et

1330 4090 1467 4137 Voss.
1479 4087 1542 4138 ad
1555 4087 1689 4150 Virg.
1704 4088 1807 4136 Ecl.
1821 4087 1893 4136 11.
1906 4089 1985 4136 47.
2003 4088 2061 4134 V.
2073 4089 2149 4133 38.
2169 4087 2230 4133 X.
2248 4088 2328 4136 39.

1400 4154 1604 4213 91.t92.
1645 4153 1759 4202 Jam
1805 4151 1963 4200 omnia
2002 4149 2127 4196 domi
2164 4157 2329 4213 parata

1328 4224 1438 4264 sunt
1455 4218 1519 4265 ad
1538 4215 1645 4266 festi
1666 4215 1761 4264 diei
1782 4213 2013 4269 laetitiam.
2033 4214 2166 4259 erexit
2177 4216 2330 4274 janua

1326 4297 1485 4337 ramos,
1538 4280 1589 4330 h.
1632 4296 1674 4329 e.
1727 4278 1862 4335 rami,
1923 4276 2043 4340 inpr.
2095 4275 2326 4326 laun-orum

1329 4344 1485 4400 erecti,
1508 4343 1718 4409 suspensi
1736 4347 1845 4391 sunt
1869 4340 1920 4388 in
1936 4339 2099 4402 janua.
2125 4339 2202 4388 Cf.
2224 4357 2325 4408 sup.

1405 4410 1522 4475 20
