2978 4920
598 301 732 369 358

1320 295 1365 357 J
1389 293 1453 357 U
1476 287 1788 358 ‘unu-A
1808 291 1865 354 1.
1888 261 1923 352 1
1946 288 1993 352 s

688 486 834 549 Hac
862 481 1044 548 soevit
1072 471 1244 544 rabie
1274 477 1503 542 inbelle
1533 491 1597 541 et
1626 473 1851 540 inutile
1879 473 2139 559 vulgm,
2317 515 2323 520 ·

687 583 970 650 Parvula
995 581 1298 648 fictilibus
1325 579 1584 644 solitum
1617 574 1941 640 darevela
1967 574 2265 661 phaselis,

686 690 778 752 Et
808 685 1108 751 brevibus
1135 684 1328 771 pictae
1356 680 1546 747 remis
1572 669 1941 745 incumbere
1971 690 2171 744 testoe.

688 787 825 852 Nec
857 807 1112 872 poenam
1140 782 1357 854 sceleri
1385 781 1686 859 invenies,
1715 802 1832 845 nec
1858 778 2059 865 digna
2084 778 2337 865 parabis

688 886 1015 973 Supplicia
1042 885 1143 949 his
1170 881 1546 972 populis,‚in
1574 903 1849 968 quorum
1875 891 2092 945 mente
2119 902 2303 965 pares
2332 890 2480 943 sunt
2548 881 2698 943 Δ’130

686 990 777 1052 Et
806 986 1050 1052 similes,
1063 987 1163 1051 ira
1189 998 1388 1071 atque
1414 984 1635 1047 fames.

1726 980 2105 1048 Mollissima
2133 980 2327 1046 corda

688 1091 993 1154 Humano
1021 1089 1234 1175 generi
1264 1087 1419 1152 dare
1446 1108 1514 1150 se
1543 1086 1796 1150 Natura
1823 1083 2088 1161 fatetur,
2490 1115 2496 1125 ·

687 1191 848 1266 Quae
876 1189 1187 1254 lacrumas
1213 1187 1429 1252 dedit:
1476 1186 1619 1250 hoec
1647 1185 1847 1251 nostri
1874 1205 2026 1271 pars
2051 1184 2296 1270 optima
2323 1206 2558 1248 sensus.

690 1291 950 1355 Plorare
978 1312 1134 1375 ergo
1151 1289 1342 1377 jubet
1369 1307 1626 1352 causam
1655 1285 1922 1350 dicentis
1950 1285 2135 1349 amici
2224 1329 2229 1333 -

689 1392 1188 1478 Squaloremque
1216 1391 1332 1466 rei,
1363 1389 1683 1477 pupillum
1710 1373 1793 1451 ad
1813 1389 1969 1474 jura
1999 1400 2325 1452 vocantem

2562 1387 2685 1448 135

691 1492 1345 1580 Circumscriptorem,
1376 1493 1561 1579 cujus
1589 1489 1909 1556 manantia
1937 1488 2092 1554 fletu

597 1673 734 1724 bium
762 1670 930 1722 influit.
996 1671 1138 1730 Quod
1169 1669 1208 1718 si
1233 1687 1394 1720 verum
1428 1679 1516 1726 est,
1541 1685 1613 1719 se·
1672 1679 1808 1734 atque
1826 1669 1995 1734 sames,
2018 1668 2101 1733 qui
2132 1674 2319 1733 putant,
2341 1675 2425 1716 aut
2451 1676 2578 1716 certe
2604 1684 2689 1732 pu·

603 1739 689 1787 des
720 1737 861 1786 hu‘us
890 1736 1051 1804 populi
1082 1736 1130 1784 in
1164 1735 1389 1785 hodierna
1407 1735 1616 1783 Transii·

603 1802 747 1852 vania
827 1817 919 1852 ere.
952 1800 1030 1850 Cf.
1055 1800 1233 1849 Herod.
1256 1802 1349 1849 IV.
1376 1802 1482 1848 100.
1512 1801 1620 1848 102.

608 1868 719 1915 104.
748 1869 855 1916 125.
878 1874 926 1914 et
943 1865 1069 1913 Plin.
1092 1866 1183 1914 IV.
1211 1865 1287 1913 12.
1309 1881 1346 1911 s.
1369 1865 1450 1912 26.
1471 1866 1616 1911 inma-

603 1947 697 1988 nes,
735 1930 839 1987 feri,
870 1930 958 1979 etsi
993 1930 1157 1977 molles
1189 1927 1333 1983 fuere,
1369 1936 1423 1975 ut
1454 1942 1619 1976 omnes

605 1993 827 2051 Thraces,
850 2001 967 2042 teste
989 1992 1245 2041 Herodoto.

603 2095 610 2098 ν
678 2060 785 2107 126.
806 2073 904 2121 seq.
924 2057 1115 2105 Acerba
1145 2053 1363 2103 inrisione
1394 2060 1443 2103 et
1462 2055 1616 2119 indig-

603 2121 796 2196 natione
852 2121 955 2169 hoec
987 2120 1125 2195 ‘dicta
1166 2120 1227 2168 de
1268 2119 1618 2185 Tentyritarum

601 2185 1617 2322 affiffmffl‘2‘aa1ssfftfflissffyffi‘2‘aesfissffl

599 2331 707 2365 rum
754 2322 804 2364 et
855 2315 1209 2380 Canopitarum‚
1250 2313 1465 2370 mollitie,
1509 2329 1618 2376 quae

601 2379 869 2429 mirabilem
889 2379 1006 2428 facit
1029 2379 1161 2426 illam
1192 2378 1423 2426 feritatem
1442 2386 1491 2427 et
1510 2379 1618 2426 bar·

601 2444 804 2494 bar-iem.
872 2445 981 2493 127.
1029 2445 1138 2493 128.
1183 2440 1398 2508 AEgyptii
1441 2443 1621 2507 cymbis

604 2508 895 2575 papyraceis,
916 2524 1023 2573 qum
1055 2510 1227 2557 barides
1256 2508 1549 2564 dicebantur,
1570 2516 1618 2557 et

604 2575 821 2624 testaceis
850 2588 932 2622 sca
964 2573 1036 2622 his
1060 2588 1141 2638 per
1164 2572 1332 2621 Nilum
1361 2571 1617 2621 discurrere

601 2639 836 2688 solebant.
851 2654 897 2687 v·
972 2638 1114 2686 'odor.
1135 2638 1178 2686 Ι.
1198 2638 1279 2686 98.
1297 2636 1525 2685 Herodot.
1544 2637 1617 2684 Il.

602 2705 685 2753 96.
716 2704 798 2753 97.
830 2703 988 2756 Strab.
1022 2703 1195 2750 XVII.
1230 2718 1278 2766 p.
1313 2703 1424 2749 801.
1457 2701 1522 2748 A.
1550 2708 1615 2757 et,

604 2766 688 2831 qui
720 2767 849 2815 locus
868 2766 1117 2816 Juvenalis
1147 2764 1303 2813 animo
1334 2765 1614 2813 obversaba-

605 2838 696 2886 tur,
720 2831 857 2895 virg.
883 2832 976 2881 Ge.
999 2831 1092 2879 IV.
1112 2832 1225 2878 287.
1245 2845 1345 2894 seq.
1382 2830 1478 2878 Pro
1479 2830 1614 2892 ficti-

604 2898 719 2943 libus
738 2895 963 2960 suspicari
980 2893 1129 2960 possis
1144 2896 1367 2952 sutilibus,
1383 2909 1441 2941 ex
1498 2909 1615 2958 apy-

604 2976 673 3015 ro‚
695 2960 804 3008 coll.
823 2959 959 3023 virg.
986 2961 1102 3007 AEn.
1123 2960 1218 3007 VI.
1240 2960 1353 3006 414.
1391 2959 1461 3006 Se
1516 2958 1615 3022 epi·

605 3023 769 3072 theton
794 3023 914 3072 illud
936 3033 1044 3090 apte
1066 3024 1207 3072 etiam
1231 3022 1447 3085 designat
1467 3031 1616 3072 mate·

603 3086 736 3200 {iffi
752 3090 1260 3201 54v‘321z130‘3333‘2?
1281 3086 1617 3199 S‘ssz‘ii‘igffi'

604 3217 676 3267 zu.
708 3193 890 3264 dicitu?
915 3188 1033 3264 Ho’r.
1075 3215 1171 3285 od.
1216 3215 1241 3263 1
1275 3168 1406 3262 Lgi.
1445 3168 1527 3263 i's.
1566 3224 1616 3265 et

605 3279 751 3329 Ovid.
768 3295 826 3328 ex
847 3281 905 3328 P.
924 3281 969 3327 1.
996 3280 1071 3328 10.
1089 3281 1172 3328 39.
1203 3279 1418 3326 Phaselus
1437 3280 1614 3343 &fase-

604 3346 675 3394 lus
690 3343 909 3394 navicula
924 3342 1105 3408 longior
1120 3352 1169 3392 et
1190 3343 1444 3406 angustior,
1462 3344 1615 3407 (Gon-

601 3410 702 3473 del)
728 3410 796 3460 sic
830 3409 957 3458 dicta
986 3424 1016 3457 a
1037 3408 1184 3458 forma
1216 3408 1447 3464 fabarum,
1470 3410 1616 3470 φασή-

602 3483 700 3531 λον,
726 3475 1004 3539 (Titi-kircha,
1024 3490 1185 3539 grosse,
1208 3473 1533 3531 San-Bohvaen,
1557 3474 1617 3523 de

601 3553 694 3600 quo
718 3558 766 3587 v.
787 3540 948 3605 Intpp.
970 3539 1101 3602 Virg.
1121 3539 1214 3589 Ge.
1232 3539 1274 3587 Ι.
1296 3537 1437 3601 227.)
1459 3546 1508 3586 et
1527 3538 1614 3586 mi-

600 3617 664 3648 τω
704 3603 978 3659 velocitatis,
1017 3620 1160 3667 quam
1202 3601 1492 3668 potissimum
1530 3603 1614 3651 de-

601 3664 747 3713 bebat
781 3683 947 3731 prorae,
986 3668 1124 3732 longe
1161 3677 1216 3716 et.
1246 3667 1435 3731 oblique
1474 3683 1614 3732 supra

603 3744 775 3793 aquam
796 3739 1036 3794 porrectae.
1102 3732 1253 3780 Remis
1277 3735 1542 3786 incumbere,
1566 3741 1617 3780 ut

602 3794 665 3843 al.
705 3795 953 3858 insurgere,
994 3797 1202 3857 ἶμέαλιῗν
1241 3796 1435 3844 κάταιθε
1470 3796 1616 3846 Pind.

603 3858 747 3922 Pyth.
765 3859 859 3908 IV.
877 3860 988 3907 356.
1004 3860 1245 3924 {tuydam-⁹
1259 3862 1449 3927 ἰλάτῃιι
1465 3860 1615 3925 Apol—

599 3923 698 3975 lon.
737 3922 811 3972 ΙΙ.
849 3923 962 3973 663.
1028 3923 1250 3972 Similiter
1283 3930 1524 3989 adsurgere
1565 3928 1616 3972 in

600 3989 787 4044 hastam,
817 3990 1026 4048 clipeum,
1057 4003 1213 4042 ensem,
1242 3990 1399 4046 ictum,
1433 3987 1612 4055 igu'Bm,

600 4051 821 4119 ὶτῳίδιιν
842 4051 897 4102 τ)
916 4051 1078 4116 ἷγχος.
1101 4061 1238 4107 testoe,
1261 4054 1448 4117 scaphae
1468 4062 1611 4102 testa-

597 4133 715 4166 ceae.
746 4121 877 4166 remis
895 4119 1105 4173 brevibus,
1128 4116 1357 4164 naviculae
1382 4118 1522 4180 aptis.

613 4206 616 4211 ⁴
663 4183 782 4233 129.
803 4199 977 4243 poenam
1006 4180 1173 4238 sceleri,
1202 4197 1308 4246 quae
1340 4181 1383 4228 T
1384 4181 1606 4245 entyrita—

598 4260 699 4293 rum
722 4246 882 4296 sceleri
901 4246 1117 4296 debetur.
1584 4276 1591 4279 ἡ

1679 1744 1780 1783 tare
1832 1733 2066 1787 videntur,
2109 1732 2227 1780 nihil
2280 1731 2486 1787 differre,
2539 1740 2691 1779 utrum

1679 1799 1787 1862 quis
1807 1799 1909 1848 sola
1928 1798 2000 1846 ira
2021 1806 2069 1846 et
2092 1797 2216 1853 odio,
2239 1812 2302 1845 an
2325 1795 2430 1845 dira
2450 1795 2575 1844 fame
2597 1812 2691 1843 mo-

1679 1871 1757 1911 tus
1807 1877 1948 1911 carne
1995 1863 2204 1910 humana
2242 1870 2478 1915 vescatur,
2521 1861 2693 1924 quique

1681 1927 1791 1976 hinc
1823 1943 1907 1992 per
1925 1927 2040 1975 iram
2062 1927 2243 1976 eadem.
2258 1925 2467 1973 nefanda
2499 1924 2691 1979 faciunt,

1680 2006 1789 2056 quae
1824 1990 1905 2040 alii
1935 1990 2293 2056 (Calaguritani
2329 1998 2379 2038 et
2412 1989 2689 2053 Saguntini)

1682 2071 1766 2121 per
1786 2054 1974 2104 famem.

1753 2121 2020 2169 131-158,
2043 2118 2215 2166 Auoeae
2231 2118 2493 2174 sententiae,
2509 2118 2593 2166 sed
2614 2118 2692 2165 de-

1678 2185 1957 2296 clarlnatoria
1995 2182 2148 2246 magis
2177 2199 2320 2247 quam
2364 2182 2560 2232 satirica
2602 2190 2690 2231 arte

1717 2267 1767 2298 ro
1787 2258 1894 2297 atae.

1683 2266 1717 2315 p
1750 2316 1858 2362 131.
1881 2328 1980 2378 seq.
2004 2311 2200 2360 Saevitia
2230 2310 2313 2359 illa
2343 2311 2690 2375 Tentyritarum

1681 2386 1752 2428 est
1783 2386 1950 2443 praeter
1983 2385 2214 2432 naturam,
2238 2392 2343 2440 quae
2376 2390 2474 2423 non
2508 2375 2572 2424 ad
2592 2391 2691 2423 cru-

1683 2442 1921 2505 delitatem
1964 2440 2178 2499 formavit
2219 2439 2448 2501 homines,
2491 2439 2578 2488 sed
2624 2456 2691 2488 cor

1679 2510 1978 2557 maissimum
2009 2506 2142 2555 dedit
2172 2514 2221 2554 et
2246 2504 2309 2554 ad
2330 2504 2689 2553 misericordiam

1678 2588 1991 2638 propensum3
2024 2571 2149 2634 quod
2172 2571 2246 2618 vel
2269 2586 2331 2619 eo
2340 2569 2550 2634 fatetur,
2573 2568 2690 2617 indi-

1679 2644 1775 2694 cat,
1797 2639 1878 2701 (ut
1906 2652 2011 2702 sup.
2039 2637 2104 2684 X.
2127 2636 2263 2698 172.)
2296 2634 2425 2698 quod
2448 2650 2545 2682 non
2566 2632 2691 2682 aliud

1678 2699 1953 2750 animalium
1970 2716 2120 2765 genus
2140 2702 2360 2748 lacrumas
2374 2698 2575 2746 fundere
2590 2705 2687 2764 pot-

1678 2773 1766 2814 est.
1791 2766 1868 2815 Cf.
1892 2765 2016 2813 Plin.
2038 2765 2161 2812 VII.
2186 2767 2231 2812 1.

1748 2831 1854 2878 133.
1886 2833 2065 2892 mima,
2085 2837 2133 2877 et
2163 2829 2350 2893 propria
2371 2845 2495 2889 pars,
2518 2826 2691 2875 indoles

1680 2902 1729 2944 et
1768 2894 1989 2950 adfectio,
2030 2896 2169 2941 nostri
2218 2909 2384 2949 smus,
2429 2892 2577 2940 animi
2617 2892 2690 2940 vel

1680 2958 1866 3013 mentis,
1921 2967 1992 3007 est
2056 2956 2274 3005 mollities
2334 2965 2384 3005 et
2445 2956 2690 3004 miseratio.

1685 3024 1794 3072 134.
1818 3025 1926 3072 135.
1959 3022 2139 3071 Scabra
2159 3021 2322 3077 oratio,
2343 3037 2454 3085 quae
2474 3036 2563 3070 nec
2583 3020 2690 3067 satis

1681 3087 1802 3144 fluit,
1841 3087 1880 3134 si
1917 3103 1975 3135 ex
2008 3086 2168 3134 multis
2205 3085 2338 3133 libris
2379 3103 2561 3134 causam
2592 3084 2693 3149 (vel

1675 3151 1850 3226 canam)
1875 3155 2068 3217 lugentis
2101 3152 2233 3198 amici
2256 3151 2517 3223 reposueris
2533 3164 2560 3197 z·
2579 3164 2688 3197 nam

1676 3231 1764 3330 {2⁰01
1779 3217 2015 3343 2335.ss
2039 3215 2703 3346 33..3.2¹‡‚.{⁰‘2m{⁹““}053

1680 3346 1774 3409 leg.
1804 3362 1982 3394 causam
2019 3347 2205 3396 dicentis
2235 3345 2370 3391 amici
2407 3344 2661 3406 Squaloren
2675 3356 2695 3396 ,·‘

1681 3423 1814 3473 atque
1835 3413 1901 3458 r‘ei
1919 3411 2144 3472 pupillum
2159 3415 2251 3457 cet.
2271 3415 2326 3454 ut
2346 3407 2609 3472 jungantur
2627 3411 2690 3454 rei

1683 3476 1806 3538 (suae
1835 3473 2105 3537 familiaris)
2125 3475 2549 3534 circumscriptorem
2562 3491 2581 3531 ,-
2594 3476 2599 3483 '
2614 3480 2693 3521 aut

1680 3539 1851 3605 potiuS,
1871 3555 1931 3587 ne
1953 3547 2024 3587 tot
2054 3538 2197 3586 verba
2227 3536 2383 3600 quarti
2415 3552 2554 3584 casus
2581 3552 2691 3585 con·

1678 3612 1882 3660 currant,
1917 3605 2185 3666 Squalorem‚
2218 3603 2286 3650 vel
2321 3617 2417 3649 rem
2447 3600 2691 3663 (causam)

1673 3668 1841 3729 pupilli
1869 3668 1930 3729 ad
1946 3671 2066 3730 jura
2096 3665 2226 3732 (jus)
2257 3668 2455 3714 mantis
2486 3667 2690 3714 Circum-

1677 3734 1947 3793 scriptorem.
2264 3760 2267 3765 ‹
2416 3758 2421 3763 ·

1749 3798 1857 3845 135.
1891 3797 2144 3859 squalorem
2174 3795 2251 3856 vel
2285 3797 2428 3844 sordes
2466 3802 2568 3842 tam
2597 3810 2691 3841 reo·

1679 3877 1798 3918 mm,
1829 3876 1975 3925 quam
2009 3860 2374 3925 subplicantium
2406 3858 2693 3922 lugentium&

1679 3940 1788 3988 que,
1811 3925 1872 3974 ad
1898 3925 2244 3975 miserationem
2272 3923 2559 3972 movendam
2591 3929 2694 3987 spe*

1679 3998 1826 4045 ctare,
1859 3990 1936 4039 vel
1968 3990 2216 4042 tironibus,
2234 3996 2348 4037 nota
2374 4003 2450 4037 res
2477 3995 2569 4037 est.
2600 3991 2693 4035 oir-

1675 4056 2046 4116 cumseriptorem,
2082 4061 2299 4109 tutorem,
2339 4053 2423 4117 qui
2456 4052 2693 4118 pupillum

1618 4160 1619 4163 ,
1676 4119 1810 4167 bonis
1832 4119 1931 4167 suis
1950 4117 2200 4168 staudavit.
2230 4118 2310 4167 Cf.
2333 4133 2440 4182 sup.
2462 4115 2527 4175 ad
2548 4118 2591 4166 Ι.
2610 4116 2695 4164 46.-

1674 4183 1752 4231 47.
1773 4192 1821 4231 et
1843 4185 1905 4232 X.
1924 4186 2040 4233 222.
2266 4210 2269 4213 -

1742 4250 1849 4296 136.
1874 4250 1982 4296 137.
2006 4247 2329 4312 Designantur
2361 4245 2516 4301 fletus,
2540 4244 2689 4315 pueri·

616 4344 646 4359 ·.
669 4308 775 4359 130.
808 4312 857 4358 in
875 4328 1061 4373 quorum
1080 4314 1222 4361 mente
1249 4326 1375 4374 pares
1395 4320 1501 4362 sunt
1535 4280 1613 4362 ira
1670 4311 1740 4361 tia
1759 4321 1807 4362 et
1828 4312 1996 4364 decora
2028 4313 2171 4363 facies
2192 4310 2379 4378 pupilli,
2399 4316 2512 4374 qum
2533 4308 2691 4358 omnia
