2978 4920
597 325 738 390 369.

1311 319 1985 385 JUVENALIS

647 527 652 534 ’
684 522 932 601 Blaesis,
964 533 1162 607 atque
1190 543 1366 584 mero
1397 520 1847 585 titubantibus.
1894 520 2045 583 inde
2076 519 2361 584 virorum

687 624 971 688 Saltatus
998 622 1182 707 nigro
1211 620 1492 698 tibicine,
1525 619 2018 707 qualiacumque

688 724 1059 811 Unguenta,
1093 737 1156 789 et
1186 722 1393 810 flores,
1426 721 1778 806 multaeque
1806 721 1873 785 in
1902 721 2115 786 fronte
2144 745 2426 786 coronae:

2620 712 2700 784 50

686 827 861 889 Hinc
882 825 1179 911 jejunum
1210 823 1448 887 odium.
1499 822 1610 886 sed
1630 821 1850 907 jurgia
1880 821 2087 907 prima
2118 845 2337 887 sonare

686 923 1015 1010 Incipiunt
1043 921 1268 987 animis
1297 921 1706 986 ardentibus:
1758 922 1893 986 haec
1924 923 2086 986 tuba
2112 923 2290 988 rixae.

685 1023 858 1088 Dein
887 1023 1160 1087 clamore
1189 1022 1329 1109 pari
1358 1021 1781 1098 concurritur,
1814 1034 1878 1086 et
1911 1022 2047 1086 vice
2077 1022 2186 1088 teli

686 1126 884 1191 Saevit
914 1125 1091 1188 nuda
1119 1144 1379 1189 manus:
1428 1146 1652 1210 paucae
1686 1124 1821 1187 sine
1850 1123 2113 1188 vulnere
2142 1125 2361 1189 maloe:

685 1225 811 1289 Vix
840 1226 1165 1311 cuiquam,
1195 1236 1309 1288 aut
1339 1224 1502 1289 nulli
1532 1236 1671 1290 toto
1700 1226 2044 1320 certamine
2074 1246 2273 1292 nasus

2620 1232 2696 1291 55

683 1328 963 1414 Integer.
996 1326 1356 1413 adspiceres
1376 1327 1769 1413 jamcunpta
1798 1349 1919 1413 per
1944 1327 2200 1414 agmina
2227 1328 2450 1393 vultus

689 1427 1027 1505 Dimidios,
1058 1426 1212 1490 alias
1240 1426 1455 1505 facies,
1485 1440 1551 1492 et
1580 1426 1823 1491 hiantia
1850 1427 2060 1512 ruptis

683 1529 846 1592 Ossa
874 1528 1078 1614 genis„
1108 1526 1329 1613 plenos
1356 1527 1687 1592 oculorum
1721 1528 2028 1613 sanguine
2058 1519 2328 1613 pugnos.

685 1628 947 1692 Ludere
975 1652 1041 1693 se
1070 1628 1342 1693 credunt
1371 1628 1494 1716 ipsi
1525 1640 1761 1722 tamen,
1793 1639 1858 1692 et
1889 1628 2168 1714 pueriles

684 1733 1004 1795 Exercere
1032 1730 1217 1809 acieS,
1249 1730 1427 1817 quod
1455 1730 1636 1795 nulla
1659 1730 1973 1794 cadavera
2000 1730 2258 1796 calcent.

685 1832 779 1896 Et
810 1854 957 1896 sane
986 1855 1120 1918 quo
1148 1842 1246 1896 tot
1275 1830 1545 1895 rixantis
1573 1830 1771 1894 millia
1800 1830 2032 1909 turbae,

687 1933 755 1995 Si
788 1931 1013 1996 vivunt
1042 1935 1306 1995 omnes?
1350 1954 1505 2017 ergo
1534 1931 1737 1995 acrior
1763 1930 2042 2017 inpetuS,
2075 1943 2140 1995 et
2161 1933 2300 2017 jam

682 2033 855 2095 Saxa
887 2031 1198 2095 inclinatis
1228 2053 1348 2118 per
1374 2031 1648 2096 humum
1679 2031 1949 2119 quaesita
1978 2032 2228 2098 lacertis

687 2131 1016 2218 Incipiunt
1047 2143 1369 2218 torquere,
1399 2130 1747 2197 domestica
1777 2131 2070 2197 seditioni

598 2281 789 2329 tuerint.
855 2283 1061 2340 madidis,
1103 2280 1424 2348 sstegtypime,
1465 2281 1622 2331 ebriis.

602 2344 681 2394 Sic
723 2348 825 2393 vino
863 2350 1058 2403 madere,
1087 2350 1317 2395 madidum
1351 2363 1452 2401 esse,
1484 2349 1620 2402 dilui,

599 2412 814 2475 inrigari,
848 2412 1014 2476 tingui,
1036 2413 1243 2473 proluere
1272 2427 1334 2472 se,
1352 2410 1623 2477 βςίχιιθαι,

1687 2281 1788 2330 ΙΙΙ.
1817 2284 1929 2331 288.
1964 2288 2013 2331 et
2035 2283 2099 2331 V.
2120 2283 2201 2331 26.
2264 2282 2439 2348 ,turgia
2471 2282 2536 2331 ad
2571 2284 2700 2333 verba

1686 2353 1872 2393 tantum
1923 2353 2153 2411 spectant,
2197 2349 2297 2394 rixa
2340 2363 2453 2396 vero
2493 2363 2607 2396 cum
2648 2348 2703 2395 ad

1687 2410 1833 2458 verba
1871 2417 1919 2458 et
1955 2409 2327 2476 objurgationes,
2348 2419 2452 2460 tum
2488 2412 2554 2460 ad
2589 2413 2705 2462 facta

603 2474 882 2538 *imru-Sao,
927 2483 975 2524 et
1014 2475 1125 2523 hinc
1154 2478 1311 2541 fluere
1349 2479 1540 2523 mollitia
1576 2485 1624 2524 et
1687 2482 1735 2523 et
1755 2475 1849 2523 vim
1871 2475 2181 2525 inferendam.
2240 2474 2408 2531 ¹Possis
2430 2476 2579 2524 etiam
2597 2481 2700 2540 jur-

601 2541 728 2595 lum,
750 2539 953 2604 diffluere
974 2541 1173 2588 luxuria.
1240 2539 1393 2588 Iidem
1411 2539 1528 2588 ebrii
1546 2539 1619 2588 di-

600 2611 774 2651 cuntur
834 2605 969 2660 bloesi,
1025 2602 1361 2660 balbutientes,
1421 2619 1620 2667 quorum

599 2667 765 2731 lingua
784 2668 969 2716 oberrat
987 2675 1035 2717 et
1054 2669 1268 2729 vacillat,
1288 2667 1370 2732 qui
1398 2683 1493 2716 non
1514 2684 1618 2733 per-

599 2732 779 2797 spicue,
824 2746 976 2796 neque
1022 2733 1198 2788 omnia,
1242 2733 1463 2796 quaedam
1512 2747 1621 2782 vero

600 2794 769 2844 iterum
788 2797 1070 2860 tertiumque
1093 2797 1273 2844 dicunt.

667 2862 747 2908 48.
786 2876 887 2925 seq.
921 2861 1048 2916 Inde,
1088 2875 1145 2908 ex
1185 2875 1292 2913 una:
1325 2868 1475 2924 parte,
1514 2861 1614 2908 scil.

601 2924 923 2979 Ombitarum,
944 2924 1145 2973 ebrietas
1161 2932 1211 2971 et
1238 2922 1442 2979 saltatio,
1467 2932 1518 2970 at
1541 2925 1615 2988 (v.

600 2988 716 3049 51.)
737 2990 857 3046 hinc,
892 2989 954 3037 ab
988 2989 1139 3036 altera
1167 2996 1319 3054 parte,
1351 2989 1475 3036 Tent
1510 2988 1620 3036 rita-

600 3066 723 3107 rum,
753 3054 904 3100 odium
928 3056 1147 3114 jq'unnm
1180 3061 1298 3108 erat,
1324 3051 1373 3100 h.
1394 3067 1438 3101 e.
1504 3052 1621 3100 omi·

1679 2541 1761 2603 gia
1803 2539 1970 2588 referre
2007 2540 2070 2589 ad
2110 2539 2331 2589 leviorem
2372 2541 2704 2593 dissensionem

1685 2603 2150 2668 altercationemque,
2184 2611 2235 2652 et
2269 2609 2416 2653 rixam
2454 2605 2519 2653 ad
2563 2605 2702 2655 acrio·

1684 2682 1785 2715 rem
1822 2669 2067 2717 verborum
2109 2670 2461 2718 contentionem
2511 2677 2562 2717 et
2604 2685 2704 2719 con·

1688 2730 1825 2788 vicia,
1846 2732 2018 2796 quibus
2037 2733 2108 2780 ita
2135 2732 2314 2782 inritati
2346 2733 2443 2782 sint
2473 2733 2639 2790 animi,
2656 2741 2705 2780 ut

1661 2797 1786 2865 *dein
1821 2797 2011 2844 clamore
2040 2799 2144 2858 pari
2175 2814 2441 2845 concursum
2471 2805 2523 2845 et
2557 2815 2705 2846 manus

1683 2868 1913 2908 consertae
1943 2860 2052 2910 sint.
2119 2859 2296 2909 Similis
2330 2862 2469 2910 locus
2498 2869 2575 2911 est
2594 2858 2703 2910 Tac.

1684 2923 1812 2971 Hist.
1833 2925 1877 2972 I.
1901 2925 1984 2973 64.

1751 2989 1833 3036 53.
1865 2991 1959 3037 vice
1980 2990 2074 3045 teli,
2097 2988 2206 3039 loco
2227 3005 2483 3039 armorum.

1755 3053 1836 3100 54.
1869 3053 2008 3101 Soevz't
2027 3070 2188 3102 manus
2211 3057 2355 3110 nuda,
2377 3052 2592 3112 inermis,
2612 3055 2705 3102 sine

603 3130 720 3165 num
740 3116 1007 3180 Jejunorum
1028 3117 1393 3180 sobrini-umque.
1460 3116 1621 3165 Possis
1677 3113 1821 3177 justis
1843 3118 2012 3166 armis:
2046 3118 2174 3167 unde
2196 3121 2322 3166 nuda
2340 3121 2504 3180 proelia
2524 3127 2576 3168 et
2592 3137 2704 3184 pug-

601 3176 746 3226 etiam
766 3179 911 3229 verba
929 3183 1034 3228 inde
1053 3188 1102 3229 et
1120 3183 1223 3228 hinc
1245 3180 1308 3228 ad
1335 3195 1483 3228 unum
1507 3182 1618 3228 sub·

594 3241 779 3306 jectum
799 3243 996 3291 referre:
1030 3247 1150 3300 inde,
1173 3243 1272 3291 scil.
1293 3259 1352 3290 ex
1374 3243 1620 3302 ebrietate,

598 3306 800 3356 saltatus
821 3314 914 3355 cet.
936 3309 1058 3366 hinc,
1080 3322 1139 3356 ex
1159 3306 1323 3354 eadem
1329 3310 1548 3369 jejunum
1568 3309 1619 3357 h.

599 3386 645 3419 e.
684 3370 920 3420 infirmum
962 3373 1113 3420 odium
1152 3369 1356 3433 (viribus
1394 3370 1621 3422 ebrietate

591 3435 778 3500 fractis)
801 3434 1195 3502 proficiscebatur.
1260 3436 1355 3484 Sed
1387 3434 1473 3483 illa
1504 3436 1622 3485 ratio

600 3508 811 3565 praestat.
887 3502 965 3549 49.
1001 3502 1194 3556 tibicine,
1236 3499 1363 3548 tibiis
1402 3509 1620 3558 canente,

598 3567 747 3629 nigro,
771 3567 962 3622 Mauro,
991 3564 1155 3614 AEthio
1189 3581 1233 3620 e,
1260 3563 1472 3628 adeoque
1502 3564 1619 3615 forte

599 3627 721 3682 rudi,
760 3630 887 3702 quod
925 3637 1084 3679 tamen
1126 3644 1153 3676 e
1189 3627 1246 3676 rii
1286 3644 1381 3681 non
1422 3638 1591 3678 curant
1603 3648 1618 3690 3

598 3690 679 3738 vel
700 3701 854 3755 potius
875 3692 1004 3743 fusco
1027 3693 1272 3758 AEgyptio.
1340 3695 1618 3756 qualiacum-

600 3771 700 3817 que,
721 3754 1058 3820 cujuscumque
1079 3757 1278 3820 generis.
1343 3757 1504 3806 Etiam
1531 3757 1620 3807 hoc

600 3816 744 3866 ebriis
770 3820 1001 3866 convenit.
1070 3822 1184 3868 Non
1218 3820 1493 3884 designatur
1515 3823 1616 3870 vili·

587 3890 675 3955 “tas
689 3890 1052 3946 unguentorum,
1077 3900 1183 3947 quae
1203 3884 1254 3932 in
1279 3887 1494 3951 AEgypto
1513 3903 1618 3951 pre-

593 3946 845 3996 tiosissima
865 3948 1014 3995 erant.

583 4020 598 4026 “
664 4014 746 4061 51.
780 4024 911 4074 seqq.
942 4010 1129 4075 Jurgia,
1161 4014 1483 4062 contentiones
1518 4028 1622 4061 ver-

599 4077 781 4132 borum,
817 4075 1073 4130 altercatio,
1103 4077 1267 4136 prima,
1301 4076 1520 4140 primum,
1553 4093 1618 4124 ³0-

595 4156 712 4189 nare
725 4142 951 4201 accipiunt
967 4141 1129 4187 mimis
1146 4142 1420 4196 ardentibus,
1440 4138 1548 4189 vino
1569 4150 1618 4189 et

596 4204 697 4264 ira3
752 4207 841 4252 hoec
886 4204 1011 4261 tuba,
1060 4202 1437 4260 incitamentum,
1484 4207 1615 4262 rim»,

521 4324 530 4329 ἱ
598 4266 888 4325 certaminis,
918 4269 1065 4317 instar
1102 4268 1249 4324 tubae,
1284 4284 1396 4332 quae
1430 4267 1614 4331 signum

598 4332 681 4380 dat
706 4339 754 4382 et
788 4332 1009 4383 adcendit
1044 4332 1102 4381 ad
1137 4347 1363 4399 pugnam.
1410 4333 1487 4382 Cf.
1510 4350 1614 4398 sup.

1668 3562 1821 3626 facies
1879 3567 2007 3620 alias,
2061 3574 2269 3615 mutatas

1681 3195 2035 3294 'affl-ra
2078 3181 2709 3296 ‘amentata

1946 3280 1960 3294 .
2061 3280 2074 3293 .
2146 3262 2186 3294 u·
2216 3279 2230 3293 .
2327 3262 2376 3296 n.
2514 3283 2528 3296 .

1684 3309 1797 3355 527.
1831 3318 1919 3356 toto
1951 3262 2217 3366 certamine?
2239 3310 2289 3358 in
2326 3311 2457 3359 omni
2491 3304 2706 3376 pugnan-

1684 3371 1802 3419 tium
1836 3375 2001 3423 turba:
2047 3374 2136 3422 nisi
2174 3376 2270 3438 leg.
2304 3391 2423 3422 caeco
2453 3379 2706 3430 certamine,

1684 3434 1734 3483 in
1755 3435 1884 3499 quod
1905 3437 2023 3486 caeci
2042 3439 2118 3486 vel
2136 3453 2265 3487 caeco
2295 3437 2463 3503 inpetu
2496 3441 2709 3488 ruebant.

1685 3500 1767 3546 57.
1791 3500 2010 3549 Dimidios
2025 3502 2194 3557 vultus,
2218 3519 2269 3561 ν.
2285 3517 2340 3550 su
2377 3536 2390 3551 .
2410 3502 2476 3551 ad
2492 3504 2648 3552 VIII.
2663 3505 2708 3551 4.

2363 3566 2709 3631 eformatasque

1683 3628 1957 3678 vulneribus
1988 3636 2036 3679 et
2066 3645 2246 3679 cruore.
2280 3632 2476 3688 hiantia,
2504 3631 2709 3686 detecta,

1682 3693 1934 3742 exstantia.

1748 3757 1831 3806 59.
1864 3758 2059 3814 Ludere,
2103 3758 2352 3815 ludicram,
2399 3774 2500 3808 non
2544 3758 2710 3807 seriam

1684 3835 1783 3868 rem
1805 3836 1944 3884 agere
1962 3839 2006 3871 se
2026 3826 2234 3879 credunt,
2258 3821 2348 3870 nisi
2382 3822 2560 3887 aliquis
2593 3822 2709 3870 inte·

1683 3883 1878 3933 rimatur
1916 3893 1967 3934 et
2005 3887 2331 3942 conculcetur,
2376 3895 2435 3936 ut
2478 3887 2533 3935 in
2586 3888 2711 3954 justa

1682 3963 1846 4013 pugna
1861 3949 1933 4000 fit.
2119 3966 2131 3977 ·

1749 4014 1829 4061 61.
1850 4015 1929 4062 62.
1966 4014 2143 4074 Faceta
2161 4022 2315 4078 poetae
2332 4015 2590 4064 sententia.
2612 4031 2709 4078 quo,

1683 4089 1730 4124 v.
1751 4093 1858 4143 sup.
1883 4077 1945 4126 ad
1967 4079 2119 4128 VIII.
2138 4080 2188 4127 9.

1746 4143 1829 4190 62.
1861 4157 1959 4206 seq.
1994 4142 2071 4191 ef.
2107 4143 2241 4206 Virg.
2280 4144 2399 4192 AEn.
2435 4143 2480 4191 Ι.
2518 4144 2631 4193 150.
2663 4150 2707 4189 et

1683 4205 1805 4253 VII.
1829 4208 1941 4254 507.
2468 4218 2471 4221 ’

1747 4270 1830 4318 64.
1851 4273 2099 4328 domestica,
2118 4269 2368 4320 familiaria
2392 4278 2443 4318 et
2464 4278 2705 4324 consueta.

1681 4334 1769 4384 vel,
1791 4335 1995 4401 propria,
2023 4336 2097 4387 vel
2129 4340 2234 4400 quie
2266 4334 2317 4383 in
2351 4343 2542 4400 promtu
2568 4342 2700 4385 sunt:
