2978 4920
1097 270 1671 379 Romwonmu.
2360 320 2422 375 ix
2471 294 2476 303 '

355 505 435 544 ex
458 496 710 545 veterum
735 488 1068 563 scriptorum
1108 488 1466 555 testimoniis,
1495 488 1634 561 inpr.
1667 481 1868 542 Horat.
1899 483 2025 542 Sat.
2047 481 2103 540 1.
2129 491 2189 543 4.
2222 485 2276 541 1.
2301 503 2419 559 seq.

364 582 456 639 10.
492 582 697 639 1--3Ο.
725 582 987 640 46-71,
1033 579 1112 638 11.
1150 582 1202 639 l.
1241 583 1339 638 62.
1381 600 1504 656 seq.
1549 579 1707 638 Pers.
1749 578 1795 638 I.
1842 579 1973 635 114.
2014 598 2135 653 seq.
2177 577 2421 645 Quintil.

358 674 500 734 Inst.
528 674 632 734 Or.
661 676 736 732 X.
772 678 821 735 l.
847 678 946 735 93.
991 675 1286 735 Diomedis
1311 677 1408 734 lib.
1440 674 1549 732 111.
1574 694 1631 751 p.
1657 674 1796 730 482.
1823 673 1960 730 483.
1985 672 2075 730 ed.
2102 670 2340 731 Putscb.
2363 684 2423 731 et

358 768 649 836 Evanthii‚
675 789 778 827 seu
801 773 1062 847 quisquis
1083 782 1281 828 auctor
1319 770 1430 828 fuit
1469 769 1646 827 libelli
1670 769 1741 827 de
1767 767 1939 842 Trag.
1965 778 2025 825 et
2052 764 2213 828 Com.
2238 770 2337 843 qui
2361 771 2422 825 in

354 863 527 924 Thes.
570 864 821 923 Gronov.
863 864 937 923 T.
978 864 1148 923 VIII.
1189 876 1250 925 et
1290 867 1351 923 in
1387 865 1553 923 editt.
1595 860 1820 922 Terent.
1861 861 2219 933 westerhov.
2262 862 2332 920 T.
2374 861 2421 920 1.

351 977 408 1034 p.
438 958 560 1016 LV.
590 959 963 1037 Lindenbrog.
988 980 1044 1038 p.
1070 960 1167 1019 27.
1193 971 1254 1019 et
1279 958 1575 1019 Zeuniana
1597 959 1822 1035 legitur.

432 1052 629 1112 Satira
650 1056 848 1130 itaque
873 1075 913 1113 a
933 1054 1152 1114 Lucilio
1178 1058 1430 1125 inventa,
1454 1064 1517 1112 et
1541 1056 1821 1132 precipue
1846 1055 1919 1111 ab
1947 1051 2205 1122 Horatio,
2228 1048 2422 1109 Persio

351 1165 423 1206 ac
446 1145 484 1204 J
491 1151 748 1219 uvenale,
775 1149 877 1207 sed
912 1150 988 1207 ab
1014 1169 1351 1225 unoquoque
1376 1150 1602 1208 diversa
1626 1151 1845 1208 ratione
1885 1148 2138 1217 exculta,
2164 1158 2256 1206 est
2283 1146 2423 1203 illud
2493 1222 2496 1225 Α

356 1247 674 1303 carminum
699 1256 901 1321 genus,
927 1248 1080 1323 quod
1103 1249 1248 1307 vivis
1287 1248 1568 1307 coloribus
1606 1249 2059 1324 imaginibusque
2099 1264 2280 1304 mores
2319 1246 2420 1302 ho-

356 1342 576 1397 minum
601 1340 958 1413 adumbrare,
984 1353 1045 1399 et
1084 1353 1209 1423 tum
1248 1345 1516 1402 virtutem
1554 1345 1871 1421 praeceptis,
1895 1360 2132 1418 quorum
2170 1342 2423 1421 gravitas
2460 1408 2464 1413 .

355 1436 627 1495 comitate
651 1438 980 1513 plerumque
1006 1457 1076 1496 ac
1101 1438 1415 1497 festivitate
1454 1440 1685 1498 condita
1722 1448 1831 1508 est,
1860 1436 2273 1507 commendare,
2301 1448 2423 1494 tum

357 1550 569 1589 errores
592 1534 955 1608 ‘potissimum
980 1553 1052 1592 ac
1076 1536 1237 1603 vitia,
1262 1536 1571 1592 luculentis
1610 1534 1884 1610 exemplis
1908 1533 2235 1619 salibusque
2261 1531 2425 1588 modo

358 1627 591 1685 urbanis
616 1628 780 1686 modo
804 1629 1003 1705 nigris,
1023 1629 1114 1686 vel
1139 1631 1279 1688 risui
1304 1631 1393 1688 vel
1419 1630 1647 1688 invidiae
1672 1646 1972 1705 exponere,
1998 1627 2251 1703 adeoque
2276 1628 2422 1703 mul-

358 1723 539 1799 tiplici
582 1741 834 1800 poeseos,
882 1724 1210 1784 dramaticae
1254 1727 1633 1802 potissimum,
1679 1737 1802 1782 arte
1853 1736 2190 1800 argumenta
2229 1744 2263 1781 e
2305 1725 2426 1780 vita

354 1817 690 1892 quotidiana
714 1818 1299 1894 depromta‘tractal‘e,
1326 1831 1386 1878 et
1405 1822 1488 1878 sic
1518 1822 1756 1879 lectores
1777 1831 1898 1878 tam
1922 1818 2224 1887 delectare,
2249 1837 2422 1895 quam
2529 1824 2532 1827 '

354 1913 557 1972 docere
578 1924 637 1971 et
656 1913 957 1972 emendare
977 1922 1232 1973 conatur.
1305 1905 1513 1973 Utrum
1533 1918 1657 1987 b'aec
1675 1915 1870 1973 Satira
1888 1917 1966 1973 sit
1979 1917 2204 1989 justum
2221 1934 2425 1992 poema

355 2027 464 2066 nec
483 2029 576 2078 ne,
598 2010 1047 2084 inquoestionem
1065 2021 1341 2069 vocarunt
1357 2009 1560 2069 Horat.
1584 2011 1709 2069 Sat.
1731 2009 1778 2067 Ι.
1795 2018 1853 2068 4.
1875 2010 2132 2070 39-64,
2156 2009 2425 2069 Wieland

356 2106 436 2164 ad
459 2108 516 2166 h.
542 2107 584 2164 1.
611 2118 729 2163 not.
757 2107 814 2163 7.
859 2105 1112 2165 Casaub.
1152 2107 1224 2166 de
1266 2107 1389 2165 Sat.
1427 2107 1594 2166 Rom.
1626 2106 1705 2164 11.
1733 2127 1785 2165 c.
1814 2110 1872 2164 5.
1915 2109 2038 2182 (ubi
2062 2106 2212 2174 conf.
2243 2105 2422 2165 Ram-

358 2202 532 2277 bach)
576 2211 636 2260 et
687 2202 805 2270 alii,
846 2203 946 2277 qui
995 2203 1059 2259 in
1101 2221 1334 2279 poeseos
1385 2213 1651 2261 naturam
1694 2198 2022 2279 diligentius
2067 2204 2422 2278 inquisivere.

357 2296 454 2354 Cf.
483 2299 626 2374 inpr.
656 2296 858 2354 Astius
881 2298 953 2356 de
980 2294 1243 2355 Platonis
1269 2295 1532 2368 Phaedro,
1557 2318 1615 2376 p.
1636 2299 1736 2355 44.
1764 2317 1884 2373 seq.

436 2390 470 2449 J
479 2412 575 2450 am
615 2394 666 2448 si
705 2395 997 2468 quaeritur,
1037 2402 1230 2450 utrum
1271 2403 1331 2449 et
1372 2412 1580 2451 nomen
1619 2403 1679 2451 et
1721 2394 1904 2471 ipsum
1949 2393 2217 2450 carminis
2257 2362 2426 2468 hujus
2490 2381 2501 2392 ³

355 2506 561 2563 genus,
587 2489 706 2543 sive
732 2488 1086 2556 alterutrum,
1115 2486 1392 2545 Romanis
1416 2489 1697 2565 proprium
1721 2488 1910 2557 fuerit,
1937 2508 2013 2545 an
2039 2491 2076 2545 a
2102 2486 2343 2557 Graecis,
2361 2501 2426 2546 ut

356 2581 636 2657 quidquid
677 2580 752 2638 ad
794 2591 948 2639 artes
988 2583 1349 2655 scentiasque
1388 2592 1635 2657 spectat,
1666 2585 1910 2658 petitum
1949 2601 2250 2656 eorumque
2271 2587 2428 2658 poesi

357 2679 622 2751 satyricae
648 2687 990 2753 cognatum;
1041 2673 1419 2734 Grammatici
1445 2688 1671 2734 certant
1695 2689 1755 2735 et
1780 2678 1969 2734 adhuc
2000 2678 2107 2733 sub
2136 2677 2330 2750 judice
2355 2679 2427 2736 lis

357 2782 465 2829 est.
545 2770 700 2830 Hinc
740 2774 918 2830 etiam
957 2787 1165 2830 nomen
1204 2773 1361 2829 varie
1400 2774 1686 2842 scribitur,
1715 2773 1787 2830 ab
1824 2774 1916 2829 his
1939 2770 2175 2846 Satyra,
2203 2773 2276 2829 ab
2316 2773 2429 2831 illis

357 2884 510 2936 vero,
534 2886 676 2942 quos
715 2876 993 2941 sequutus
1032 2865 1424 2936 sum‚'Satura
1461 2867 1553 2925 vel
1579 2867 1809 2929 Satira‚·
1850 2886 1985 2925 nam
2026 2878 2266 2942 utraque
2290 2872 2427 2926 scri-

357 2973 528 3040 ptura
548 2965 612 3019 in
638 2964 801 3021 codd.
832 2961 1012 3021 MSS.
1054 2963 1510 3040 deprehenditur,
1537 2976 1596 3021 et
1635 2964 1779 3021 nihil
1819 2962 2007 3021 differt
2025 2966 2178 3024 inter
2217 2983 2335 3034 eas,
2361 2947 2428 3036 ut

358 3060 508 3117 inter
531 3068 791 3137 optumus
815 3070 875 3119 et
900 3061 1161 3137 optimus,
1186 3079 1485 3117 maxumus
1504 3071 1564 3119 et
1583 3062 1863 3119 maximus
1887 3062 1964 3120 al.
1990 3060 2262 3138 Saturam
2284 3081 2427 3133 non·

360 3145 505 3212 nulli
523 3156 736 3213 dictam
756 3157 1092 3213 existimant
1113 3176 1151 3215 a
1170 3157 1479 3214 saturitate
1500 3156 1619 3216 sive
1644 3158 2014 3226 abundantia,
2035 3158 2283 3233 plerique
2298 3177 2430 3216 vero

358 3270 399 3308 a
436 3251 603 3309 rebus
642 3251 875 3321 saturis,
899 3253 958 3310 b.
984 3269 1036 3308 e.
1078 3251 1487 3329 multiplicibus
1528 3264 1589 3311 et
1627 3254 1915 3320 miscelliS‚
1941 3255 2022 3327 (v.
2051 3253 2312 3327 cssyestm
2336 3255 2426 3311 vel

361 3345 525 3403 lance
548 3354 770 3416 satura,
795 3348 970 3404 variis
1009 3347 1293 3422 primitiis
1311 3333 1522 3405 referta
1559 3357 1622 3405 et
1645 3348 1840 3404 oblata
1864 3348 1974 3404 diis
2012 3348 2311 3416 ruralibus,
2331 3351 2427 3407 'vel

362 3439 485 3517 leye
501 3449 735 3510 satura,
748 3442 934 3498 multa
956 3443 1151 3517 capita
1168 3443 1257 3501 vel
1277 3444 1468 3499 varias
1487 3442 1588 3500 res<
1601 3441 2128 3520 comprehendente,
2149 3442 2303 3498 unde
2318 3460 2430 3518 per

359 3543 620 3595 saturam
659 3535 901 3611 referre,
942 3536 1238 3617 exquirere
1276 3537 1586 3594 sententias
1623 3537 1766 3611 cet.)
1803 3536 2055 3609 adeoque
2096 3539 2135 3592 a
2180 3538 2430 3596 mixtura

360 3634 646 3691 variarum
662 3652 869 3704 rerum,
888 3653 988 3691 seu
1007 3633 1346 3711 argumenti,
1363 3654 1464 3692 seu
1480 3644 1805 3703 metrorum,
1822 3652 1922 3690 seu
1938 3633 2211 3690 sermonis
2224 3635 2429 3709 poetici

360 3738 420 3784 et
445 3728 759 3805 pedestris:
797 3747 973 3804 quam
991 3729 1391 3805 etymologiam
1413 3730 1692 3798 omnibus,
1717 3727 1922 3804 Satirae
1940 3725 2107 3783 Rom.
2132 3730 2430 3803 speciebus

361 3823 506 3895 (tam
533 3823 735 3899 priscae
761 3823 822 3880 et
845 3822 1195 3891 dramaticae,
1220 3842 1395 3898 quam
1417 3820 1718 3891 Ennianae,
1741 3821 2054 3880 Lucilianae
2078 3831 2137 3878 et
2158 3820 2429 3888 Varroni-

366 3920 517 3992 anae)
542 3921 852 3995 congruere
877 3918 1094 3988 dicunt,
1119 3919 1459 3995 firmantque
1502 3930 1624 3976 tum
1647 3921 1830 3976 verbis
1856 3918 1892 3975 J
1898 3937 2063 3975 uven.
2095 3916 2222 3975 Sat.
2255 3917 2300 3975 Ι.
2332 3921 2429 3977 85.

370 4011 465 4068 86.
490 4024 610 4071 tum
633 4012 973 4072 testimoniis
986 4025 1240 4072 veterum
1262 4013 1797 4083 Grammaticorum,
1817 4012 1993 4082 Festi,
2018 4010 2312 4070 Diomedis
2331 4015 2370 4074 l.
2392 4016 2433 4075 l.

370 4105 570 4166 Isidori
591 4107 753 4185 orig.
774 4107 849 4165 V.
870 4108 927 4167 6.
951 4119 1011 4168 et
1026 4108 1269 4168 Acronis
1286 4112 1375 4167 vel
1399 4106 1682 4187 Porphyr.⁸
1697 4110 1772 4168 ad
1796 4107 2000 4178 Horat.
2021 4106 2147 4165 Sat.
2174 4106 2218 4163 I.
2246 4109 2298 4165 1.
2320 4128 2403 4184 pr.

449 4202 661 4262 Nostro
683 4205 1085 4281 qualicumque
1113 4201 1332 4280 judicio
1370 4206 1553 4262 omnis
1573 4206 1806 4280 quidem
1825 4224 1940 4271 -res,
1971 4204 2138 4261 toties
2162 4212 2223 4261 et
2243 4221 2284 4259 a
2310 4212 2429 4259 tam

371 4300 566 4357 multis
606 4301 669 4357 in
707 4303 1077 4376 questionem
1116 4303 1339 4370 vocata,
1373 4322 1488 4360 non
1530 4303 1724 4377 magni
1764 4300 1907 4359 adeo
1945 4299 2352 4365 momentiest,
2372 4308 2432 4354 et

1376 4397 1415 4451 b
