2978 4920
628 334 753 406 196

717 517 843 596 Qui
873 529 1325 604 praeceptorem
1355 514 1552 579 sancti
1583 512 1838 579 voluere
1866 515 2154 602 parentis,

717 622 877 684 Esse
906 618 1061 683 loco.
1109 618 1411 682 Metuens
1438 615 1639 702 virgae
1659 615 1796 701 jam
1824 616 2083 702 grandis
2113 616 2400 684 Achilles

1339 329 2008 396 JUVENALIS

2600 620 2717 682 210

719 721 1036 786 Cantabat
1066 718 1288 806 patriis
1317 718 1382 782 in
1412 717 1735 782 montibus
1760 741 1774 781 ε
1823 729 1887 783 et
1917 718 2021 782 cui
2051 741 2179 783 non
2209 731 2365 786 tunc

717 822 994 886 Eliceret
1022 820 1219 884 risum
1248 819 1582 885 citharoedi
1610 817 1816 883 cauda
1844 818 2180 905 magistri?

720 922 846 986 Sed
880 922 1128 986 Rufum
1156 935 1352 1006 atque
1380 919 1538 983 alios
1565 919 1757 983 caedit
1786 941 1903 984 sua
1929 943 2208 1006 quaeque
2228 922 2571 1008 juventus:

721 1022 993 1100 Rufum,
1026 1023 1139 1108 qui
1168 1020 1354 1085 toties
1387 1020 1753 1084 Ciceronem
1785 1020 2139 1108 Allobroga
2166 1021 2349 1087 dixit.
2466 1047 2471 1050 ·

808 1121 965 1201 Quis
993 1121 1232 1208 gremio
1262 1120 1592 1197 Enceladi,
1623 1119 1921 1206 doctique
1946 1120 2323 1186 Palaemonis
2343 1122 2553 1187 adfert
2596 1123 2717 1187 215

721 1227 1044 1302 Quantum
1073 1221 1522 1309 grammaticus
1550 1219 1784 1284 meruit
1813 1220 2037 1285 labor?
2081 1235 2148 1287 et
2177 1235 2387 1290 tamen
2416 1248 2497 1289 ex
2524 1224 2642 1288 hoc

721 1324 1183 1411 Quodcumque
1213 1336 1307 1387 est
1340 1323 1580 1402 (minus
1608 1334 1701 1386 est
1732 1334 1970 1401 autem,
2001 1346 2196 1409 quam
2225 1324 2499 1390 rhetoris
2526 1329 2680 1409 aera)

632 1528 685 1569 ut
706 1534 899 1569 suavem
920 1535 943 1567 s
976 1518 1149 1572 irarent
1170 1517 1375 1567 odorem.
1398 1534 1443 1565 v.
1465 1518 1646 1567 Jacobs

634 1585 695 1633 ad
715 1583 910 1634 Anthol.
983 1600 1021 1631 r.
1043 1583 1100 1630 Τ.
1123 1583 1197 1631 11.
1221 1583 1280 1631 Ρ.
1302 1583 1345 1631 1.
1367 1599 1416 1647 p.
1439 1583 1519 1633 78.

696 1649 969 1698 210—214.
1005 1647 1135 1696 Olim
1176 1656 1478 1712 praeceptores
1519 1663 1645 1696 sum·

633 1729 710 1762 mo
731 1713 903 1762 honore
932 1711 1220 1766 colebantur,
1243 1718 1291 1759 at
1329 1726 1454 1759 nunc
1474 1712 1550 1759 vel
1586 1711 1646 1760 ad

634 1777 968 1844 discipulorum
1007 1775 1258 1824 ludibrium
1289 1775 1515 1823 recidunt.
1582 1775 1644 1824 Id

633 1843 857 1909 probatur
893 1839 1120 1906 exemplis
1153 1840 1354 1895 Achiuis,
1387 1839 1507 1887 tanti
1538 1839 1641 1896 viri,

633 1906 714 1981 qui
742 1907 845 1972 jam
865 1904 1085 1969 grandior
1104 1912 1219 1951 natu
1241 1903 1492 1952 Chironem
1514 1920 1642 1953 reve-

631 1978 748 2019 ritus
768 1977 855 2024 est,
875 1976 924 2016 et
947 1968 1074 2032 Rufi,
1095 1968 1263 2015 summi
1296 1966 1507 2022 rhetoris,
1528 1968 1642 2017 alio-

634 2049 832 2097 rumque
870 2030 1135 2082 recentioris
1166 2031 1254 2078 aevi
1293 2039 1642 2097 praeceptorum.

634 2113 752 2162 quos
771 2095 989 2160 discipuli
1021 2112 1114 2146 non
1145 2095 1284 2143 modo
1303 2094 1540 2156 deridere,
1562 2098 1644 2147 sed

632 2162 778 2211 etiam
822 2161 1065 2209 verberare
1104 2160 1295 2209 audent.
1361 2161 1646 2211 Reverentia

635 2226 718 2275 illa
756 2225 1022 2279 αντα-αὖε
1061 2223 1330 2288 designatur
1366 2225 1521 2274 verbis
1555 2245 1642 2275 me-

634 2301 762 2339 tuens
782 2293 940 2355 virge,
966 2298 1016 2338 at
1046 2288 1096 2337 in
1128 2289 1379 2338 ludibrium
1413 2292 1530 2339 forte
1551 2291 1641 2340 Or-

631 2355 736 2405 hilii
773 2354 983 2420 plagosi;
1018 2365 1066 2401 at
1105 2353 1241 2402 simul
1278 2354 1406 2403 ferox
1442 2355 1645 2403 Achillis

634 2419 833 2476 animus,
857 2417 938 2483 qui
971 2434 1063 2468 non
1088 2418 1174 2468 nisi
1207 2427 1333 2468 metu
1355 2418 1497 2484 virgae
1517 2420 1642 2469 fran-

636 2486 684 2549 gi
724 2484 942 2550 potuerit,
983 2482 1115 2532 innui
1155 2482 1355 2539 videtur,
1398 2493 1446 2532 et
1485 2495 1642 2551 poeta,

633 2551 811 2617 opinor,
845 2564 1022 2598 memor
1060 2547 1147 2595 suit
1176 2548 1265 2597 loci
1305 2548 1447 2597 Ovid.
1481 2550 1545 2598 A.
1581 2550 1647 2599 A.

633 2616 677 2663 Ι.
700 2616 776 2663 11.
794 2629 925 2688 seqq.
958 2616 1137 2663 Versus
1153 2622 1310 2663 autem
1331 2615 1444 2663 213.
1466 2613 1527 2662 ad
1549 2630 1647 2663 rem

636 2696 749 2728 sane
804 2678 1062 2733 mirificam,
1111 2693 1224 2741 ‚quae
1282 2686 1382 2727 tum
1434 2678 1645 2742 contigit,

632 2762 655 2792 s
688 2751 842 2793 ectare
876 2742 1074 2791 videtur.
1104 2751 1298 2790 metuens
1329 2746 1488 2807 virgeo,
1513 2760 1556 2790 v.
1584 2743 1647 2792 ad

689 2843 701 2856 .
737 2810 847 2856 154.
879 2810 1068 2872 grandis
1105 2820 1310 2871 corpore,
1356 2822 1450 2855 non
1493 2807 1644 2863 annis,

636 2875 819 2935 Grang.
853 2870 978 2934 quod
1012 2868 1226 2918 Achilles
1251 2886 1419 2919 novem
1451 2871 1528 2919 vix
1561 2886 1644 2918 na-

635 2945 711 2986 tus
752 2950 899 2985 annos
936 2932 1177 2983 secesserit
1217 2933 1279 2982 ad
1312 2934 1645 2998 Lycomedem.

637 3000 731 3048 Sed
750 3006 887 3065 poeta
907 2998 1022 3048 forte
1035 2998 1151 3047 alios
1167 2997 1412 3061 scriptores
1422 3008 1647 3063 sequutus

634 3073 723 3119 est,
744 3078 886 3126 quam
906 3078 1022 3126 quos
1044 3078 1170 3110 nunc
1204 3062 1447 3118 habemus,
1469 3072 1518 3113 et
1538 3081 1645 3129 pro-

637 3129 758 3175 fecto
795 3127 870 3177 ine
990 3135 1061 3175 est
1092 3126 1295 3189 vulgaris
1331 3128 1552 3185 narratio,
1585 3145 1643 3177 ex

635 3206 732 3255 qua
751 3134 965 3239 Aehffitgs
995 3205 1054 3238 ne
1083 3190 1247 3238 decem
1277 3190 1465 3254 quidem
1500 3208 1647 3241 annos

637 3263 777 3306 natus
807 3255 913 3310 fuit,
967 3270 1080 3302 uum
1113 3261 1162 3301 et
1197 3262 1331 3319 pater
1368 3255 1515 3312 fieret,
1537 3265 1584 3305 et
1616 3274 1644 3306 a

637 3319 821 3370 Graecis
838 3318 966 3368 heroi
1002 3335 1058 3366 us
1073 3324 1379 3383 expeteretur.

700 3386 812 3434 211.
849 3384 1084 3444 Cantabat,
1104 3397 1271 3431 canere
1303 3382 1514 3431 discebat
1542 3384 1644 3434 fidi-

633 3450 723 3499 bus
745 3466 800 3498 ac
820 3448 1016 3497 cithara.
1078 3449 1237 3509 patriis
1266 3448 1315 3494 in
1343 3451 1575 3506 montibus,
1597 3449 1647 3498 in

634 3515 767 3562 Pelio
801 3522 958 3563 monte
989 3512 1261 3567 Thessaliae,
1295 3528 1433 3577 quem
1471 3513 1646 3563 Chiron

636 3578 810 3642 aliique
830 3578 1056 3628 Centauri
1079 3577 1422 3626 inhabitabant.
1470 3578 1645 3627 Chiron

633 3648 891 3706 ‘praeceptor
953 3642 1153 3691 Achillis
1217 3641 1506 3708 aliorumque
1563 3643 1643 3691 he·

636 3720 782 3753 roum.
819 3722 861 3753 v.
891 3704 1061 3770 Heyne
1096 3707 1170 3755 ad'
1189 3705 1412 3772 Apollod.
1442 3707 1543 3754 III.
1569 3710 1645 3756 13.

637 3768 685 3816 6.
718 3786 768 3833 p.
798 3771 910 3816 800.
978 3771 1111 3819 Idem
1152 3771 1416 3819 Centaurus
1460 3770 1565 3827 fuit,
1598 3781 1646 3820 et

639 3832 891 3883 Centauris
928 3849 1096 3898 corpus
1133 3835 1379 3898 caudaque
1416 3835 1525 3897 equi
1562 3835 1644 3884 tri-

633 3897 881 3951 buebatur,
917 3898 1041 3960 quod
1077 3907 1392 3946 commentum
1425 3905 1565 3962 poeta
1598 3918 1640 3974 't

633 3964 748 4011 212.
776 3960 911 4009 ridet.
977 3960 1141 4009 Facies
1170 3961 1387 4011 Chironis
1417 3963 1642 4015 Centauri

634 4026 777 4075 etiam
799 4036 908 4073 tuno
930 4025 1149 4090 temporis
1172 4025 1365 4076 cuilibet
1397 4026 1540 4075 risum
1561 4043 1640 4076 ex·

635 4101 793 4142 cutere
822 4087 1014 4152 debuit;
1049 4106 1106 4138 eo
1136 4089 1390 4138 mirabilior
1410 4098 1481 4138 est
1511 4108 1640 4141 reve-

633 4156 800 4212 rentia,
831 4156 890 4204 ab
924 4152 1129 4211 Achille,
1151 4162 1247 4202 tam
1280 4154 1418 4202 feroci
1444 4155 1638 4219 juvene,

633 4220 675 4268 ei
699 4219 924 4287 praestita.
961 4220 962 4225 ’

699 4287 815 4334 213.
848 4283 1002 4348 Rufus
1019 4283 1196 4342 rhetor,
1210 4281 1335 4348 quod
1356 4300 1412 4332 ex
1433 4284 1521 4333 hoc
1539 4302 1638 4334 ver-

635 4366 689 4398 su
731 4348 973 4415 probabile
1012 4348 1082 4405 fit,
1121 4347 1204 4399 sed
1245 4348 1461 4412 ignotus3
1501 4366 1639 4414 quem

1711 1497 1909 1568 Gallum
1926 1516 2069 1566 fuisse
2089 1499 2137 1566 et
2158 1519 2295 1568 valde
2317 1518 2548 1569 disertum
2568 1529 2720 1571 monet

1708 1589 1842 1631 vetus
1882 1581 2040 1631 Schol.
2083 1582 2198 1631 forte
2236 1584 2413 1633 San-ins
2447 1585 2622 1650 Rufus,
2652 1590 2722 1634 cui

1693 1646 1802 1709 fuit
1824 1663 1925 1694 oum
1942 1648 2148 1696 Cicerone
2165 1651 2412 1706 mulatio,
2426 1649 2467 1697 si
2483 1651 2720 1762 probanda

1708 1721 1782 1759 est
1800 1710 1940 1759 lectio
1962 1711 2153 1775 vulgata
2171 1711 2220 1759 in
2241 1714 2364 1762 Plin.
2381 1713 2472 1778 Ep.
2522 1749 2539 1762 .
2554 1719 2604 1764 5.
2631 1717 2705 1762 11.

1773 1777 1887 1824 214.
1922 1775 2118 1840 Rufum,
2141 1777 2223 1840 qui
2256 1785 2417 1826 tamen
2439 1778 2720 1828 clarissimus

1710 1838 1894 1889 Rhetor
1925 1840 2030 1898 fuit,
2050 1840 2291 1906 ipsiusque
2314 1839 2559 1893 Ciceronis
2580 1859 2718 1894 aemu·

1707 1903 1799 1952 lus.
1862 1906 2018 1953 Voces
2055 1906 2266 1970 proprias
2292 1922 2420 1972 saepe
2453 1907 2719 1973 repeti,‘sed

1707 1981 1815 2015 cum
1850 1969 2185 2026 additamento,
2220 1972 2345 2034 quod
2383 1971 2463 2020 vel
2502 1981 2713 2022 venusta·

1709 2039 1805 2080 tem
1827 2029 1901 2081 ‘vel
1927 2032 2229 2083 acrimoniam
2251 2036 2354 2099 (vel
2376 2035 2475 2083 vim
2496 2036 2717 2099 orationi)

1709 2091 1889 2146 adferre
1924 2098 2084 2162 possit,
2121 2098 2282 2148 multis
2319 2100 2549 2164 exemplis
2588 2101 2718 2151 docet

1709 2160 1942 2210 Schrader
1978 2160 2030 2209 in
2064 2162 2205 2210 Obss.
2236 2180 2285 2228 p.
2324 2166 2402 2213 17.
2467 2166 2716 2231 Allobroga,

1708 2223 1903 2276 Allobro
1938 2226 2006 2275 'ce
2040 2227 2194 2291 potius
2225 2243 2282 2277 ac
2319 2229 2541 2285 barbare,
2576 2246 2713 2295 quam

1708 2288 1877 2338 Latine
1934 2299 2199 2354 oquentem.
2263 2292 2363 2350 Alii
2405 2293 2715 2360 suspicantur,

1709 2353 1892 2402 Rufum
1913 2354 1960 2402 in
1981 2354 2322 2405 declamatione
2371 2359 2548 2407 uadam
2565 2368 2715 2409 osten·

1708 2416 1844 2494 disse,
1871 2419 2147 2496 Ciceronem
2167 2436 2277 2496 cum
2298 2373 2613 2497 Allobrogum
2638 2441 2717 2499 po-

1709 2492 1800 2531 tius
1833 2486 2017 2547 legatis,
2038 2502 2088 2533 in
2113 2494 2482 2550 conjurationem
2505 2490 2718 2539 Catilina

1710 2546 1945 2612 pellectis,
1971 2550 2183 2609 sensisse,
2221 2567 2364 2615 quam
2402 2550 2513 2601 cum
2543 2554 2718 2604 civibus

1710 2612 1823 2669 suis,
1860 2613 1994 2677 cujus
2028 2622 2076 2662 et
2111 2615 2361 2664 Sallustius
2396 2634 2508 2666 eum
2542 2629 2718 2683 arguat.

1712 2679 1961 2744 Allobroges
1991 2679 2152 2745 populi
2173 2679 2352 2728 Galliae
2381 2683 2716 2740 Narbonensis,

1709 2757 2005 2855 33:333&
2033 2751 2096 2856 ’ἐξ
2119 2745 2387 2857 (ἓξὲξ-ἒξ...
2396 2747 2477 2858 ³³5
2515 2747 2719 2861 {2³25

1710 2869 1841 2918 Dial.
1876 2871 1936 2919 de
1970 2873 2156 2921 Orator.
2187 2889 2231 2921 c.
2268 2874 2344 2921 18.
2373 2885 2421 2923 et
2446 2877 2532 2924 22.
2561 2875 2715 2940 ibique

1712 2933 1843 2999 Lips.
1867 2933 2070 2992 Quintil.
2101 2938 2193 2986 xl.
2218 2930 2274 2985 ‘1.
2306 2939 2352 2986 3.
2390 2940 2514 2989 XII.
2558 2942 2637 2990 10.
2673 2944 2713 2990 l.

1711 2998 1838 3047 Gell.
1864 3000 2035 3048 XVII.
2063 3002 2101 3049 1.

1771 3065 2047 3113 215—243.
2099 3064 2278 3114 Ultimo
2326 3066 2431 3115 loco
2478 3075 2621 3133 poeta
2660 3069 2718 3117 de

1709 3126 2041 3177 Grammaticis
2074 3129 2188 3194 agit,
2204 3126 2546 3195 ostenditque,⁸
2560 3148 2715 3182 eorum

1708 3191 2021 3241 conditionem
2088 3209 2182 3241 non
2251 3195 2508 3252 meliorem,
2568 3192 2714 3261 ‘quam

1710 3255 1990 3313 Rhetorum,
2035 3265 2084 3306 et
2125 3258 2435 3308 difficiliorem
2484 3261 2718 3311 molestio-

1712 3334 1899 3384 remque
1931 3337 2031 3371 esse
2064 3323 2289 3372 laborem.
2349 3328 2522 3389 gremio
2551 3325 2716 3392 adsere,

1712 3382 1760 3431 in
1799 3386 2027 3448 gremium
2064 3386 2276 3436 sinumve
2307 3389 2518 3437 sedentis
2549 3391 2719 3440 docen-

1711 3448 1863 3512 tisque
1878 3450 2082 3501 infundit
2099 3450 2347 3520 δι’)ωιηου.
2407 3454 2662 3505 Enceladi&
2676 3463 2721 3504 et

1714 3513 1939 3563 Palemon
1959 3516 2286 3581 Grammatici.
2349 3519 2430 3566 De
2449 3517 2542 3567 hoc
2556 3536 2604 3569 v.
2621 3537 2721 3585 sup.

1711 3576 1773 3625 ad
1808 3579 1902 3627 VI.
1936 3581 2047 3628 452.
2113 3581 2205 3630 Ille
2246 3582 2434 3646 ignotus
2471 3583 2613 3632 nobis
2651 3592 2717 3633 est

1708 3640 1863 3697 homo,
1895 3651 1944 3692 et
1982 3660 2066 3708 pro
2101 3645 2319 3694 Enceladi
2352 3645 2403 3693 in
2434 3647 2716 3720 quibusdam

1708 3704 1837 3754 libris
1856 3707 2025 3771 legitur
2047 3710 2309 3767 Eucheladi,
2326 3710 2377 3758 in
2396 3709 2504 3760 aliis
2526 3712 2700 3763 Celadi.

1772 3770 1884 3818 216.
1906 3788 2005 3837 seq.
2024 3775 2099 3824 Cf.
2120 3774 2333 3824 Palladae
2350 3772 2519 3840 Epigr.
2531 3778 2717 3827 XLVI.

1708 3834 1757 3881 in
1795 3837 2002 3885 Brunck.
2034 3838 2181 3887 Anal.
2210 3840 2268 3887 T.
2292 3839 2366 3889 ΙΙ.
2392 3855 2443 3904 p.
2472 3841 2588 3889 417.
2657 3842 2715 3890 Et

1706 3898 1851 3955 'tamen
1874 3916 1932 3949 ex
1954 3901 2044 3951 hac
2078 3903 2265 3967 tantula
2298 3904 2519 3954 mercede
2539 3905 2719 3971 aliquid

1703 3968 1983 4024 proemordet,
2011 3966 2170 4015 furtim
2201 3967 2404 4025 deradit,
2431 3968 2638 4026 abradit,
2669 3970 2717 4019 h.

1706 4044 1747 4075 e.
1771 4027 2023 4095 intercipit,
2052 4031 2300 4089 subtrahit,
2334 4033 2416 4098 (ut
2445 4049 2556 4083 mox
2572 4034 2716 4099 fian,-

1700 4095 1773 4154 git
1798 4095 1904 4153 sibi)
1926 4097 2134 4161 discipuli
2161 4107 2302 4145 custos
2330 4113 2387 4146 ac
2409 4098 2595 4155 ductor,
2698 4126 2717 4136 -

1702 4156 1928 4222 dagogus,
1961 4174 2137 4215 servm,
2165 4171 2209 4209 et
2242 4164 2322 4225 qui
2350 4165 2593 4224 dispensat,
2619 4115 2713 4213 {its-

1700 4231 1931 4285 pensator,
1951 4223 2012 4272 de
2030 4240 2122 4288 quo
2141 4242 2186 4275 v.
2209 4240 2315 4291 sup.
2337 4226 2400 4275 ad
2421 4227 2465 4275 1.
2489 4228 2572 4277 91.
2608 4229 2713 4276 Pae·

1702 4286 1910 4350 dagogus
1939 4304 2137 4353 puerum
2159 4290 2220 4339 ad
2253 4291 2464 4340 scholam
2495 4290 2645 4349 ducit,
2667 4298 2715 4340 et

1703 4359 1868 4416 praeter
1887 4350 2027 4402 libros
2048 4354 2199 4404 adfert
2220 4348 2634 4422 etiam'mdugon,
2652 4355 2713 4405 ab
