2978 4920
1043 303 1494 368 SATIRA
1553 304 1627 366 V.

387 481 569 556 Esto,
604 490 677 543 ut
708 499 874 542 nune
897 474 1113 551 Tmulti,
1144 474 1321 537 dives
1351 473 1494 550 tibi,
1525 496 1768 559 pauper
1797 473 2031 539 amicis.

473 580 736 644 Anseris
764 590 912 643 ante
938 577 1151 663 ipsum
1177 575 1392 661 magni
1413 577 1620 660 jecur,
1651 575 1978 639 anseribus
2007 597 2125 660 par

388 681 630 757 Altius,
660 693 723 744 et
753 679 902 744 flavi
931 679 1165 763 dignus
1193 676 1363 741 ferro
1396 677 1712 763 Meleagri

2258 676 2382 738 115

390 783 626 846 Fumat
654 803 840 867 aper:
888 790 1033 866 post
1062 778 1233 841 hunc
1263 777 1598 840 tradentur
1627 778 1875 855 tubera,
1907 778 1959 842 si
1988 798 2100 840 ver

391 883 582 946 Tunc
610 883 754 958 erit,
782 893 848 944 et
876 879 1109 944 facient
1137 889 1359 964 optata
1386 877 1673 961 tonitrua
1701 901 1908 942 coenas

393 980 691 1067 Majores.

783 982 939 1045 Tibi
968 979 1133 1044 habe
1160 979 1577 1055 frumentum,
1609 979 1907 1044 Alledius
1934 978 2168 1064 inquit,

392 1086 453 1148 Ο
485 1084 731 1170 Libye;
779 1082 1073 1168 disjunge
1099 1081 1314 1156 boveS,
1347 1080 1503 1143 dum
1533 1081 1764 1144 tubera
1789 1081 2022 1146 mittas.

398 1186 791 1248 Structorem
820 1182 1081 1260 interea,
1109 1202 1192 1243 ne
1221 1203 1353 1266 qua
1379 1179 1732 1266 indignatio
1759 1181 1945 1259 desit,
2022 1230 2027 1235 0

2259 1182 2384 1244 120

398 1284 744 1348 Saltantem
776 1295 1039 1369 specteS,
1070 1294 1135 1347 et
1164 1282 1639 1345 chironomonta
1668 1281 1906 1345 volanti

306 1441 415 1495 gat,
427 1437 510 1481 sed
527 1449 668 1495 aequo
683 1448 851 1483 omnes
869 1441 1041 1481 tractat
1052 1430 1177 1496 jure,
1191 1440 1239 1479 et
1253 1435 1322 1479 ita

306 1514 362 1545 se
378 1501 520 1559 gerit,
539 1507 610 1555 ut,
629 1513 710 1546 eos
725 1512 918 1559 quoque
934 1500 1062 1545 cives
1080 1511 1203 1553 esse,
1218 1511 1322 1543 me·

312 1565 512 1608 minisse
527 1557 756 1609 videatur.
783 1565 861 1610 Cf.
876 1563 1066 1609 Ernesti
1079 1563 1200 1609 clav.
1217 1562 1317 1608 cic.

312 1641 364 1672 v.
384 1627 554 1673 civilis.
596 1627 754 1674 C'oenat
775 1627 990 1683 civiliter,
1006 1627 1090 1686 qui
1113 1640 1208 1671 non
1228 1624 1321 1673 sibi

310 1693 390 1736 vel
403 1692 569 1750 paucis
586 1692 769 1749 optima
784 1691 987 1751 quaevis,
1001 1692 1170 1737 ceteris
1189 1691 1321 1748 vilia,

311 1756 400 1801 sed
435 1755 526 1799 sibi
558 1769 614 1801 ac
645 1756 859 1800 convivis
891 1756 1118 1801 omnibus
1149 1757 1319 1800 eadem

311 1819 492 1878 adponi
501 1815 659 1880 jubet.
725 1817 835 1866 112.
852 1818 900 1865 8.
917 1818 1057 1871 Quod
1073 1820 1113 1863 si
1130 1819 1318 1873 feceris,

313 1896 401 1942 per
417 1896 498 1928 me
512 1884 624 1929 licet
640 1884 904 1928 multorum
918 1883 1172 1927 hominum
1186 1895 1321 1928 more

301 1947 470 2003 vivas»,
492 1948 561 1992 ita
582 1946 785 1992 ut'dives
807 1947 873 1991 sis
906 1946 1007 2004 tibi,
1033 1947 1101 1990 tui
1127 1953 1320 1990 tantum

308 2019 461 2056 'causa
475 2011 668 2056 divitias
684 2012 900 2070 conligas
910 2010 1062 2069 iisque
1080 2010 1209 2054 solus
1222 2010 1325 2055 fru-

309 2075 433 2131 aris,
450 2082 500 2120 et
518 2086 697 2134 pauper
716 2076 897 2127 amicis,
920 2082 976 2119 ut
1009 2073 1177 2119 amicis
1199 2074 1322 2119 nihil

312 2140 399 2183 des
421 2141 547 2184 dono
569 2147 618 2183 et
639 2141 700 2184 de
721 2152 772 2183 re
803 2145 889 2184 tua
915 2138 1143 2182 familiari
1166 2139 1322 2196 inper-

305 2204 429 2250 -tias.
479 2222 484 2225 Α

383 2265 490 2311 114.
517 2265 642 2311 Ante
663 2268 813 2325 ipsum
832 2264 1091 2310 Virronem
1107 2279 1146 2308 s.
1165 2271 1322 2324 patro·

307 2339 438 2374 num
453 2342 456 2347 ’
472 2331 686 2375 divitem.
752 2330 899 2383 Jecur
940 2330 1137 2384 anseris,
1178 2331 1322 2386 lacte,

305 2394 434 2446 ficu,
458 2394 618 2437 mulso
634 2401 682 2438 et
696 2394 851 2440 carica
869 2393 1004 2448 farti,
1023 2392 1253 2438 Romanis
1270 2393 1320 2437 in

313 2457 529 2514 summis
560 2456 740 2504 deliciis
759 2464 875 2503 erat.
900 2469 948 2504 v.
973 2457 1103 2501 Pers.
1125 2455 1220 2502 VI.
1244 2455 1321 2502 71.

305 2523 496 2568 ‘Hor-at.
530 2521 627 2569 Sat.
664 2523 730 2567 11.
763 2522 810 2567 8.
843 2521 922 2568 88.
953 2528 1007 2566 et
1037 2521 1162 2580 inpr.
1198 2521 1323 2566 Plin.

305 2586 472 2632 ·vJ11.
486 2584 545 2631 51
582 2596 620 2630 ε.
641 2586 719 2633 77.
731 2592 780 2631 et
792 2584 860 2630 X.
879 2586 960 2632 22.
975 2599 1013 2630 s.
1029 2583 1106 2630 27.
1127 2585 1326 2644 Epithe-

309 2657 401 2695 -ton
426 2651 590 2709 magni
610 2651 756 2696 etiam
780 2650 841 2694 ad
858 2646 999 2709 jecur
1020 2652 1201 2694 anseris
1223 2662 1331 2709 spe-

317 2719 437 2766 ctat,
456 2715 515 2759 de
531 2728 627 2773 quo
647 2713 773 2759 Plin.
789 2714 823 2757 l.
841 2715 875 2757 1.
883 2712 1138 2775 fartilibus
1150 2714 1201 2757 in
1226 2726 1323 2757 ma·-

314 2787 462 2835 guam
494 2776 841 2836 amplitudinem
873 2777 1030 2821 crescit
1043 2791 1060 2820 .·
1098 2780 1330 2821 exemtum

309 2852 491 2899 *quoque
500 2840 613 2887 lacte
625 2841 771 2886 mulso
781 2844 1005 2899 augetur3
1048 2846 1097 2885 et
1115 2839 1327 2885 Martial.

318 2904 469 2949 xm.
493 2903 572 2951 58.
592 2904 788 2962 Adspice
809 2918 945 2962 quam
964 2907 1140 2949 tumeat
1156 2917 1332 2963 magno

301 2970 451 3029 jecur
479 2982 637 3013 ansere
666 2970 818 3028 majus
849 2973 940 3012 cet.
973 2968 1205 3013 anseribus
1229 2981 1323 3027 par

315 3033 651 3085 magnitudine
672 3032 817 3076 altilis
835 3032 957 3088 avis,
980 3029 1104 3089 i'npr.
1126 3032 1325 3089 gallina,

313 3097 493 3143 alendo
508 3098 741 3155 saginata.
768 3096 846 3140 cf.
865 3094 989 3139 Plin.
1009 3095 1079 3142 X.
1095 3093 1172 3140 50.
1191 3109 1231 3141 s.
1248 3095 1324 3141 71.

316 3168 368 3207 et
381 3159 752 3220 Martial.—X111.
764 3161 842 3206 62.
910 3158 1018 3205 115.
1036 3171 1146 3218 aper
1157 3157 1328 3217 dignus

298 3226 444 3289 ferro
465 3223 721 3283 Meleagri,-
747 3237 848 3268 non
870 3224 1036 3282 minor¹
1049 3235 1165 3280 apro
1185 3223 1327 3283 Caly-,-

314 3285 486 3342 nonio,
500 3301 650 3347 quem
666 3289 907 3347 Meleager
924 3285 1187 3343 interemit,
1199 3289 1330 3344 quod

319 3354 401 3399 vel
423 3353 585 3411 pueris
604 3359 777 3397 notum
799 3361 861 3397 ex
882 3350 1020 3395 Ovid.
1047 3350 1167 3396 Met.
1187 3350 1327 3396 vlu.

303 3416 437 3465 272.
463 3428 559 3473 seq.
597 3416 674 3461 Cf.
696 3416 908 3460 Martial.
926 3413 1074 3459 xm.
1094 3413 1172 3461 92.
1206 3416 1328 3474 Apri

310 3482 373 3527 in
408 3480 602 3524 vivariis
634 3480 783 3524 etiam
815 3480 944 3538 pasci
978 3479 1214 3537 solebant,
1245 3480 1330 3525 ubi

319 3542 537 3590 milliarii
553 3544 752 3602 quidam
765 3544 897 3588 facti.
920 3556 966 3588 v.
978 3543 1111 3601 Lips.
1130 3544 1328 3588 Poliorc.

309 3607 422 3654 JV.
448 3606 492 3652 1.
523 3620 634 3666 aper
664 3607 863 3660 solidus,
885 3608 1072 3667 integer
1090 3605 1256 3667 firmat
1277 3607 1329 3652 in

319 3683 504 3735 magna
532 3671 670 3717 lance
702 3671 963 3729 adposituS.
993 3684 1037 3716 v.
1071 3671 1133 3717 ad
1156 3671 1197 3718 1.
1219 3669 1328 3716 140.

313 3736 520 3786 Flavus,
538 3736 724 3793 pulcer,
742 3742 798 3779 ut
820 3736 905 3791 Gr.
920 3732 1063 3792 ξανέίς
1082 3749 1095 3779 x
1127 3741 1206 3788 =est
1224 3732 1331 3779 vul-

313 3811 441 3859 gare
452 3799 698 3856 epitheton
712 3812 807 3843 non
822 3801 967 3845 modo
977 3799 1244 3860 puellarum
1258 3799 1334 3850 (ut

322 3861 532 3909 infva
552 3861 694 3922 354.)
714 3863 798 3908 sed
830 3864 979 3908 etiam
1001 3863 1214 3909 virorum
1237 3864 1335 3907 for-

313 3930 454 3973 tium
471 3928 807 3985 ‘-heroumque,
821 3937 950 3986 quos
981 3933 1031 3973 et
1051 3928 1338 3985 *pulcritudo

317 3992 556 4046 decebam
593 3991 706 4037 flavi
727 3998 894 4036 autem
914 3993 1072 4040 crines
1099 3991 1216 4035 olim
1240 4003 1336 4035 non

320 4056 491 4101 minus
511 4069 567 4100 ac
587 4068 717 4101 nunc
731 4055 887 4113 pulcri
903 4057 1253 4110 censebantur3
1290 4061 1338 4099 et

315 4119 576 4178 Meleager
607 4125 715 4164 tum
742 4120 926 4177 pulcer,
947 4125 1055 4165 tum
1079 4118 1221 4163 fortis
1243 4118 1340 4172 fuit

313 4189 379 4229 et
405 4179 561 4227 heros.
587 4185 695 4242 post
725 4182 848 4227 hunc
874 4196 1076 4241 aprum:
1115 4196 1229 4227 nam
1252 4195 1341 4227 non

326 4252 430 4292 tota
444 4247 626 4305 quidem
646 4260 787 4303 ooena,
808 4247 885 4292 sed
907 4249 956 4291 in
978 4246 1342 4307 ipso-ejus’paein'-

1384 1434 1510 1491 αρνὶ,
1536 1432 1660 1477 Plin.
1682 1433 1824 1479 VIII.
1854 1432 1932 1478 51.
1960 1446 1995 1476 s.
2021 1432 2097 1479 78.
2131 1434 2391 1486 tradentur,

1385 1499 1689 1556 adponentur
1718 1498 1858 1543 diviti
1887 1504 1938 1542 et
1969 1498 2294 1556 porrigentur,
2319 1502 2394 1541 tu-

1385 1561 1513 1619 bera,
1534 1564 1594 1608 de
1616 1563 1791 1619 quibus
1813 1576 1858 1605 v.
1882 1562 1972 1610 inf.
1993 1562 2054 1607 ad
2076 1561 2218 1607 xlv.
2242 1562 2289 1609 7.

1451 1625 1560 1673 117.
1585 1624 1763 1671 rubera
1779 1625 1996 1671 dicuntur
2011 1627 2158 1683 nasci,
2170 1628 2215 1672 si
2228 1626 2393 1671 imbres

1368 1689 1564 1752 fierint
1582 1690 1893 1736 auctamnales
1911 1694 1955 1735 et
1977 1690 2182 1737 tonitrua
2202 1690 2358 1736 erebra
2370 1705 2388 1736 .·

1385 1754 1636 1799 tenerrima
1678 1757 1785 1798 sunt
1829 1759 2025 1815 tempore
2066 1767 2223 1808 verno,
2266 1754 2390 1801 Ptin.

1383 1817 1538 1864 XIX.
1559 1817 1608 1865 3.
1629 1832 1798 1871 cernas,
1823 1818 1971 1875 cibos,
1995 1820 2045 1864 h.
2066 1818 2100 1865 l.
2123 1822 2305 1865 tubera.

1383 1930 1386 1935 ,
1452 1881 1562 1927 118.
1608 1881 1820 1926 Alledius
1852 1895 2028 1927 nomen
2062 1885 2237 1942 equitis
2268 1884 2394 1928 forte

1385 1946 1535 1992 Rom.
1554 1948 1725 1990 saltem
1746 1946 1955 1990 hominis
1968 1948 2142 2006 gulosi,
2156 1950 2238 1993 sed
2256 1948 2393 1992 nobis

1378 2011 1557 2072 ignoti.
1583 2009 1726 2055 Forte
1744 2010 1835 2068 leg.
1852 2011 2063 2064 Atedius,
2081 2013 2157 2057 vel
2172 2010 2392 2066 Asellius,

1386 2078 1604 2135 (praetor,
1618 2075 1702 2133 qui
1719 2086 1861 2118 usum
1880 2075 2171 2121 ciconiarum
2186 2076 2394 2121 conden-

1386 2141 1559 2185 darum
1578 2139 1763 2196 primus
1778 2140 1972 2197 reperit,
1989 2145 2110 2185 teste
2126 2141 2315 2185 Acrone
2333 2141 2395 2186 ad

1375 2205 1560 2250 ‘Hei-at.
1585 2202 1681 2248 Sat.
1708 2201 1777 2247 11.
1798 2202 1844 2248 2.
1869 2200 1968 2260 50.)
1986 2203 2065 2248 vel
2098 2203 2279 2249 Vedius.
2315 2205 2394 2252 Cf.

1385 2270 1447 2314 ad
1470 2266 1585 2312 Tac.
1614 2267 1742 2311 Ann.
1763 2266 1803 2312 1.
1823 2266 1898 2314 10.
1927 2267 1971 2312 {s
1993 2268 2162 2312 festive
2178 2268 2396 2327 adloqui-

1387 2338 1467 2376 tur
1484 2329 1697 2390 Libyam,
1706 2335 1883 2374 terram
1897 2331 2142 2376 fertilitate
2154 2332 2395 2390 insignem

1385 2403 1437 2441 et
1455 2397 1683 2440 horreum
1705 2394 1844 2439 Rom.
1869 2395 2055 2453 populi,
2075 2396 2157 2440 ubi
2180 2401 2229 2439 et
2251 2397 2391 2441 ditio·

1387 2471 1464 2505 res
1512 2458 1721 2504 Romani
1765 2472 1820 2503 ac
1863 2460 2106 2518 publicani
2149 2460 2396 2505 inmensos

1388 2538 1530 2583 agros
1561 2523 1864 2580 possidebant
1883 2539 1897 2567 ε
1932 2536 2018 2581 per
2047 2535 2127 2568 me
2160 2524 2211 2568 in
2242 2523 2398 2584 Libya

1391 2596 1440 2633 et
1471 2589 1523 2632 in
1558 2587 1682 2644 agris
1714 2587 1839 2631 meis
1868 2586 2065 2645 Libycis,
2094 2587 2397 2633 frumentum

1391 2665 1491 2697 non
1530 2656 1737 2706 seratur,
1770 2651 2035 2694 dummodo
2075 2651 2186 2695 inde
2230 2653 2399 2697 tubera

1389 2716 1603 2761 Romam
1620 2719 1668 2758 et
1691 2714 1752 2759 ad
1773 2727 1854 2758 me
1881 2714 2152 2758 mittantur.
2209 2715 2400 2760 Tubera

1392 2779 1623 2825 Africana
1654 2778 1833 2822 ceteris>
1857 2780 2168 2837 praestabant,
2191 2785 2240 2823 et
2261 2777 2399 2839 Misy

1393 2844 1706 2889 vocabantur.
1719 2856 1763 2886 v.
1786 2840 1909 2887 Plin.
1927 2841 2074 2888 XIX.
2092 2842 2139 2887 3.

1462 2905 1671 2953 120—4.
1705 2906 1780 2951 Cf.
1812 2906 1900 2951 inf.
1936 2906 2033 2952 XI.
2067 2905 2175 2954 136.
2208 2920 2306 2967 seq.
2350 2914 2400 2953 et

1388 2968 1522 3028 Lips.
1540 2971 1636 3014 Sat.
1658 2969 1812 3017 Serm.
1830 2971 1897 3015 11.
1915 2969 1961 3017 2.
1980 2971 2194 3016 Structor
2212 2977 2397 3026 servuS,

1390 3036 1467 3080 vel
1491 3034 1576 3093 qui
1593 3047 1784 3078 mensas
1799 3036 2012 3092 adparat,
2031 3036 2307 3097 ferculaque
2324 3051 2398 3083 or·

1390 3099 1504 3144 dine
1521 3111 1576 3143 ac
1593 3099 1846 3143 commode
1866 3099 1915 3143 in
1941 3100 2120 3143 mensis
2131 3104 2271 3146 struit
2287 3103 2338 3149 h.
2355 3117 2398 3148 e.

1387 3159 1604 3220 'disponit
1623 3165 1671 3207 et
1693 3163 1927 3215 conlocat,
1944 3157 2132 3227 (cfss'ninf.
2152 3166 2265 3211 VH.
2290 3166 2398 3213 184.

1389 3240 1501 3285 quae
1525 3228 1716 3285 propria
1738 3227 1870 3272 verbi
1893 3227 1966 3272 vis
1999 3235 2092 3284 est)
2115 3231 2189 3275 vel
2217 3232 2323 3289 qui,
2344 3240 2401 3276 ut

1389 3291 1479 3337 inf.
1511 3289 1602 3335 xl.
1640 3291 1747 3336 136.
1780 3298 1828 3336 et
1862 3292 1923 3336 al.
1957 3292 2088 3336 cibos
2121 3295 2316 3351 scindit,
2351 3301 2401 3340 et

1392 3356 1539 3413 vulgo
1561 3360 1762 3415 σαν-ρων,
1786 3355 1894 3401 (inf.
1918 3354 2012 3398 IX.
2038 3353 2174 3416 110.)
2199 3359 2274 3402 vel
2296 3357 2401 3403 σαι-’-

1382 3430 1495 3482 pus,
1524 3419 1598 3463 vel
1612 3421 1795 3475 scissor,
1812 3424 1860 3462 et
1872 3417 2186 3463 chironomon
2204 3421 2399 3481 dicitur,

1392 3495 1422 3526 a
1456 3495 1555 3539 quo
1592 3488 1754 3527 tamen
1789 3483 1838 3525 h.
1874 3482 1906 3525 l.
1934 3481 2167 3540 distingui
2198 3484 2405 3535 videtur.

1397 3543 1747 3598 Cheironomon,
1757 3542 2031 3609 χειρονομῶν,
2044 3558 2080 3588 ε.
2095 3544 2143 3590 ch
2151 3547 2404 3608 ir'onomon,

1397 3612 1473 3653 est
1494 3621 1662 3667 synon.
1698 3607 1757 3654 τᾶ
1786 3609 2114 3665 cheironomm,
2135 3611 2403 3677 χυρουίμος,

1391 3672 1483 3730 'qui
1507 3680 1636 3717 certa
1651 3674 1860 3732 quadam
1878 3673 1981 3731 lege
2002 3670 2152 3735 (νόμῳ)
2170 3687 2217 3722 et
2236 3682 2294 3724 ad
2313 3695 2403 3728 nu-

1399 3749 1590 3781 merum
1624 3750 1799 3782 manus
1823 3733 2023 3800 (χεῒςας)
2049 3742 2280 3788 concinne
2304 3759 2401 3790 mo-

1399 3801 1533 3857 titat,
1577 3800 1645 3846 ita
1687 3809 1742 3847 ut
1795 3804 2023 3849 continue
2072 3806 2405 3866 gesticuletur,

1399 3876 1559 3923 propr.
1576 3866 1927 3923 pantomimus,
1946 3867 2131 3922 histrio,
2150 3872 2261 3916 eth.
2280 3874 2317 3920 1.
2338 3875 2406 3919 ci-

1401 3928 1572 3973 borum
1597 3937 1766 3977 sector.
1801 3929 1953 3987 Nam,
1971 3937 2092 3976 teste
2117 3932 2308 3981 Petron.
2326 3937 2405 3983 36.

1401 3992 1562 4041 scissor
1584 3993 1645 4039 ad
1675 3993 1994 4058 symphoniam
2028 3997 2098 4041 ita
2123 4001 2407 4055 gesticulans

1403 4052 1572 4103 lacerat
1594 4061 1846 4118 opsonium,
1870 4062 1922 4103 ut
1933 4063 2072 4118 putes
2094 4060 2298 4109 Darium
2319 4064 2406 4123 Ity-

1405 4118 1565 4167 draule
1600 4126 1811 4168 cantante
1845 4136 2083 4181 pugnare,·
2127 4127 2256 4172 unde
2291 4130 2338 4173 h.
2373 4130 2406 4173 l.

1402 4185 1642 4231 saltantem
1664 4188 1714 4234 h.
1735 4201 1776 4231 e.
1800 4186 2182 4249 gesticulantem,
2200 4204 2310 4252 quae
2332 4205 2411 4236 so-

1391 4247 1564 4293 ’lennis
1583 4251 1717 4294 verbi
1734 4250 1864 4293 notio
1881 4256 1929 4293 et
1946 4249 2060 4294 satis
2080 4257 2193 4296 n'ota
2205 4259 2293 4300 est.
2331 4256 2407 4301 cf.

313 4310 463 4371 capio,
485 4311 585 4355 bini
613 4312 824 4370 (emique
846 4311 1031 4372 pariter
1062 4310 1345 4357 manduntur
1410 4312 1573 4358 Senec.
1589 4312 1678 4369 Ep.
1693 4311 1773 4358 47.
1785 4309 2069 4358 Plin.X.50.
2082 4325 2122 4359 S.
2137 4314 2344 4363 7l.extr.
2360 4327 2408 4365 et

1548 4376 1652 4434 02
