2978 4920
599 307 742 374 264·

687 480 849 555 Qu'ae
878 470 1066 538 nudis
1094 471 1354 556 longum
1382 465 1660 534 ostendit
1690 465 2041 532 cervicibus
2066 475 2344 542 iuturus

692 575 986 643 Consulit
1007 584 1158 640 ante
1186 569 1408 657 phalas
1435 568 2013 655 delphinorumque
2040 566 2395 646 columnas,

692 683 802 746 An
831 701 983 764 saga
1009 672 1305 740 vendenti
1332 671 1534 738 nubat
1564 692 1848 756 caupone
1876 669 2115 734 relicto.

1299 285 1966 361 JUVENALm

2559 568 2693 636 59⁰

777 781 907 843 Hae
936 790 1146 842 tamen
1175 786 1239 840 et
1268 782 1492 859 partus
1522 771 1803 835 subeunt
1816 768 2185 847 discrimen,
2216 781 2281 833 et
2303 791 2521 834 omnes

697 881 982 950 Nutricis
1011 878 1280 945 tolerant
1308 876 1569 939 fortuna
1597 886 1914 959 urguente
1942 871 2215 937 labores:

702 983 828 1052 Sed
849 983 1018 1069 jacet
1046 990 1271 1044 aurato
1301 975 1409 1039 vix
1441 974 1574 1038 ulla
1600 996 1917 1061 puerpera
1937 972 2120 1037 lecto.

703 1083 986 1149 Tantum
1016 1092 1184 1145 artes
1209 1078 1428 1164 hujuS‚
1461 1087 1710 1140 tantum
1740 1072 2157 1138 medicamina
2185 1085 2472 1161 possunt,
2562 1073 2695 1139 595

704 1185 866 1263 Quae
895 1180 1134 1246 steriles
1160 1178 1338 1255 facit,
1368 1188 1562 1262 atque
1591 1173 1874 1238 homines
1902 1172 1966 1236 in
1996 1185 2216 1239 ventre·
2242 1172 2569 1238 necandos*

709 1280 1041 1350 Conducit.

1133 1277 1385 1354 Gaude,
1416 1275 1659 1352 infelix,
1689 1286 1883 1359 atque
1912 1273 2044 1360 ipse
2073 1273 2421 1339 bibendum

708 1383 992 1472 Porrige,
1024 1376 1340 1468 quidquid
1370 1377 1507 1476 erit.
1552 1398 1698 1439 nam
1729 1374 1779 1438 si
1810 1374 2167 1439 distendere
2195 1375 2410 1453 vellet,

630 1547 634 1552 .
705 1490 800 1554 Et
829 1509 1057 1553 vexare
1087 1497 1340 1549 uterum
1369 1480 1584 1566 pueris
1613 1476 1999 1548 salientibus,
2029 1501 2195 1541 esses

695 1782 805 1830 388.
839 1779 1093 1832 Plebeium,
1126 1775 1420 1835 plebeisrum
1454 1784 1637 1831 paupe-

633 1859 837 1907 rumque
846 1837 1106 1891 'mulierum
1185 1843 1285 1884 tum
1299 1837 1499 1896 positum
1510 1837 1636 1881 estin

635 1912 794 1968 circo,
813 1910 881 1956 ibi
902 1908 997 1953 inis
1197 1904 1312 1948 itur.
1346 1900 1424 1945 cf.
1446 1912 1553 1958 sup.
1576 1900 1638 1944 aa

633 1989 681 2020 v.
704 1973 813 2021 587.
835 1974 886 2017 in
906 1982 1092 2032 aggere,
1108 1983 1157 2014 v.
1179 1965 1268 2011 inf.
1290 1967 1350 2011 sd
1373 1963 1514 2009 vm.
1538 1962 1615 2009 43.

698 2037 812 2085 689.
849 2033 1053 2082 Plebeiae
1074 2039 1125 2078 et
1147 2031 1259 2077 vitoe
1281 2029 1515 2075 liberioris
1532 2041 1640 2073 mu·

634 2103 774 2149 lieres
800 2104 880 2164 (ut
902 2098 1044 2144 hodie
1064 2101 1113 2142 et
1134 2089 1474 2153 elegantiores)
1498 2091 1639 2137 cervi-

1698 1772 1873 1825 sam-es,
1892 1782 1987 1815 non
2008 1770 2114 1814 sine
2136 1770 2303 1815 multis
2334 1769 2620 1829 magnisque
2635 1770 2704 1834 ¹⁸?

1700 1835 1917 1891 boribus,
1938 1834 2058 1893 ipsae
2080 1834 2243 1887 aluntz
2267 1835 2351 1885 (cf.
2367 1845 2472 1893 sup.
2494 1834 2558 1879 ad
2574 1848 2622 1879 v.
2639 1834 2704 1891 9.)

1702 1899 1885 1945 nobiles
1899 1911 2013 1945 vero
2033 1912 2090 1944 sc
2105 1897 2280 1943 divites
2294 1898 2491 1944 femine
2511 1908 2599 1943 aut
2611 1911 2705 1944 non

1702 1964 1951 2022 concipere
1968 1962 2143 2019 solent,
2163 1967 2249 2006 sut
2264 1969 2392 2008 certe
2410 1975 2507 2007 non
2525 1974 2708 2021 parere,

1705 2029 1789 2073 sed
1809 2033 2097 2086 conceptum
2118 2033 2311 2085 partum
2345 2027 2711 2073 medicamentis

1704 2091 1755 2136 in
1780 2096 1917 2136 utero
1936 2091 2242 2149 exstinguere
2271 2097 2322 2135 et
2352 2091 2567 2150 abigere,
2588 2099 2645 2136 ut
2663 2097 2713 2136 et

635 2179 751 2218 cens,
769 2165 999 2211 humeros
1012 2162 1307 2217 lacertosque
1319 2157 1581 2213 denudare,
1593 2161 1643 2201 et
1697 2159 1869 2215 parim
1917 2154 2183 2211 discrimen,
2242 2155 2514 2213 periculum
2581 2154 2711 2210 vitae,

635 2230 825 2290 longum
865 2239 1031 2273 aarum
1074 2236 1115 2272 s.
1157 2222 1352 2275 monile,
1386 2221 1466 2275 (cf.
1501 2219 1644 2266 Ovid.

638 2294 781 2341 nem.
804 2294 922 2340 Am.
941 2288 1176 2348 sta-seq.
1198 2293 1248 2333 et
1270 2287 1332 2331 A.
1357 2286 1415 2331 A.
1441 2285 1509 2330 11.
1533 2284 1643 2330 297.

639 2352 770 2417 κς.)
788 2364 974 2417 gestare
995 2354 1226 2400 solebant.
1266 2349 1507 2396 Matronae
1527 2350 1645 2394 olim

640 2421 806 2470 omnia
840 2419 1052 2480 corporis
1079 2417 1330 2472 -membrs,
1372 2421 1544 2474 proeter
1573 2414 1644 2460 fs-

640 2488 788 2545 ciem‚
810 2485 1088 2547 operiebant
1110 2482 1232 2528 stols
1253 2479 1390 2526 talari
1412 2492 1440 2525 e
1471 2491 1645 2525 manu·

707 2614 818 2662 3⁰0.
866 2610 1071 2659 Comum
1107 2610 1313 2657 hariolos
1346 2613 1452 2656 onte
1485 2606 1650 2667 phalas

642 2679 1045 2741 delphinorumque
1062 2675 1313 2731 mannas,
1336 2677 1388 2720 h.
1403 2687 1450 2718 e.
1469 2675 1520 2719 in
1541 2673 1644 2717 Cir·

643 2758 716 2792 eo.
740 2758 789 2793 v.
806 2754 918 2801 sup.
936 2742 999 2786 sd
1021 2753 1065 2784 v.
1090 2738 1203 2786 582.
1262 2738 1427 2783 Phole
1454 2750 1495 2782 s.
1514 2736 1637 2799 salae

644 2816 803 2855 turres
833 2807 1028 2866 ligneae,
1062 2816 1159 2848 non
1194 2808 1359 2848 autem
1391 2807 1566 2847 erectae
1596 2801 1649 2845 in

645 2873 791 2920 Circo
810 2871 860 2916 in
883 2881 1020 2914 usum
1044 2871 1388 2926 spectatorum,
1422 2865 1507 2910 sed
1539 2877 1650 2923 quae

646 2936 842 3046 *m-
827 2927 1654 3042 ³2.?{:1¹2„{.⁸2‘‡.0⁰1?ff.⁶³:.”¹22¹g·

647 3012 727 3109 :el
737 3073 927 3108 evm-ss·
943 3058 1019 3104 vel
1029 3056 1343 3117 delphinorum
1361 3004 1564 3116 ἦχοι-εἵη
1583 3023 1655 3100 re:

649 3126 875 3178 tuentes,
896 3136 1007 3182 quae
1029 3123 1078 3166 in
1107 3122 1243 3180 spins
1267 3120 1391 3167 Circi
1413 3121 1657 3180 poneban-

649 3199 752 3244 tur,
773 3194 825 3234 et
854 3198 1059 3249 quarum
1093 3198 1189 3230 una
1220 3185 1326 3229 tolli
1356 3185 1456 3230 sive
1479 3184 1658 3230 auferri

652 3254 853 3306 solebat,
869 3251 1058 3311 quoties
1078 3262 1231 3295 unum
1256 3262 1284 3292 e
1305 3256 1488 3307 septem
1513 3248 1662 3294 curri-

652 3317 777 3365 culis
788 3318 923 3369 (nam
939 3320 1011 3360 tot
1026 3313 1174 3358 fuisse
1186 3309 1398 3367 constat)
1413 3318 1658 3371 peractum

655 3387 772 3429 erat.
827 3379 953 3427 Ludi
974 3377 1209 3424 circenses
1231 3376 1398 3435 priscis
1430 3377 1661 3434 tempori.

655 3449 747 3494 bus
769 3444 1001 3505 Neptuno
1022 3442 1231 3501 equestri
1264 3441 1339 3486 vel
1360 3440 1519 3487 Conso
1538 3442 1661 3487 sacri

656 3518 814 3567 erunt,
837 3509 967 3555 unde
988 3506 1236 3552 machinas
1259 3506 1365 3551 illas
1397 3505 1543 3550 etiam
1567 3503 1658 3551 del·

649 3575 902 3634 planorum
918 3571 1179 3630 imaginem
1197 3571 1416 3617 retulisse
1428 3570 1660 3629 suspicari

660 3638 828 3698 possis.
877 3635 1050 3682 Utrum
1072 3648 1184 3680 vero
1204 3644 1253 3681 et
1269 3648 1357 3680 cur
1377 3640 1555 3694 praeter
1575 3646 1661 3679 ova

659 3701 807 3748 etism
828 3699 1061 3760 delphines
1086 3695 1302 3759 ejusdem
1325 3699 1395 3744 rei
1417 3710 1578 3752 causa,
1602 3698 1664 3743 ad

656 3764 898 3813 curricula
929 3763 1029 3808 scil.
1053 3763 1275 3822 bigarum
1298 3763 1662 3822 quadrigarum-

660 3841 757 3891 que
795 3826 1108 3880 numeranda,
1144 3829 1412 3885 eodemque
1452 3832 1664 3884 tempore

660 3889 1091 3952 adpositifuerint,
1125 3888 1254 3937 haud
1288 3891 1457 3949 liquet.
1491 3889 1568 3935 Cf.
1591 3896 1664 3934 ta·

660 3952 1262 4079 ωἳῶἶιιὲἇαῖοξέξξτξᾶῑί
1274 4017 1470 4074 marito,
1492 4014 1669 4075 relicto,

658 4088 866 4135 deserto.

731 4145 1001 4195 592-597.
1035 4146 1130 4192 11ae
1152 4143 1377 4190 mulieres
1395 4144 1593 4204 plebeioe
1613 4157 1668 4190 ac

665 4225 916 4276 pauperes,
934 4211 1159 4272 quamvis
1172 4210 1516 4268 superstitiosis
1538 4217 1669 4262 sum,

663 4288 713 4326 et
744 4280 804 4325 de
828 4277 1052 4324 nubendo
1069 4275 1277 4322 hariolos
1295 4274 1574 4327 consulunt,
1598 4278 1667 4318 ta-

656 4358 772 4392 men
788 4341 1084 4403 concipiunt,
1108 4339 1323 4401 pariunt,
1343 4345 1394 4386 et
1414 4337 1571 4386 editos
1591 4339 1667 4385 in-

1708 2221 1837 2280 quod
1857 2220 2098 2279 parientes
2118 2219 2347 2273 subeunt,
2365 2225 2417 2264 et
2435 2219 2632 2265 nutricis
2644 2219 2711 2264 la·

1709 2284 1833 2329 bores
1867 2284 1943 2327 vel
1975 2279 2272 2329 educationis
2303 2284 2616 2329 incommoda
2643 2282 2711 2328 ef-

1707 2348 1915 2407 fugiant.
1932 2345 2134 2407 ferim
2156 2347 2407 2405 mediocri,
2429 2349 2508 2392 vel
2540 2349 2711 2394 misera

1710 2427 1768 2459 sc
1810 2412 1964 2468 tenui,
2004 2415 2214 2472 urgente,
2253 2418 2504 2471 premente
2535 2425 2638 2470 ess,
2669 2416 2714 2456 et

1710 2484 1931 2537 cogente,
1962 2476 2145 2522 labores
2177 2476 2438 2536 suscipere,
2469 2491 2593 2537 quos
2613 2476 2713 2523 ms*

1712 2548 1866 2587 tronoe
1888 2541 2155 2587 nutricibus
2172 2541 2412 2601 delegunt.

1763 2603 1888 2715 '594
1911 2609 2076 2651 aurato
2090 2605 2141 2650 in
2161 2604 2290 2660 lecto,
2307 2605 2466 2664 qualis
2481 2605 2713 2652 nobilium

1711 2683 1761 2716 es

1777 2733 1890 2781 595.
1919 2734 2058 2794 hujus
2084 2746 2152 2783 sc.
2185 2734 2428 2788 venefica,
2455 2735 2531 2780 vel
2560 2735 2717 2793 inpro-

1711 2801 1789 2846 bae
1798 2798 2082 2845 obstetricis.
2099 2796 2422 2847 medicamina.
2439 2800 2605 2857 qualis
2620 2810 2718 2844 me·

1713 2869 1872 2909 morat
1895 2862 2022 2908 Plin.
2044 2861 2169 2909 XX.
2190 2861 2273 2910 22.
2294 2860 2525 2910 xxvn.
2540 2862 2589 2910 5.
2607 2869 2655 2909 et
2672 2861 2718 2908 9.

1714 2928 1935 2979 horumce,
1955 2926 2085 2972 fetus
2105 2934 2359 2986 conceptos
2390 2933 2439 2972 et
2471 2931 2719 2981 formatos,

1713 2986 1937 3052 quaejsm
1953 2991 2175 3040 homines
2186 2999 2317 3038 sunt.
2350 2990 2576 3038 Verbum
2590 3003 2721 3049 mag-

1720 3067 1782 3101 ns
1802 3067 1915 3101 cum
1939 3055 1989 3099 vi
2021 3054 2222 3110 dictum,
2246 3062 2300 3101 ut
2330 3062 2381 3101 et
2416 3069 2532 3102 mox
2565 3056 2726 3103 vocsb.

1713 3117 1858 3182 juris,
1879 3119 2033 3164 facete
2064 3119 2211 3165 simul
2233 3120 2544 3177 translstum,
2560 3119 2725 3166 condu-

1720 3185 1782 3230 cit
1794 3196 1899 3243 pro,
1918 3183 2116 3242 suscipit
2127 3188 2258 3229 certo
2272 3185 2441 3243 pretio.
2477 3183 2613 3231 Nem
2627 3197 2726 3231 cou-

1722 3248 1885 3294 ducere
1914 3260 2010 3292 non
2044 3249 2191 3293 modo
2219 3248 2469 3308 dicuntur,
2494 3249 2582 3308 qui
2619 3263 2727 3309 ops·

1723 3326 1829 3359 ram
1843 3311 2085 3366 susm,vel
2103 3324 2202 3357 rem
2216 3325 2433 3372 opusque
2448 3313 2722 3360 faciendum

1723 3376 1867 3422 alicui
1887 3375 2056 3434 locam,
2087 3376 2171 3421 sed
2188 3377 2337 3422 etism
2359 3377 2445 3436 qui
2466 3378 2591 3422 illud
2610 3377 2727 3424 redi-

1723 3444 1876 3498 munt,
1897 3440 1950 3485 b.
1961 3452 2005 3487 e.
2020 3441 2104 3500 qui
2122 3448 2253 3486 certo
2265 3441 2421 3500 pretio
2432 3441 2623 3500 aliquid
2630 3442 2726 3488 sive

1723 3504 1998 3551 faciendum
2021 3505 2121 3550 sive
2141 3505 2457 3563 praebendum
2487 3506 2540 3551 in
2574 3519 2630 3552 se
2659 3518 2727 3553 re·

1723 3569 1924 3629 cipiunt.
1981 3567 2126 3614 Forte
2168 3575 2334 3614 tamen
2376 3570 2469 3631 leg.
2500 3570 2729 3618 ‘umnam

1728 3633 1966 3681 Condoeet.
1996 3631 2067 3678 At
2079 3633 2234 3693 gaude
2254 3640 2346 3679 cet.

1793 3695 2065 3744 597—601.
2115 3696 2299 3757 Lepide
2333 3710 2392 3745 sc
2426 3699 2554 3744 sulse
2591 3706 2726 3760 poets

1727 3762 1850 3808 dixit
1862 3777 1878 3808 ε
1900 3769 1950 3808 st
1962 3759 2116 3821 gaude
2133 3761 2301 3822 infelir
2319 3760 2553 3809 Postume
2574 3774 2616 3808 s.
2633 3774 2731 3810 ma·

1728 3827 1836 3880 rite,
1879 3828 2009 3886 quod
2042 3826 2266 3871 abortum
2296 3826 2441 3872 faciat
2472 3839 2603 3873 uxor
2632 3834 2727 3880 tus,

1729 3890 1844 3949 quin
1869 3891 1972 3950 ipse
1997 3889 2041 3934 ei
2056 3890 2250 3950 porrige
2279 3890 2505 3951 quidquid
2523 3891 2726 3937 medies-

1730 3955 1876 4001 minis
1902 3955 2012 4010 en’t,
2032 3954 2294 4013 quamlibet
2319 3955 2565 4013 potionem
2599 3955 2729 4010 abor·

1731 4017 1913 4079 tivam3
1947 4030 2061 4063 nam
2083 4018 2294 4077 alioquin
2312 4017 2523 4079 finctae
2542 4007 2629 4065 ills
2659 4031 2730 4078 ps-

1731 4088 1858 4126 reret
1879 4083 2073 4142 nigrum
2094 4081 2333 4142 AEthiopis
2362 4082 2535 4129 moechi
2569 4083 2741 4135 fllium,

1732 4143 1873 4206 cujus
1890 4153 1938 4192 te
1947 4152 2136 4206 patrem
2158 4155 2288 4192 certe
2309 4148 2542 4204 profiteri,
2561 4159 2725 4207 quem·

1732 4222 1826 4269 que
1846 4208 2053 4256 heredem
2074 4211 2280 4257 scribere
2298 4212 2510 4258 deberes.

1797 4272 1907 4319 598.
1951 4272 2222 4321 Distendere
2256 4278 2457 4332 aterum,-
2486 4276 2722 4335 gravidam

1734 4338 1852 4386 fleri.
1884 4352 2045 4386 mare
2062 4344 2265 4396 uterum,
2282 4339 2513 4400 quoniam
2532 4340 2665 4401 meri
2678 4340 2724 4384 in
