2978 4920
602 321 728 390 838

1256 317 1982 387 ‘JUVEN'ALIS

696 512 773 574 In
805 531 1077 596 quorum
1100 509 1298 574 -sulcis
1328 510 1604 597 legiones
1632 509 1931 574 dentibus
1960 510 2189 594 anguis

693 615 860 677 Cum
888 611 1127 698 clypeis
1153 625 1524 690 nascuntur,
1556 624 1620 676 et
1648 610 2104 676 hori-idabella
2130 623 2467 697 capessunt
2565 650 2588 660 ο

694 714 1034 793 continue,
1066 726 1391 800 tamquam
1420 725 1484 778 et
1517 713 1777 778 tubicen
1807 713 2151 777 surrexerit
2183 733 2327 777 una.

692 818 871 902 Ergo
899 816 1132 901 ignem,
1162 816 1349 901 cujus
1377 814 1678 879 scintillas
1707 815 1843 900 ipse
1872 813 2129 891 dedisti,

692 918 1097 1003 Flagrantem
1127 916 1252 982 late
1281 931 1346 982 et
1375 918 1725 1004 rapientem
1754 928 1983 981 cuncta
2010 916 2275 981 videbis,

2485 951 2492 961 ‹
2565 919 2694 980 245

691 1020 826 1082 Nec
854 1018 971 1083 tibi
1000 1031 1297 1105 parcetur
1326 1020 1577 1096 misem,
1613 1017 2063 1105 trepidumque
2091 1019 2469 1103 magistrum

693 1123 772 1186 In
802 1143 992 1186 cavea
1017 1142 1249 1206 magno
1275 1121 1539 1186 fremitu
1570 1121 1669 1185 leo
1698 1120 1878 1186 tollet
1910 1121 2225 1186 alumnus

774 1225 945 1287 Nota
972 1220 1434 1287 mathematicis
1461 1224 1709 1308 genesis
1739 1234 1889 1286 tua:
1938 1223 2049 1286 sed
2078 1246 2273 1309 grave
2303 1223 2519 1287 tardas

688 1328 1076 1412 Exspectare
1105 1323 1298 1388 colus.
1343 1325 1628 1389 morieris
1659 1325 1924 1389 stamine
1951 1325 2236 1389 nondum

687 1430 1009 1514 Abrupto.
1046 1429 1183 1514 jam
1211 1448 1380 1490 nunc
1409 1426 1624 1490 obstas
1653 1437 1717 1490 et
1746 1438 1896 1491 vota
1924 1429 2214 1491 moraris:

2479 1430 2691 1491 ⁴250

685 1531 731 1592 J
734 1553 835 1593 am
865 1541 1121 1614 torquet
1142 1529 1445 1615 juvenem
1478 1526 1669 1613 longa
1696 1539 1760 1592 et
1790 1528 2043 1591 cervina
2072 1539 2377 1592 senectus.

683 1631 878 1694 Ocius
909 1624 1310 1715 Archigenen
1339 1649 1579 1713 quaere,
1602 1638 1798 1713 atque
1827 1650 1986 1705 eme,
2019 1628 2194 1713 quod
2229 1615 2644 1692 Mithridates

689 1730 1085 1817 Composuit,
1116 1730 1167 1793 si
1197 1728 1293 1793 vis
1322 1728 1510 1792 aliam
1540 1727 1874 1814 decerpere
1902 1727 2118 1808 ficum,
2619 1739 2622 1744 '

685 1837 909 1921 Atque
937 1833 1089 1899 alias
1118 1844 1388 1899 tractare
1417 1853 1611 1897 rosae.
1655 1833 2043 1898 medicamen
2070 1833 2434 1898 habendum
2451 1821 2588 1910 est,

596 2033 1510 2148 ἑῐῗέῑιῗὲ’Ἑξῗέἓίἳῑέἒὲἒῖἷιέ
1530 2050 1606 2146 ἓῖξ

598 2163 839 2211 victoriam
866 2171 1168 2229 reportarent.
1190 2181 1234 2212 v.
1260 2164 1424 2229 Eurip.
1458 2164 1607 2212 Phoe-

599 2228 711 2276 niss.
730 2242 775 2275 v.
797 2229 911 2276 841.
930 2231 1182 2292 seq.3Stat.
1212 2228 1364 2277 Theb.
1398 2230 1462 2276 X.
1495 2231 1608 2278 589.
1627 2257 1646 2290 ,-

596 2308 696 2357 seq.
731 2292 840 2341 751.
872 2307 971 2357 seq.
1005 2294 1210 2342 Pausan-
1233 2293 1329 2341 IX.
1361 2295 1442 2341 25.
1475 2294 1539 2341 al.
1570 2295 1610 2341 si

596 2357 773 2405 Graecia
802 2374 923 2413 vera,
955 2357 1175 2414 veridica,
1207 2372 1350 2406 verax
1379 2363 1466 2411 est,
1491 2357 1539 2404 h.
1562 2373 1606 2406 e.

594 2421 635 2472 si
658 2423 928 2472 Graecorum
947 2422 1191 2488 scriptores
1209 2437 1323 2471 vera
1345 2421 1479 2470 nobis
1505 2429 1607 2471 tra-

595 2487 773 2542 didere,
796 2488 879 2550 (cf.
905 2487 967 2536 ad
987 2489 1048 2536 X.
1076 2489 1211 2550 174.)
1233 2500 1319 2534 nec
1338 2486 1494 2552 potius
1518 2486 1606 2536 hoc

593 2551 844 2602 commenti
868 2560 999 2609 sunt,
1031 2560 1086 2601 ut
1116 2551 1228 2608 alia,
1282 2567 1357 2598 uae
1388 2551 1451 2599 de
1479 2551 1606 2599 The-

593 2617 667 2665 bis
683 2632 937 2681 earumque
953 2617 1129 2681 origine
1156 2614 1268 2664 fabu
1287 2630 1366 2663 ose
1398 2623 1606 2664 narrant.

597 2683 716 2733 Haec
768 2689 823 2730 ut
848 2682 1045 2735 ,rideret
1172 2688 1239 2737 ta,
1281 2679 1498 2728 ad'unxit
1534 2696 1605 2730 vs.

592 2747 868 2795 241-243.
887 2746 969 2810 qui
999 2754 1158 2794 tamen
1179 2744 1331 2794 1ι.1.ιι
1365 2744 1382 2792 i
1414 2758 1444 2792 a
1476 2759 1604 2793 com-

628 2809 835 2859 aratione
866 2818 1050 2859 tantum
1082 2808 1264 2858 occasio
1298 2824 1459 2857 eorum
1492 2809 1605 2857 scri-

654 2875 849 2923 ndorum
899 2874 1050 2938 petita
1088 2882 1175 2929 est,
1217 2888 1368 2936 neque
1407 2872 1513 2939 ipsi·
1542 2874 1604 2922 ad

593 2948 738 3004 caput
773 2938 840 2987 rei
868 2938 1210 2988 inlustrandum
1239 2937 1499 3001 quidquam
1532 2937 1603 2985 fa-

592 3002 740 3060 ciunt,
781 3018 946 3067 parum
986 3003 1046 3051 ob
1110 3001 1234 3050 rtuni
1272 3010 1398 3057 sunt,
1442 3008 1491 3048 et
1531 3002 1605 3050 in-

591 3069 933 3131 tempestivam·
956 3083 989 3132 p
1074 3074 1159 3115 unt
1199 3065 1313 3116 artis
1358 3065 1604 3114 doctrinae·

595 3146 687 3193 que
703 3131 991 3180 ostentanda
1008 3130 1330 3196 cupiditatem.
1359 3166 1367 3174 .
1398 3129 1611 3181 Historia

596 3201 755 3242 autem
848 3194 858 3204 ‘
895 3194 905 3204 '
943 3194 954 3205 ⁶
1020 3196 1289 3244 Thebarum
1329 3195 1407 3242 vel
1448 3195 1609 3244 tironi-

594 3259 684 3307 bus
703 3265 812 3307 nota
833 3274 892 3307 ex
908 3257 1052 3306 Ovid.
1068 3261 1192 3307 Met.
1212 3259 1313 3306 111.
1334 3260 1542 3307 1-130.
1562 3267 1610 3309 et

592 3323 713 3373 forte
731 3338 789 3373 ex
809 3322 999 3388 etymol.
1014 3337 1144 3372 voce.
1163 3317 1361 3385 rnvymre
1385 3330 1433 3372 et
1449 3328 1610 3392 trag·

592 3390 663 3439 ro)
693 3396 796 3438 orta
824 3396 911 3437 est.
939 3404 985 3436 v.
1007 3389 1084 3436 He
1117 3403 1176 3436 ne
1207 3386 1269 3435 ad
1300 3387 1525 3454 Apollod.
1590 3422 1605 3437 .

589 3456 702 3504 554.
721 3462 771 3503 et
799 3454 1024 3502 Herman.
1046 3404 1253 3517 Myythol.
1275 3452 1437 3526 Lyric..
1447 3452 1505 3500 T.
1528 3406 1601 3502 If.

591 3536 640 3582 p.
670 3520 786 3575 239.
816 3520 931 3567 240.
963 3519 1147 3582 legiones
1220 3531 1270 3564 ro
1304 3517 1606 3568 multitudine

588 3582 637 3630 vi
656 3598 786 3631 orum
807 3589 1105 3632 armatorum.
1223 3596 1273 3630 es
1293 3580 1354 3629 de
1374 3581 1606 3642 indusm'a

590 3647 916 3711 amplificatur,
936 3647 1056 3695 risus
1075 3644 1297 3713 captandi
1323 3659 1484 3703 causa,
1507 3643 1603 3711 quo

588 3717 636 3757 et
669 3727 716 3758 v.
748 3711 860 3758 243.
892 3718 1090 3776 spectat.
1295 3727 1340 3758 m
1370 3727 1521 3775 graece
1553 3719 1603 3760 et

591 3773 728 3822 docte
747 3772 918 3822 dicitur
941 3790 1024 3839 pro
1054 3791 1246 3837 quarum
1277 3775 1380 3823 scil.
1409 3776 1599 3824 Theba·
1639 3838 1642 3839 ⁷

589 3854 712 3894 rum,
732 3846 947 3902 respectu
967 3839 1030 3886 ad
1048 3837 1225 3888 incolas
1244 3838 1373 3888 urbis
1392 3847 1441 3888 et
1465 3839 1599 3889 nobi-

587 3901 680 3951 lius
695 3917 844 3966 genus
860 3901 1038 3957 habito,
1058 3909 1114 3949 ut
1144 3920 1272 3965 quem
1291 3919 1347 3952 su
1383 3920 1462 3952 .v.
1484 3907 1604 3955 231.-

586 3968 670 4017 cf.
687 3967 748 4015 ad
761 3964 846 4016 Sil.
866 3967 929 4014 V.
941 3965 1053 4014 495.
1071 3966 1134 4014 X.
1144 3968 1255 4017 306.
1272 3978 1320 4016 et
1379 3968 1442 4016 'v.
1455 3967 1500 4016 I.
1518 3971 1598 4018 59.

649 4034 764 4081 243.
804 4030 928 4079 Tam
966 4028 1170 4078 horrido.
1194 4031 1334 4079 modo
1373 4037 1599 4096 tantoque

583 4097 651 4146 im
712 4105 763 4145 tu
792 4096 912 4145 inter
941 4109 994 4144 se
1025 4093 1164 4142 armis
1199 4093 1513 4152 decertarunt,
1547 4105 1600 4146 ιιι

585 4177 652 4228 pu
703 4175 791 4219 res,
812 4173 1033 4209 unacum
1064 4157 1122 4207 iis
1152 4165 1316 4206 natum
1347 4159 1496 4208 fuisse
1520 4170 1595 4209 tu·

554 4226 555 4229 ’
585 4229 785 4282 bicinem,
807 4224 889 4290 qui
907 4223 970 4273 ad
987 4238 1198 4298 pugnam
1213 4237 1294 4271 eos
1313 4221 1552 4274 excitaret.
1579 4260 1598 4267 „

647 4291 762 4339 244.
790 4292 952 4354 ignavi,
986 4287 1301 4337 insatiabilem
1332 4288 1593 4345 avaritiam,

583 4368 688 4415 quae
709 4354 853 4409 etiam,
869 4357 1029 4403 ardens
1053 4352 1222 4404 dicitur
1243 4352 1343 4404 Cic.
1367 4351 1470 4413 Fin.
1493 4355 1593 4405 III.

1671 2036 1748 2083 11.
1766 2037 2000 2093 scintillas,
2020 2034 2200 2084 semina
2215 2042 2267 2083 et
2285 2034 2530 2099 originem.
2618 2054 2624 2062 ·

1733 2101 1847 2148 246.
1866 2102 1992 2150 247.
2002 2099 2148 2148 Filius
2171 2100 2313 2149 etiam
2336 2107 2384 2147 te
2403 2100 2581 2164 ipsum,
2603 2114 2688 2168 pa·

1669 2173 1788 2212 trem
1839 2171 1889 2213 et
1939 2172 2288 2230 praeceptorem,
2327 2163 2594 2218 interficiet,
2639 2172 2693 2211 ut

1670 2228 1745 2277 leo
1792 2243 2148 2292 nonnumquam
2198 2228 2478 2291 magistrum
2535 2243 2693 2283 suum,

1672 2306 1703 2339 a
1732 2308 1827 2356 quo
1857 2294 2101 2349 enutritur,
2121 2294 2171 2341 in
2202 2310 2352 2348 cavea,
2379 2293 2588 2341 ferarum
2619 2308 2689 2341 re·

1669 2357 1917 2421 ceptaculo
1936 2359 2012 2406 vel
2032 2358 2229 2416 theatro,
2253 2357 2504 2406 dilacerat.
2571 2358 2690 2424 Poe-

1669 2428 1766 2470 tam
1800 2422 1848 2470 h.
1868 2421 1903 2470 1.
1934 2422 2162 2489 respicere
2192 2422 2450 2472 historiam*
2466 2420 2561 2470 sui’
2574 2428 2692 2470 tem—

1668 2485 1794 2551 poris
1812 2495 1997 2552 putant,
2019 2488 2129 2536 coll.
2147 2487 2361 2536 Martial.
2383 2486 2445 2534 de
2476 2488 2695 2552 Spectac.

1670 2550 1816 2616 epigr.
1842 2554 1916 2600 12.
1981 2551 2221 2601 Particula
2253 2558 2413 2600 autem
2447 2566 2702 2616 compara--

1668 2615 1807 2664 tionis
1838 2615 2027 2673 omissa,
2058 2623 2113 2664 ut
2144 2632 2248 2680 sup.
2280 2633 2331 2665 v.
2364 2616 2479 2665 229.
2513 2630 2618 2679 seq.
2647 2624 2704 2664 et¹

1668 2680 1923 2793 gassimglv.
1947 2696 1991 2731 c.
2016 2681 2184 2729 Horat.
2201 2680 2352 2746 Epist.
2373 2681 2416 2728 Ι.
2442 2681 2492 2728 2.
2509 2682 2593 2729 34.
2613 2681 2690 2729 42.

1733 2809 1845 2857 248.
1863 2824 1961 2873 seq.
1992 2808 2139 2858 Filius
2158 2818 2263 2857 ante
2293 2811 2409 2871 diem
2425 2811 2602 2870 patrios
2621 2812 2702 2870 iri-¹
2731 2866 2732 2871 ¹

1730 2874 1808 2920 irit
1849 2877 1899 2921 in
1939 2890 2092 2928 annos,
2138 2874 2284 2922 Ovid.
2323 2875 2448 2922 Met.
2491 2874 2536 2922 I.
2585 2870 2704 2925 148:

1721 2951 1828 2986 osce
1863 2953 2011 2986 annos
2049 2937 2173 2985 filius
2207 2953 2235 2986 e
2262 2941 2411 3002 genesi
2450 2947 2695 3002 computa·

1668 2999 1756 3057 bit,
1780 3001 1856 3051 vel
1879 3003 2211 3050 Mathematicus
2230 3016 2289 3051 ea
2308 3002 2370 3050 de
2390 3017 2441 3050 re
2458 3003 2689 3058 consulet,

1667 3071 1731 3120 et,
1755 3065 1794 3114 si
1815 3066 1865 3114 hi
1897 3066 2041 3116 vitam
2072 3065 2210 3114 nimis
2238 3067 2433 3130 longam
2465 3066 2552 3114 tibi
2586 3081 2693 3130 pro-

1673 3129 1900 3185 miserint,
1941 3146 2048 3180 eam
2079 3129 2166 3178 tibi
2196 3145 2378 3179 veneno
2413 3130 2600 3195 eripiet,
2640 3139 2695 3179 ut

1672 3195 1767 3243 tuis
1797 3194 1972 3244 divitiis
2001 3195 2131 3244 ocius
2161 3195 2383 3259 potiatur.
2415 3212 2462 3243 v.
2490 3210 2596 3260 sup.
2632 3195 2693 3243 ad

1675 3259 1778 3307 ΙΙΙ.
1790 3260 1868 3308 43.
1884 3261 1966 3309 44.
1977 3268 2025 3310 et
2037 3260 2130 3310 VI.
2144 3262 2256 3309 553.
2273 3275 2406 3324 seqq.
2452 3259 2537 3307 Sed
2554 3276 2697 3324 grave

1674 3331 1747 3372 est
1766 3323 1863 3372 filio
1882 3331 1964 3374 tuo
1990 3333 2233 3386 exspectare
2253 3327 2414 3387 ‘tardos
2439 3325 2576 3380 colar,
2600 3325 2692 3388 (al.

1670 3388 1807 3453 colos)
1839 3398 2050 3444 mortem,
2086 3389 2225 3437 nimis
2258 3388 2393 3438 tarde
2421 3388 2488 3436 ad
2519 3396 2568 3436 te
2603 3389 2693 3436 ad·

1668 3461 1956 3503 ventantem.
2021 3454 2118 3502 Φοῖἰ
2143 3452 2294 3520 μοίρης
2326 3473 2379 3528 τι
2411 3454 2580 3515 κακῆς,
2614 3453 2698 3500 καὶ

1667 3514 2691 3656 ἦ”ὶ“ἰὶζὲξ’ΐ;ἔιῗῗῗ*ῑέ9ἷὲέὲῗῖξῗίῑ

1666 3655 1777 3695 vitae
1797 3650 2003 3704 stamina,
2025 3662 2131 3712 quae
2152 3647 2267 3696 fusis
2285 3662 2384 3694 suis
2402 3647 2579 3695 Parcae
2601 3645 2688 3693 du·

1664 3717 1795 3760 cunt.
1859 3716 2011 3761 tardas
2042 3713 2178 3769 colus,
2210 3718 2265 3760 ut
2293 3713 2488 3759 vantium
2518 3720 2688 3759 stamen

1663 3791 1770 3841 sup.
1787 3776 1853 3825 X.
1873 3776 1983 3826 252.
2004 3779 2188 3825 stamine
2204 3777 2468 3824 Parcarum
2488 3777 2687 3823 nondum

1661 3843 1866 3901 abmpto,
1889 3840 2281 3889 anteffnaturalem
2301 3839 2414 3888 vitae
2432 3839 2645 3888 modum.

1728 3906 1839 3954 251.
1877 3915 2074 3954 semotus
2105 3909 2301 3961 cer-vim,
2332 3918 2538 3952 summa.
2609 3904 2689 3951 De

1662 3970 1806 4034 longa
1835 3984 2076 4019 cervorum
2106 3969 2206 4017 vita
2231 3986 2284 4017 2v.
2306 3968 2507 4017 Aristot.
2527 3968 2599 4016 H.
2620 3966 2688 4014 A.

1663 4033 1757 4083 IX.
1778 4035 1825 4082 6.
1861 4041 1909 4082 et
1941 4034 2068 4083 Plin.
2091 4034 2241 4084 VIII.
2266 4034 2358 4099 32.ι
2378 4049 2419 4082 s.
2446 4034 2533 4097 ⁴50.
2566 4039 2688 4079 extr.

1663 4099 1775 4148 252.
1795 4099 1934 4146 Archi
2100 4114 2267 4161 quaere,
2289 4097 2338 4144 h.
2360 4113 2406 4146 e.
2426 4094 2689 4145 medicum.

1662 4162 1741 4211 Cf.
1763 4177 1865 4226 sup.
1899 4117 1962 4211 aff
1984 4164 2077 4212 VI.
2099 4163 2179 4211 46.
2212 4168 2260 4209 et
2291 4163 2405 4211 236.
2436 4163 2554 4224 quod
2590 4159 2686 4206 Mi-

1660 4227 1875 4275 thridates
1903 4229 2157 4289 composuit,
2191 4224 2475 4282 antidotum,
2499 4224 2562 4272 de
2589 4238 2685 4286 quo

1659 4307 1708 4340 v·
1726 4306 1838 4406 253.
1859 4290 2489 4406 {gffiszeffii'auctumnum
2519 4360 2568 4402 et
2598 4364 2690 4400 ver
