2978 4920
627 315 756 383 ⁸64

1335 303 2001 374 JUVENALIS

637 543 642 550 ·
709 501 858 568 ‘Aut
885 497 1200 564 verubus:
1246 495 1508 581 longum
1536 505 1740 578 nsque
1766 488 1929 555 adeo
1957 486 2351 574 tardumque
2373 489 2631 573 putavit

717 601 1104 686 Exspectare
1129 596 1325 673 focos,
1354 605 1653 662 contenta
1677 590 1987 658 cadavere
2011 589 2230 654 crudo.

717 700 848 764 Hic
874 697 1152 785 gaudere
1179 696 1358 772 libet,
1383 693 1568 780 quod
1595 714 1722 757 non
1749 690 2080 762 violaverit
2108 691 2344 776 ignem,
2368 731 2373 738 ·

716 803 918 878 Quem
949 819 1194 863 summa
1218 794 1361 860 coeli
1390 805 1649 880 raptum
1674 791 1757 857 de
1785 804 1967 879 parte
1999 791 2421 857 Prometheus

2628 792 2715 851 85

718 899 996 963 Donavit
1024 896 1225 964 terris.
1269 895 1582 960 elemento
1605 892 1917 979 gratulor,
1946 902 2014 957 et
2042 903 2109 955 te

716 999 1057 1068 Exsultat-e
1084 1020 1244 1063 reor.
1288 995 1399 1060 sed
1427 994 1549 1080 qui
1573 992 1861 1057 mordere
1889 992 2162 1057 cadaver

718 1102 1056 1178 Sustinuit,
1085 1099 1174 1163 nil
1204 1115 1508 1184 umquam
1536 1096 1654 1160 hac
1681 1117 1868 1158 carne
1895 1093 2199 1158 libentius
2227 1092 2378 1158 edit.

717 1203 780 1265 N
782 1224 882 1265 am
913 1200 1140 1265 scelere
1167 1200 1233 1263 in
1262 1210 1441 1263 tanto
1469 1216 1548 1261 ne
1576 1217 1848 1282 quaeraS,
1878 1207 1945 1259 et
1973 1193 2251 1271 dubites,
2283 1216 2365 1257 an

715 1303 931 1368 Prima
957 1301 1346 1388 voluptatem
1375 1298 1533 1384 gula
1559 1296 1836 1363 senserit.
1883 1294 2150 1361 ultimus
2177 1305 2415 1372 autem,

2616 1298 2706 1363 9⁰

714 1403 840 1480 Qui
871 1402 1046 1480 stetit
1072 1401 1370 1465 absumto
1385 1399 1525 1485 jam
1554 1408 1692 1463 toto
1719 1418 2005 1482 corpore,
2036 1394 2249 1464 ductis

712 1507 838 1568 Per
866 1516 1099 1568 terram
1126 1500 1368 1588 digitis,
1395 1498 1644 1585 aliquid
1672 1497 1754 1562 de
1782 1496 2087 1583 sanguine
2114 1507 2357 1582 gustat.

716 1607 1046 1683 VaseoneS‚
1075 1602 1213 1666 haec
1241 1601 1414 1665 fama
1435 1612 1559 1676 est,
1590 1596 2165 1678 alimentistalibus
2194 1596 2361 1660 olim

699 1755 780 1801 83.
819 1752 1077 1813 Exspecta-2
1091 1749 1235 1815 soom,
1273 1747 1324 1796 h.
1361 1763 1403 1797 e.
1441 1755 1533 1796 tem
1568 1761 1639 1803 us,

633 1817 762 1883 quod
783 1816 1050 1867 adcarnem
1070 1813 1121 1862 in
1137 1814 1241 1863 foco
1257 1813 1333 1861 vel
1348 1827 1532 1878 coquen

634 1883 708 1931 vel
732 1881 979 1929 assandam
1000 1877 1262 1942 requiritur.

698 1946 906 1994 84-87.
928 1942 1263 1992 Inmauitatern
1280 1941 1380 1988 Ten
1473 1947 1643 1994 tarum,

634 2009 831 2058 crudam
861 2006 1061 2055 hominis
1092 2020 1281 2053 carnem
1310 2003 1385 2052 avi
1418 2019 1445 2053 e
1478 2002 1641 2066 deglu-

633 2073 864 2126 tientium,
884 2068 1018 2122 δωὸσ
1046 2068 1182 2116 simul
1215 2075 1264 2116 et
1295 2066 1445 2117 facete
1478 2067 1643 2115 adum-

633 2138 742 2185 brat
760 2142 914 2200 poeta,
933 2132 1109 2187 dicens,
1130 2141 1228 2182 tam
1248 2133 1399 2182 dirum
1420 2147 1522 2182 esse
1542 2145 1643 2180 sce-

633 2204 709 2251 lus
729 2215 904 2257 eorum,
927 2206 982 2246 ut
999 2198 1070 2245 sas
1093 2197 1155 2244 sit
1180 2200 1377 2262 gaudere
1405 2205 1453 2246 et
1479 2205 1644 2262 gratu-

637 2268 742 2315 lari
767 2267 882 2329 igni,
924 2271 1161 2326 tamquam
1204 2277 1271 2311 rei
1313 2275 1473 2317 sacro,

633 2345 740 2379 eam
795 2343 890 2376 non
940 2328 1199 2376 violaverint
1253 2333 1442 2375 coctura
1493 2324 1647 2373 carnis

635 2394 869 2448 humanae,
899 2399 948 2439 et
977 2390 1046 2439 sic
1079 2390 1234 2439 scelus
1259 2388 1420 2440 sceleri
1448 2387 1644 2437 addide-

636 2459 746 2509 rint.
815 2457 983 2504 νέοισι-ἰ
1021 2463 1178 2504 autem
1217 2463 1300 2503 aut
1337 2455 1479 2516 pollui
1517 2452 1646 2503 dice·

630 2526 805 2574 bantur
833 2520 992 2570 omnia
1013 2534 1087 2575 ea,
1110 2535 1216 2582 quai
1248 2518 1320 2567 vel
1353 2519 1403 2566 in
1435 2518 1641 2567 alienum

631 2584 951 2648 nefariumque
993 2583 1334 2633 adhibebantur
1371 2598 1526 2639 usum,
1566 2581 1641 2629 vel

630 2667 662 2713 a
683 2652 822 2700 rebus
853 2647 1206 2711 hominibusque
1237 2645 1461 2702 scelestis,
1479 2654 1529 2694 et
1560 2653 1643 2694 aut

633 2715 826 2782 physice
858 2721 941 2762 aut
967 2711 1201 2761 moraliter
1233 2710 1427 2776 inpuris,
1459 2708 1641 2760 contin·

630 2780 876 2844 gebantur,
912 2778 962 2825 in
1002 2775 1162 2840 primis
1198 2791 1272 2823 res
1302 2789 1463 2829 sacrm,
1498 2774 1540 2836 (i
1573 2774 1645 2824 nis

635 2859 742 2894 vero
764 2844 926 2891 Vestae
958 2847 1007 2888 et
1031 2838 1251 2887 Vulcano
1282 2853 1412 2889 sacer
1444 2847 1545 2886 erat
1595 2847 1645 2888 et

632 2911 860 2960 elementa,
884 2920 979 2959 aer,
1001 2918 1131 2966 aqua
1150 2911 1199 2952 et
1218 2902 1356 2966 ignis,
1410 2902 1550 2950 uibus
1573 2917 1645 2955 res

632 2972 811 3037 inpune
865 2967 1020 3033 urgari
1039 2966 1316 3029 lustrarique
1343 2980 1395 3014 so
1414 2966 1575 3021 ebant,
1597 2974 1647 3016 et

633 3050 692 3083 ⁶¹
745 2986 914 3144 uin·
945 3030 1482 3144 ememus}
1494 3037 1647 3143 ..3321

633 3113 752 3152 esse,
772 3114 837 3145 un
870 3112 898 3145 e
917 3113 943 3145 e
982 3111 1057 3144 am
1079 3111 1130 3143 in
1227 3110 1301 3143 res

631 3163 819 3211 bantur.
853 3159 932 3209 cf.
953 3158 1059 3209 Cic.
1082 3159 1225 3207 Rosc-
1249 3159 1361 3206 Am.
1382 3174 1425 3206 c.
1444 3159 1528 3207 26.

631 3268 636 3271 ,
699 3227 779 3277 85.
801 3223 921 3271 Haec
953 3223 1175 3285 languere
1204 3221 1436 3276 videntur,
1464 3222 1541 3273 vel
1570 3222 1643 3270 in·

630 3286 957 3355 tempestivum
974 3284 1195 3334 doctrinae
1227 3284 1518 3334 ostentandis
1545 3293 1644 3335 stu·

632 3354 762 3403 dium
826 3350 1005 3401 rodere.
1067 3348 1164 3398 Sed
1194 3356 1334 3414 poeta
1363 3350 1479 3398 forte
1507 3349 1642 3400 fabu-

630 3420 728 3468 lam
759 3368 910 3473 iliam,
940 3428 1218 3476 omnemque
1259 3412 1408 3462 sim‘ul-
1438 3420 1643 3468 veterum

629 3482 888 3532 doctrinam
921 3479 982 3529 de
1013 3478 1178 3527 morali
1208 3493 1455 3542 rerumque
1486 3492 1644 3528 saera·

628 3562 731 3603 rum
785 3543 1056 3611 pollutione,
1097 3542 1180 3601 de,
1208 3542 1486 3598 elementis„
1522 3549 1642 3591 tam-

606 3623 771 3671 quam
812 3610 949 3658 rebus
995 3607 1154 3665 saeris,
1197 3622 1224 3655 e
1267 3606 1439 3671 quibus
1483 3605 1641 3665 omnia

627 3671 724 3719 sint
752 3680 882 3726 nata,
912 3679 962 3721 et
991 3672 1160 3735 quibus
1185 3670 1400 3721 lustratio
1425 3670 1526 3726 fiat,
1548 3669 1639 3720 sor·

628 3750 715 3791 san
751 3744 800 3784 et
836 3735 895 3781 de
931 3734 1039 3797 igne
1075 3735 1294 3793 etheree,
1333 3735 1381 3783 h.
1418 3735 1451 3782 1.
1489 3733 1642 3783 ridere

627 3799 792 3849 voluit.
857 3798 1034 3847 Faceta
1061 3806 1186 3846 certe
1218 3806 1328 3853 sunt
1357 3798 1521 3855 verba,
1554 3800 1639 3848 ele·

629 3872 773 3923 meiito
798 3862 1026 3925 gratulor,
1053 3862 1131 3924 (h.
1163 3877 1205 3911 e.
1237 3862 1353 3926 igni,
1384 3863 1512 3926 quod
1546 3877 1640 3912 non

628 3929 828 3978 violatus
859 3923 946 3987 sit)
965 3934 1008 3971 et
1040 3934 1100 3980 tu,
1129 3925 1315 3983 Volusi,
1350 3942 1535 3975 mecum
1566 3942 1639 3974 ex-

626 3995 796 4042 sultare
812 4005 936 4047 reor-„-
970 3987 1117 4036 multo
1150 3995 1305 4038 autem
1338 3988 1576 4051 facetiora,
1599 3990 1638 4037 si

630 4055 854 4105 Volusius
878 4052 965 4100 fuit
996 4051 1175 4115 philoso
1208 4050 1311 4109 hus,
1325 4106 1330 4111 ,
1345 4053 1419 4101 vel
1442 4053 1638 4104 ‘inbutas

627 4129 756 4177 certe
802 4116 1096 4184 opinionibus
1144 4113 1211 4161 il‘
1240 4150 1253 4163 .
1333 4117 1632 4173 Prometheus,

623 4200 714 4249 ope
734 4184 965 4235 Minerva·
986 4180 1090 4242 (cui
1112 4179 1281 4228 artium
1311 4179 1520 4239 inventio
1554 4180 1634 4231 tri·

619 4248 810 4311 buitur)
841 4246 892 4294 in
922 4246 1097 4296 coelum
1133 4243 1361 4301 sublatus,
1393 4243 1444 4302 in
1483 4245 1632 4294 semla

619 4325 752 4365 cava,
794 4311 1031 4376 (νάρθηκι)
1064 4309 1220 4358 furtim
1255 4308 1320 4357 ad
1355 4309 1475 4358 Solis
1508 4318 1633 4359 rotas

1706 1745 1911 1801 admota,
1932 1744 2088 1809 ignem
2110 1745 2239 1794 mala
2260 1744 2423 1794 fraude
2444 1735 2713 1810 subreptum

1706 1810 1769 1859 ad
1811 1808 2021 1858 homines
2058 1808 2297 1866 detulisse,
2338 1817 2388 1858 et
2428 1819 2555 1884 artes
2580 1810 2717 1884 ·inpr.

1706 1874 1998 1923 metallorum
2030 1889 2340 1948 vasorumque
2369 1873 2586 1921 fictilium
2623 1891 2719 1939 ejus

1686 1945 1794 1986 'usu
1832 1937 2145 2003 parandorum
2187 1951 2418 1988 invenisse
2452 1939 2640 1988 dieitur.
2672 1957 2718 1987 v.

1709 2003 1769 2052 ad
1792 2004 1886 2052 IV.
1910 2004 2018 2051 133.

1772 2067 1980 2116 87-92.
2012 2066 2134 2125 Quis
2171 2066 2286 2116 talia
2320 2066 2422 2115 fieri
2460 2082 2599 2132 posse
2632 2067 2714 2115 sibi

1708 2130 2003 2195 persuadeat,
2033 2131 2126 2180 nisi
2157 2146 2217 2180 ex
2245 2130 2440 2179 historia
2474 2141 2717 2187 constaret,

1708 2194 1866 2258 quoad
1896 2195 2109 2260 progredi
2143 2204 2289 2259 queat
2321 2195 2647 2245 inhumanitas
2677 2206 2721 2245 et

1708 2259 1832 2308 furor
1874 2258 2060 2314 mentis,
2104 2275 2231 2310 eaeco
2273 2259 2513 2323 religionis
2562 2262 2716 2310 ardore

1708 2322 1945 2371 incensae'!
2009 2325 2089 2371 87.
2125 2327 2220 2387 qui,
2260 2323 2579 2389 quicumque3
2632 2341 2717 2389 quo

1708 2394 1893 2453 spectat
1926 2387 2046 2435 Nam
2077 2402 2123 2436 v.
2144 2389 2224 2436 89.
2256 2387 2348 2436 nisi
2377 2388 2498 2438 forte
2526 2389 2620 2453 leg.
2650 2392 2717 2438 sed

1709 2468 1811 2528 931ae
1841 2467 1908 2501 sc.
1941 2453 2072 2528 turba
2092 2470 2138 2501 v.
2160 2454 2240 2501 81.
2303 2454 2384 2503 88.
2406 2454 2635 2503 sustinere
2652 2454 2719 2502 di·

1702 2525 1839 2630 522¹?
1870 2532 1958 2630 ἔθ’
1985 2525 2146 2630 ἒέἔιῗὲ
2181 2517 2716 2647 ἒῖῗὲρῗὲὲῗῑῶἓὶ

1705 2647 2002 2701 iiber-winda,
2023 2647 2116 2695 ⁸501·
2145 2647 2475 2707 entschtiezsen)
2495 2646 2613 2701 hinc
2637 2663 2718 2696 au-

1706 2709 1833 2764 dere,
1856 2709 1931 2758 vel
1962 2710 2135 2758 valere.
2195 2710 2276 2759 Cf.
2305 2726 2411 2776 sup.
2446 2712 2593 2760 XIV.
2621 2713 2722 2761 127.

1710 2774 1919 2822 Verbum
1954 2774 2245 2840 aptissimum
2278 2775 2362 2824 tali
2392 2775 2607 2832 facinori,
2643 2792 2718 2825 cu-

1701 2837 1781 2901 jus
1812 2838 2110 2913 perpetrandi
2136 2838 2383 2886 consilium
2412 2854 2513 2888 non
2538 2839 2629 2888 nisi
2659 2841 2717 2890 ab

1707 2916 1764 2951 eo
1802 2917 1909 2967 capi
1939 2910 2107 2967 potest,
2141 2902 2223 2966 qui
2253 2918 2441 2952 omnem
2474 2905 2606 2953 exuit
2634 2904 2717 2952 hu·

1709 2967 1998 3041 manitatem,
2021 2976 2070 3016 et
2089 2974 2283 3078 promte
2313 2974 2387 3015 est
2417 2968 2634 3019 audacia!
2663 2968 2719 3016 ad

1707 3045 1891 3086 omma,v
1904 3046 2009 3093 quae
2029 3048 2087 3080 ve
2126 3038 2293 3096 prater
2314 3038 2534 3081 naturam
2556 3041 2679 3083 sunt.

1771 3096 1853 3143 90.
1892 3095 2052 3143 Prima
2088 3096 2220 3159 gula,
2256 3095 2304 3142 h.
2337 3111 2382 3144 e.
2424 3096 2512 3160 qui
2585 3096 2722 3147 rimus

1708 3159 1915 3220 gustavit
1952 3158 2284 3224 devoravitque
2323 3174 2516 3209 carnem
2592 3177 2720 3211 uma·

1709 3236 1836 3270 nam.

1708 3330 1715 3333 .
1771 3288 1851 3335 93.
1869 3299 1998 3350 seqq.
2031 3289 2229 3347 Quanta
2258 3288 2319 3336 sit
2349 3289 2609 3338 inmanitas
2636 3292 2723 3339 AE·

1706 3350 1988 3415 gyptiorum,
2021 3351 2283 3400 ostenditur
2319 3368 2447 3401 nunc
2478 3369 2723 3466 compan-

1706 3414 1833 3464 tione
1862 3429 2022 3464 eorum
2053 3431 2159 3464 cum
2187 3417 2490 3465 vasconibus
2518 3434 2546 3465 v
2628 3419 2721 3468 Ca·

1706 3478 1754 3528 la
1843 3478 1996 3536 ‘tanis,
2031 3495 2075 3527 v.
2114 3482 2385 3530 115—123.
2423 3496 2534 3530 cum
2562 3481 2723 3533 incolis

1708 3543 1750 3591 C
1787 3542 1989 3591 ersonesi
2028 3541 2260 3601 Tauricae,
2301 3543 2509 3610 hospites
2550 3547 2718 3596 Diana

1702 3605 2052 3663 inmolantibus,
2093 3617 2142 3657 et
2193 3624 2241 3656 v.
2289 3610 2562 3659 124—128.
2614 3627 2718 3661 cnm

1705 3670 1912 3719 Cimbris
1942 3670 2138 3734 aliisque
2164 3670 2272 3721 feris
2353 3672 2496 3738 pulis.
2519 3675 2600 3724 Cf.
2619 3692 2721 3742 sup.

1705 3734 1768 3782 ad
1790 3735 1931 3784 XIV.
1951 3735 2066 3784 265.
2084 3751 2217 3800 seqq.
2278 3689 2503 3795 ἥσσω»,
2585 3740 2720 3805 pules

1704 3796 1949 3873 Hispanias
1972 3800 2364 3858 Tarraconensis,
2402 3801 2467 3850 ad
2631 3856 2641 3865 Α,
2705 3803 2720 3852 i

1703 3861 1905 3921 radices,
1926 3879 1977 3911 m
2004 3863 2232 3914 hodierna
2260 3863 2517 3915 Catalonia
2536 3875 2590 3921 et
2621 3869 2719 3921 Nu.-⁴

1703 3940 1878 3978 varraeo
1910 3942 2082 3992 regno:
2126 3944 2160 3977 a
2218 3930 2355 3980 uibus
2389 3930 2577 3980 oriundi
2618 3933 2719 3987 Vas?

1701 4006 1841 4048 cemes,
1861 3991 1942 4055 qui
2009 4000 2156 4042 artem
2237 3993 2360 4042 allia
2394 3993 2721 4058 Aquitanicis.

1702 4055 1763 4102 ab
1793 4054 1907 4119 ipsis
1983 4073 2167 4119 magne
2196 4057 2393 4118 dictam,
2413 4068 2719 4124 occuparunt.

1698 4117 1912 4177 Illorum,
1954 4135 2065 4168 non·
2085 4119 2266 4178 horum,
2309 4123 2423 4179 urbs
2462 4123 2583 4172 olim
2620 4125 2715 4174 exi·

1697 4181 1902 4232 mirfuit
1926 4184 2182 4247 calaguris,
2204 4187 2327 4235 ultra
2356 4187 2554 4236 Iberum
2586 4198 2640 4238 et
2669 4189 2714 4237 in

1696 4244 1862 4296 dextra
1895 4248 1997 4310 ejus
2027 4248 2131 4312 ripa
2166 4249 2272 4304 sita,
2310 4250 2613 4309 Quintiliani
2636 4267 2715 4327 pa*-

1695 4310 1801 4367 tria,
1824 4311 1961 4374 (hod.
1984 4313 2228 4362 calabon-a
2247 4313 2298 4362 in
2322 4315 2463 4369 Nova
2484 4316 2708 4379 castini)
