2978 4920
947 265 1390 366 SATIRA
1458 296 1636 362 ΧΠ.

348 491 641 555 Rectoris
670 485 977 552 conferret
1006 506 1232 571 opem;
1280 483 1569 549 decidere
1589 485 1772 571 jactu

346 590 564 677 Coepit
592 611 736 653 cum
758 586 994 665 ventis,
1023 585 1312 651 imitatus
1341 596 1620 662 castora,
1639 584 1764 670 qui·
1785 606 1888 648 se·-

345 689 735 767 Eunuchum
754 687 901 774 ipse
929 686 1106 763 facit,
1137 685 1398 772 cupiens
1422 685 1692 766 evadere
1719 684 1952 750 damno

352 789 696 855 Testiculi:
743 790 904 855 adeo
932 788 1316 853 medicatum
1344 787 1647 872 intelligit
1676 786 1932 872 inguen.

2257 685 2342 748 35

348 890 652 970 Fundite,
676 913 836 977 ,quae
866 912 1006 954 mea
1035 903 1206 968 sunt,
1235 888 1512 965 dicebat,
1543 897 1794 965 cuncta,
1826 885 2145 965 Catullus,
2193 919 2200 932 .

349 991 757 1081 Praecipitare
786 992 1003 1057 volens
1031 991 1224 1056 etiam
1252 988 1653 1076 pulcerrima,
1682 1000 1923 1053 vestem

353 1096 774 1183 Purpuream,
807 1094 1037 1160 teneris
1065 1115 1322 1179 quoque
1353 1090 1819 1157 Maecenatibus
1845 1103 2082 1179 aptam,

338 1200 579 1285 “Atque
607 1199 784 1277 alias,
814 1220 1089 1285 quarum
1116 1196 1402 1283 generosi
1431 1195 1735 1281 graminis
1762 1194 1975 1282 ipsum

2268 1196 2352 1257 40

355 1300 590 1365 Infecit
618 1313 850 1365 natura
876 1321 1096 1387 pecus,
1128 1298 1240 1363 sed
1267 1310 1331 1362 et
1361 1297 1656 1383 egregius
1683 1297 1827 1361 fons

359 1400 621 1466 Viribus
648 1401 946 1480 obcultiS,
976 1412 1040 1465 et
1076 1400 1359 1465 Baeticus
1385 1398 1655 1485 adjuvat
1682 1405 1811 1462 aer.

361 1500 483 1564 Ille
511 1523 626 1564 nec
655 1514 991 1587 argentum
1019 1501 1359 1566 dubitabat
1388 1500 1664 1577 mittere,
1692 1498 1902 1563 lances

364 1602 710 1666 Parthenio
739 1603 961 1681 factas,
990 1626 1170 1668 urnae
1200 1615 1442 1667 cratera
1470 1623 1785 1688 capacem,

361 1694 453 1767 Et
482 1701 751 1789 dignum
780 1689 1030 1768 sitiente
1061 1703 1287 1783 Phole,
1318 1702 1421 1767 vel
1449 1702 1720 1788 conjuge
1751 1701 1964 1765 Fusci.

2276 1704 2359 1766 45

273 1865 478 1930 laevum)
508 1871 668 1930 puppis
698 1866 883 1933 (navis)
907 1872 1024 1918 latus
1054 1871 1284 1918 evertenti-
1349 1870 1463 1927 dum
1483 1876 1533 1917 et
1557 1866 1816 1917 medicinas
1835 1866 1969 1916 utile.

275 1933 360 1978 bus
382 1931 581 1995 (magna
598 1931 646 1981 vi
667 1934 995 1997 quassantibus
1025 1942 1074 1982 et
1104 1933 1285 1982 labefa-

270 1981 538 2060 *cientibus)
567 2000 714 2053 undis,
737 1999 904 2047 Arbore
935 2002 986 2047 in
1008 2001 1181 2046 incerta
1212 1996 1290 2061 (in
1354 1999 1549 2054 Quare?
1583 1998 1802 2062 v.Intpp.

279 2059 396 2109 navi
427 2059 518 2108 huc
550 2060 664 2110 illuc
691 2062 962 2120 fluctuante,
989 2071 1037 2110 et
1068 2063 1208 2110 modo
1239 2061 1292 2109 in
1355 2064 1437 2111 38.

281 2123 391 2182 hoc,
412 2125 551 2172 modo
585 2126 633 2172 in
659 2125 780 2174 illud
812 2128 936 2174 latus
957 2126 1167 2190 jactata)
1188 2127 1295 2173 nul·

287 2189 378 2235 Iam
417 2190 659 2249 prudentia
689 2196 780 2238 cet.
813 2190 904 2237 nisi
936 2188 1074 2237 malis
1099 2189 1298 2252 jungere

284 2256 523 2300 alternum.
554 2254 670 2300 latus
709 2254 875 2301 arboris
915 2252 1092 2315 (navis,
1130 2261 1184 2299 ut
1223 2268 1299 2317 ap.

290 2316 442 2365 ovid.
462 2317 554 2379 Ep.
574 2315 692 2365 Her.
715 2318 837 2365 XII.
851 2317 925 2380 8.)
944 2321 1139 2372 incertae,
1158 2323 1205 2363 et
1219 2331 1303 2380 pro

285 2381 453 2441 puppes
483 2394 704 2444 reponere
736 2384 786 2429 in
813 2384 971 2442 puppi,
995 2380 1070 2428 vel
1102 2382 1300 2436 tumidis,

288 2444 371 2494 vel
392 2446 713 2501 curvis-undis,
733 2454 787 2495 ut
807 2449 933 2495 unde
963 2454 1151 2493 curvata
1181 2460 1222 2494 8.
1243 2446 1303 2493 si-

285 2519 453 2566 nuata,
475 2510 602 2571 κῦμα
623 2511 847 2577 nege-affin
868 2526 905 2557 8.
928 2509 1099 2575 auga-59.

358 2575 443 2622 33.
471 2574 661 2622 Rectoris
682 2578 802 2632 cani,
823 2573 961 2630 seniS,
984 2574 1194 2639 adeoque
1216 2588 1305 2622 usu

289 2636 461 2704 periti;
495 2655 588 2704 quo
609 2639 867 2704 periculum
892 2646 1104 2701 augetur.
1168 2639 1305 2686 Deci-

291 2707 417 2758 dere,
453 2703 513 2750 de
542 2703 640 2767 ,vita
671 2704 804 2768 quasi
832 2702 1007 2769 pacisci
1037 2719 1140 2751 cum
1168 2706 1308 2751 ventis

279 2769 440 2829 jactu,
467 2767 684 2833 projectis
713 2768 850 2817 bonis
881 2767 993 2823 suis,
1015 2777 1064 2816 et
1095 2783 1180 2832 pro
1211 2767 1308 2815 vita

295 2830 491 2887 oblatiS,
512 2841 564 2879 ut
594 2833 663 2880 ita
692 2832 752 2881 lis
779 2833 1040 2889 dirimatur,
1063 2831 1110 2880 h.
1132 2848 1176 2881 e.
1197 2831 1308 2881 navi

295 2902 569 2952 exonerata,
594 2896 690 2944 vita
707 2897 872 2946 saltem
895 2905 1102 2946 servetur
1125 2896 1313 2960 jactura

295 2959 546 3006 bonorum.
613 2959 795 3024 Lepida
815 2959 957 3008 dictio
975 2962 1124 3026 petita
1157 2976 1186 3009 a
1218 2960 1311 3008 liti-

298 3020 544 3086 gantibuS,
577 3022 658 3086 qui
693 3022 752 3071 de
791 3039 856 3080 re,
891 3025 968 3072 vel
999 3041 1098 3073 rem
1129 3033 1312 3074 contro-

300 3102 492 3136 versam
535 3101 694 3135 secum
746 3088 985 3144 decidunt,
1026 3089 1157 3136 litem
1203 3088 1314 3138 diri·

299 3159 443 3199 munt
462 3150 693 3214 pactione.
792 3176 799 3183 =
1301 3207 1305 3211 ‚

373 3218 455 3264 34.
480 3217 558 3263 35.
582 3213 771 3263 Festiva
793 3223 842 3263 et
875 3222 987 3280 apta
1019 3216 1318 3281 comparatio,

307 3280 400 3328 etsi
417 3279 682 3327 continetur
715 3295 865 3328 errore
897 3279 1041 3342 vulgi,
1062 3295 1153 3342 quo
1180 3291 1322 3330 castor

307 3360 349 3393 s.
371 3344 507 3401 fiber,
531 3343 593 3391 ab
613 3343 881 3392 hominibus
901 3343 1181 3406 exagitatus,
1201 3348 1320 3394 testi-

307 3409 431 3457 culos
451 3424 560 3457 suos
579 3423 736 3457 morsu
756 3409 943 3457 avulsos
962 3407 1163 3472 abjicere
1184 3416 1322 3473 puta-

307 3480 408 3529 tur,
431 3482 485 3520 ut
501 3473 602 3537 ipse
622 3473 779 3522 salvus
798 3476 971 3529 evadat,
994 3472 1129 3536 quasi
1155 3475 1323 3522 intelli·

306 3546 412 3602 gat,
434 3535 565 3592 sciat,
588 3545 773 3602 propter
800 3545 1059 3587 castoreum
1092 3553 1144 3586 se
1175 3536 1324 3586 maxi-

313 3615 397 3648 me
418 3615 444 3647 e
507 3601 587 3657 eti,
609 3601 895 3666 insidiasque
922 3601 1012 3650 sibi
1043 3602 1213 3666 parari.
1248 3600 1326 3650 Cf.

315 3663 463 3712 simil.
503 3680 575 3712 oc.
605 3666 686 3713 Sil.
708 3668 823 3716 XV.
845 3668 959 3715 484.
977 3681 1110 3731 seqq.
1132 3674 1181 3715 et
1200 3666 1330 3715 Plin.

314 3728 476 3777 VIII.
493 3730 571 3776 30.
591 3745 628 3779 s,
651 3732 731 3780 47.
752 3732 975 3780 XXXII.
995 3733 1043 3780 3.
1063 3747 1104 3782 S.
1127 3732 1204 3780 13.
1236 3731 1331 3779 Hic

316 3792 453 3842 Plin.
476 3793 626 3842 VIII.
649 3796 698 3844 3.
718 3811 755 3843 s.
777 3797 824 3843 4.
856 3795 983 3845 idem
1014 3801 1241 3844 memorat
1271 3794 1332 3844 de

314 3856 543 3907 dentibus
571 3857 937 3919 elephantorum.
1003 3860 1065 3907 In
1093 3860 1253 3908 multis
1275 3859 1333 3908 li-

316 3922 421 3970 bris
439 3920 610 3985 leg-itur
630 3923 964 3982 Testiculorum‚
979 3923 1031 3971 in
1051 3924 1333 3989 quibusdam

319 3991 490 4035 damna
511 3987 756 4043 Testiculis,
774 3996 822 4036 et
841 3992 1000 4037 damno
1021 3988 1246 4046 Testiculi,
1263 3999 1335 4037 at·

321 4067 411 4116 que
429 4052 525 4098 ideo
557 4060 648 4100 cet.
713 4053 832 4101 Haec
863 4053 1068 4108 edidere,
1091 4052 1172 4118 qui
1203 4053 1337 4102 hiatu

321 4114 721 4175 obtendebantur,
743 4117 803 4166 de
821 4133 914 4181 quo
936 4134 980 4165 v.
1003 4117 1066 4166 ad
1096 4119 1139 4167 Ι.
1163 4120 1274 4168 151.

393 4179 474 4227 36.
509 4180 659 4230 Poeta
678 4181 799 4231 ridet
818 4181 1082 4246 opinionem
1104 4182 1245 4246 vulg-i.
1266 4186 1338 4231 in-

323 4246 468 4308 guen,
492 4250 651 4301 testes,
681 4253 729 4294 et
755 4256 1031 4295 castoreum.
1062 4250 1342 4303 medicatum,

333 4307 506 4365 active,
540 4319 593 4358 ut
625 4311 815 4375 passim,
855 4327 963 4376 pro:
1012 4310 1073 4361 ad
1104 4311 1343 4362 medican-

1414 1934 1495 1981 37.
1555 1932 1768 1988 Fundite,
1867 1931 2043 1996 rejicite
2107 1930 2159 1980 in
2220 1907 2367 1982 mare.

1822 1949 1936 2046 get.
1954 1997 2123 2063 Apost.
2138 1997 2361 2048 XXVII.

1424 2127 1505 2174 39.
1524 2135 1680 2174 vestem
1712 2129 1871 2174 teneris
1901 2142 2068 2189 quoque
2102 2126 2367 2175 Moeeenati-

1362 2191 1439 2237 bus
1459 2200 1624 2250 aptam,
1646 2205 1691 2237 v.
1714 2204 1815 2254 sup.
1839 2189 1902 2238 ad
1919 2191 1964 2238 I.
1986 2192 2067 2239 66.

1430 2254 1509 2301 40.
1532 2267 1662 2315 seqq.
1683 2254 1827 2314 Atque
1847 2256 1960 2301 alias
1989 2262 2158 2310 vestes,
2178 2267 2388 2317 maurum'

1364 2332 1496 2376 pecus
1515 2318 1657 2376 ipsum
1679 2315 1868 2380 (malim
1888 2316 2009 2377 ipsa)
2029 2328 2214 2374 natura,
2234 2318 2372 2367 indo·

1364 2380 1450 2434 les,
1487 2382 1686 2444 generosi
1718 2382 1937 2443 graminis
1971 2380 2147 2445 infecit,
2181 2382 2233 2429 h.
2265 2396 2309 2429 e.
2346 2397 2377 2430 e

1364 2444 1479 2493 lana
1521 2451 1605 2492 aut
1644 2444 1816 2494 vellere
1862 2445 2095 2509 pecudum
2136 2459 2176 2495 s.
2215 2445 2376 2495 ovium

1369 2507 1706 2572 Hispanas-um,
1725 2511 1861 2573 cujus
1881 2510 2005 2558 color
2022 2508 2209 2558 nativus
2228 2525 2268 2558 s.
2288 2525 2375 2558 na·

1368 2572 1533 2621 tui-alis
1552 2580 1623 2622 est
1642 2572 1807 2622 rutilus
1827 2581 1909 2622 aut
1939 2590 2216 2640 purpureus,
2236 2589 2379 2638 quem

1370 2637 1415 2686 ei
1452 2653 1547 2685 non
1583 2652 1658 2684 ars
1697 2652 1933 2702 operaque
1972 2638 2227 2694 hominum,
2266 2655 2382 2704 pur·

1369 2716 1487 2767 pura
1509 2711 1558 2750 et
1577 2702 1745 2757 lutum,
1770 2701 1948 2758 tribuit,
1968 2702 2052 2751 sed
2085 2711 2265 2751 naturai
2295 2704 2382 2752 be·

1373 2766 1609 2822 neficium,
1643 2782 1829 2831 gramen
1863 2783 2136 2832 generosum,
2173 2782 2229 2815 ac
2294 2783 2385 2816 τω-

1373 2840 1503 2881 terea
1536 2833 1602 2880 vis
1638 2831 1812 2879 obculta
1840 2834 2007 2896 egregii
2028 2831 2195 2896 fontis,
2280 2832 2384 2879 aefis

1375 2896 1424 2944 fl.
1436 2904 1485 2945 et
1497 2898 1614 2945 aeris
1634 2897 1894 2961 temperies.
1919 2896 1995 2944 Cf.
2013 2896 2148 2960 Virg.
2166 2896 2269 2944 Ecl.
2288 2897 2386 2944 IV.

1377 2963 1457 3010 42.
1479 2976 1612 3024 seqq.
1635 2960 1763 3008 Plin.
1780 2960 1932 3009 VIII.
1948 2963 2029 3008 48.
2049 2961 2118 3008 al.
2207 2992 2210 2995 Δ

1441 3026 1522 3072 43.
1539 3034 1792 3088 argentum,
1814 3032 2037 3087 argentea
2054 3039 2185 3081 vasa,
2207 3031 2261 3073 ut
2281 3041 2387 3092 sup.

1380 3089 1425 3137 Ι.
1457 3090 1538 3137 76.
1581 3092 1755 3138 mittere
1774 3088 1824 3136 in
1844 3104 1988 3137 mare.
2030 3089 2337 3155 lancesfaetas
2357 3106 2388 3140 a

1381 3155 1642 3210 Parthenio,
1664 3168 1804 3216 quem
1836 3153 2065 3201 inclutum
2100 3153 2172 3202 vel
2200 3155 2389 3203 caelato·

1381 3233 1481 3267 rem
1504 3217 1579 3265 vel
1605 3218 1705 3267 scul
1740 3226 1886 3266 torem
1917 3217 2059 3268 fuisse
2088 3227 2272 3284 putant.
2339 3219 2391 3267 Is

1383 3290 1560 3339 tamen,
1593 3296 1657 3346 qu
1757 3282 1919 3339 sciam,
1962 3298 2115 3346 neque
2154 3298 2185 3332 a
2217 3281 2392 3338 Plinio,

1385 3360 1540 3409 neque
1561 3347 1622 3395 ab
1641 3346 1735 3395 alio
1754 3355 2066 3406 memoratum
2098 3355 2149 3394 et
2179 3347 2298 3394 dura
2321 3352 2394 3394 est

1386 3410 1564 3474 ellipsis
1582 3410 1934 3476 praepositionis.
2000 3411 2140 3459 Forte
2156 3411 2247 3472 leg.
2273 3411 2394 3456 Par-

1387 3476 1576 3522 thenioe:
1622 3490 1731 3523 nam
1765 3476 1931 3522 Samos
1959 3473 2047 3521 ins.
2082 3479 2131 3522 et
2160 3474 2271 3522 urbs
2295 3473 2395 3539 'pri-

1389 3554 1528 3591 mum,
1558 3537 1798 3603 adpellata
1827 3536 2092 3603 Παρθενίας
2138 3538 2207 3602 (v.
2240 3538 2397 3589 Strab-

1391 3603 1455 3650 X.
1474 3619 1526 3667 p.
1546 3602 1657 3650 457.
1679 3609 1729 3650 et
1746 3601 1874 3649 Plin.
1892 3603 1957 3650 V.
1975 3603 2037 3650 37
2043 3601 2085 3665 .)
2107 3609 2219 3651 nota
2237 3613 2399 3652 autem

1394 3675 1505 3715 sunt
1535 3680 1653 3714 vasa
1683 3666 1860 3714 Samia.
1891 3683 1939 3715 v.
1960 3666 2046 3716 inf.
2079 3665 2142 3717 ad
2173 3668 2315 3716 XVI.
2347 3669 2400 3718 6.

1398 3732 1574 3787 Crater,
1596 3745 1681 3778 vas
1702 3730 1947 3787 vinarium,
1966 3737 2015 3779 et
2043 3730 2231 3794 quidem
2256 3748 2403 3798 capa-

1397 3795 1516 3853 ciuS,
1536 3803 1715 3860 paterae
1735 3810 1773 3843 s.
1793 3794 1949 3860 poculi
1965 3796 2161 3846 formam
2181 3797 2402 3846 referens.

1399 3862 1478 3910 De
1508 3877 1631 3908 urna
1664 3876 1707 3909 v.
1730 3859 1791 3907 ad
1815 3861 1909 3910 VI.
1940 3863 2052 3911 426.
2114 3864 2195 3910 45.
2228 3863 2404 3910 Facete

1397 3924 1659 3990 amplitudo
1693 3926 1883 3974 crateris
1913 3925 2199 3990 designatur.
2228 3934 2404 3973 ‹tv-atem

1398 3992 1586 4054 dig-num
1619 3991 1774 4045 Pholo,
1801 3991 2055 4047 Centauro,
2086 3993 2274 4044 sitioette,
2306 3986 2406 4035 vini

1401 4053 1695 4103 avidissimo:
1731 4054 1791 4103 de
1808 4055 1943 4120 cujus
1961 4054 2153 4103 crateris
2168 4067 2247 4100 ma
2313 4051 2407 4099 itu·

1401 4119 1512 4168 dine
1525 4136 1571 4168 v.
1590 4120 1669 4167 Int
1704 4137 1752 4185 p.
1768 4120 1932 4169 Valet.
1949 4119 2025 4166 Fl.
2041 4119 2086 4165 I.
2102 4115 2214 4164 337.
2287 4130 2410 4178 eyne

1404 4185 1466 4233 ad
1499 4135 1720 4248 Apollog.
1745 4185 1819 4231 ΙΙ.
1838 4187 1886 4231 5.
1910 4186 1957 4231 4.
1987 4198 2037 4245 p.
2056 4180 2329 4227 350-4360.
2362 4187 2411 4228 et

1408 4248 1469 4299 ad
1481 4248 1616 4311 Virg.
1628 4249 1721 4297 Ge.
1734 4248 1806 4295 11.
1818 4249 1929 4295 455.
1946 4259 1996 4293 se
2034 4245 2248 4306 meninge
2257 4239 2407 4301 Fusci,

1409 4328 1516 4374 quae
1536 4311 1718 4362 ebriosa
1737 4310 1855 4368 suit3
1889 4309 1979 4357 Sch
2050 4300 2058 4306 ’
2081 4304 2287 4362 Quidam
2309 4324 2412 4358 sus·
