2978 4920
578 312 683 374 ‘xx
1185 304 1322 371 ‘DE
1366 302 1684 373 s'Arlms
1730 297 2098 382 uo'RATn,

580 468 764 553 ἰωὴ,
791 482 1040 560 pudoris,
1068 474 1486 558 magnieidinis
1502 481 1718 553 mimi,
1745 481 2100 555 aliarumque
2122 463 2696 558 virtutum'pristins-

598 578 755 646 r'um,
776 580 989 653 quibus
1014 596 1122 637 nec
1144 579 1325 635 bonor
1352 596 1460 637 nec
1485 579 1731 655 pretium
1756 586 1884 636 erat
1908 578 2115 646 ullum,
2141 578 2234 635 vel
2258 587 2452 636 metus
2475 579 2693 655 legum,

598 671 887 733 libertatis
914 682 1089 749 atque
1114 673 1425 749 religionis,
1451 673 1896 747 relinquebatur,
1925 682 1986 729 et
2022 674 2296 749 vigebant
2334 674 2535 733 omnia
2555 674 2694 755 viti-

602 787 773 828 orum
796 788 1029 846 genera,
1055 788 1161 827 nec
1186 771 1377 828 minus
1400 779 1676 848 prorupta
1700 770 1946 827 audacia
1982 769 2326 845 deorumque
2351 780 2699 841 contemtus,

516 890 521 893 ·
604 885 781 941 quam
808 867 1011 925 servile
1034 868 1367 941 obsequium
1409 876 1471 926 et
1511 868 1684 927 anilis
1724 868 2071 944 superstitio.
2155 865 2416 939 Honores
2441 886 2559 924 non
2580 869 2697 925 vir·

606 958 831 1020 tutibus
856 964 1188 1037 meritisque
1212 965 1512 1040 patebant,
1540 952 1643 1022 sed
1667 963 1759 1022 vel
1785 963 1999 1021 divitiis
2023 973 2082 1021 et
2119 944 2424 1034 nobilitati,
2444 964 2536 1022 vel
2579 982 2698 1021 sor-

602 1058 778 1117 dibus
803 1052 1132 1135 artibusque
1158 1059 1498 1118 inhonestis.
1582 1059 1636 1116 A
1664 1059 1868 1117 studiis
1895 1061 2268 1118 severioribus
2293 1059 2465 1136 plane
2492 1060 2698 1118 abhor-

604 1157 817 1215 rebant
838 1156 1134 1214 hominum
1160 1156 1412 1232 ingenia,
1439 1175 1616 1231 quum
1657 1142 1892 1214 luxuria
1916 1165 2091 1230 atque
2127 1154 2406 1235 libidines
2431 1174 2550 1217 non
2575 1173 2699 1214 cor-

606 1252 771 1328 poris·
796 1261 1049 1321 tantum,
1077 1252 1179 1310 sed
1204 1252 1383 1310 animi
1423 1253 1601 1309 etiam
1640 1252 1789 1309 vires
1827 1253 2194 1328 vigoremque
2218 1268 2450 1310 omnem
2474 1253 2699 1309 exstin-

613 1356 870 1420 guerent.
951 1345 1070 1413 Qui
1095 1348 1554 1425 pbilosophorum
1578 1366 1785 1405 nomen
1827 1356 1887 1405 et
1926 1366 2143 1405 munus
2184 1347 2622 1424 profitebantur,
2651 1350 2703 1406 si

616 1443 900 1503 Senecam
926 1453 986 1504 et
1012 1436 1354 1515 Cornutum,
1385 1444 1631 1513 Stoicos,
1674 1445 1928 1523 aliosque
1956 1443 2266 1502 admodum
2292 1463 2509 1521 paucos
2535 1463 2705 1503 exce-

612 1541 784 1615 peris,
824 1540 914 1597 vel
954 1530 1319 1616 voluptatum
1362 1540 1663 1597 inlecebris
1705 1541 1861 1616 capti
1902 1539 2183 1617 Aristippi
2222 1550 2294 1621 et·
2325 1522 2588 1622 Epicuri,
2613 1541 2707 1598 vel

614 1632 953 1735 disputandi
978 1643 1209 1692 tantum
1234 1634 1550 1712 cupiditate
1577 1634 1736 1691 ducti
1772 1633 2104 1693 Academiae
2128 1635 2490 1713 disciplinam
2516 1646 2707 1695 secta·

586 1724 861 1813 bantur,
873 1725 964 1790 vel
991 1729 1116 1788 sola
1139 1748 1306 1788 vanae
1333 1731 1738 1787 ostentationis
1763 1749 1944 1789 causa
1987 1728 2308 1788 Stoicorum
2333 1742 2624 1808 praecepta
2649 1744 2710 1789 et

584 1818 979 1927 gravitatem,
1007 1845 1123 1884 non
1146 1829 1269 1884 vita
1293 1835 1353 1884 et
1378 1826 1649 1898 moribus,
1676 1828 1778 1886 sed
1802 1829 2010 1897 verbis,
2038 1820 2238 1896 barba,
2261 1826 2582 1905 supercilio,
2610 1848 2707 1887 ve-

616 1917 763 1984 st'itu
786 1918 847 1981 et
871 1926 1060 1982 victus
1084 1925 1397 2000 asperitate
1416 1908 1837 2000 exprimebant,
1855 1924 1945 1981 vel
1967 1902 2213 1998 denique
2238 1923 2384 1982 nulli
2408 1934 2584 1981 sectae
2603 1923 2709 1982 ad-

616 2021 782 2089 dicti,
834 2039 1007 2099 apum
1053 2022 1256 2092 instar,
1298 2039 1429 2096 quae
1482 2022 1804 2080 adriderent
1844 2023 2095 2097 undique
2138 2022 2489 2079 delibabant.
2573 2021 2710 2080 Elo-

618 2118 875 2193 quentia,
890 2118 1157 2176 libertate
1179 2121 1426 2196 primum
1451 2128 1512 2176 et
1540 2103 1742 2177 deinde
1768 2121 2014 2178 comitiis
2039 2119 2235 2197 populi
2259 2137 2301 2199 a
2324 2117 2550 2176 Tiberio
2571 2119 2708 2176 sub-

589 2284 593 2289 «
619 2217 779 2286 latis,
805 2217 1161 2292 mutatisque
1200 2216 1448 2303 moribus
1476 2235 1547 2273 ac
1589 2216 1816 2286 studiis,
1845 2236 1882 2273 a
1906 2216 2123 2273 lumine
2162 2214 2391 2285 forensi,
2418 2226 2479 2273 et
2503 2235 2713 2274 causa-

586 2382 591 2385 *
619 2333 748 2371 rum
774 2323 895 2371 tam
920 2315 1162 2372 veritate
1202 2332 1380 2398 quam
1405 2315 1711 2388 gravitate,
1740 2312 1817 2370 ad
1847 2313 2075 2387 judicia
2100 2314 2606 2383 centumvirorum,
2634 2315 2712 2374 ad

620 2409 969 2468 adulatorios
985 2410 1360 2486 panegyricos
1380 2410 1442 2466 in
1466 2418 1674 2467 senatu
1697 2408 2015 2478 habendos,
2042 2419 2101 2467 et
2128 2407 2203 2467 ad
2229 2409 2555 2467 scholarum
2581 2428 2711 2468 um·

620 2506 785 2563 bram
807 2503 1183 2579 fictarumque
1208 2522 1515 2562 causarum
1540 2486 1830 2563 similacra
1859 2505 2283 2573 traducebatur,
2315 2515 2375 2562 et
2416 2507 2499 2563 sic
2526 2507 2714 2565 omnis

625 2591 808 2659 oratio
836 2619 873 2657 a
906 2593 1158 2658 naturali
1180 2599 1580 2677 pulcritudine
1622 2619 1692 2659 ac
1731 2582 1999 2669 veritate,
2027 2618 2066 2656 a
2104 2581 2495 2682 simplicitate,
2523 2604 2713 2677 gravi·
2817 2623 2818 2626 ¹

624 2706 747 2755 tate
773 2706 833 2762 et
856 2697 1231 2766 sublimitate,
1252 2696 1336 2753 ad
1374 2688 1664 2753 rhetorum
1705 2694 1945 2752 subtiles
1972 2696 2231 2770 argutias
2256 2705 2316 2752 et
2340 2696 2614 2782 puerilem
2654 2697 2716 2754 in

588 2775 594 2788 ¹
622 2791 863 2849 dicendo
887 2800 1175 2860 ornatum,
1204 2789 1281 2847 ad
1321 2781 1633 2864 quaesitam
1672 2790 1985 2864 quamdam
2026 2789 2377 2878 elegantiam
2417 2800 2476 2848 et
2515 2792 2716 2849 verbo-

624 2897 751 2942 'rum
775 2885 1081 2953 luxuriem,
1106 2885 1302 2940 robore
1327 2886 1628 2959 nervisque
1668 2877 2028 2954 destitutam,
2055 2884 2130 2943 ad
2169 2886 2399 2944 inanem
2441 2869 2719 2944 doctrinae

625 2981 1069 3039 ostentationem
1097 2978 1652 3055 adfectationemque
1679 2983 1821 3039 artis
1861 2980 2219 3040 deflectebat.
2307 2979 2548 3042 Poetica
2589 3004 2716 3042 ora-

626 3078 727 3148 tio,
752 3078 842 3134 vis
881 3086 942 3135 et
981 3075 1231 3135 facultas
1255 3095 1296 3134 a
1324 3085 1557 3148 natura,
1584 3077 1823 3169 ingenio
1854 3088 2123 3166 rectoque
2154 3077 2397 3152 judicio,
2426 3099 2465 3137 a
2503 3068 2718 3155 quibas

627 3182 754 3230 tota
774 3172 1006 3249 pendet,
1033 3172 1110 3230 ad
1134 3181 1319 3230 artem
1344 3181 1404 3230 et
1442 3183 1751 3249 praecepta,
1778 3191 1911 3261 quse
1941 3174 2066 3262 sine
2104 3174 2219 3230 illis
2259 3192 2470 3250 parum
2494 3174 2716 3246 valent,

627 3286 877 3343 quaeque
902 3267 1137 3326 sensum
1158 3260 1357 3325 verum
1383 3286 1454 3325 ac
1479 3268 1802 3345 pulcrum,
1797 3288 1990 3328 acrem
2017 3278 2077 3326 et
2120 3278 2387 3331 acutum,
2409 3268 2561 3327 alere
2587 3271 2720 3345 qui-

629 3363 762 3423 dem
791 3372 851 3420 et
891 3358 1118 3440 regere,
1147 3379 1261 3420 non
1300 3381 1433 3420 vero
1459 3363 1523 3419 in
1548 3362 1683 3435 illis,
1708 3353 1940 3439 quibus
1946 3356 1985 3422 a
2024 3373 2236 3421 natura
2260 3364 2583 3439 denegatus
2601 3376 2721 3436 est,

630 3460 863 3536 gignere
887 3467 947 3517 et
988 3458 1241 3516 excitare
1267 3466 1530 3535 possunt,
1562 3460 1693 3533 jam
1722 3469 1973 3519 exeunte
1991 3447 2230 3518 s'oeculo
2274 3458 2581 3534 Augusteo
2620 3461 2721 3520 de-

597 3556 923 3648 {vertebam
967 3566 1028 3613 et
1067 3554 1276 3613 exinde
1317 3555 1511 3631 magis
1550 3573 1706 3613 vana
1751 3557 2067 3615 eruditione
2109 3565 2285 3648 atque
2326 3541 2586 3616 Asiatico
2627 3566 2723 3615 tu·

631 3669 792 3709 more
815 3652 906 3709 vel
938 3653 1272 3726 jejunitate,
1301 3661 1544 3710 ornatus
1582 3640 1882 3712 verborum
1924 3639 2336 3742 phrasiumque
2378 3652 2625 3729 aucupio
2665 3665 2727 3713 et

631 3748 968 3817 variatione,
990 3748 1180 3805 servili
1200 3746 1528 3806 imitatione
1555 3748 1800 3807 aliorum
1825 3758 1886 3807 et
1904 3747 2112 3825 frigida
2133 3748 2413 3807 sermonis
2438 3749 2726 3834 ubertate,

635 3842 1042 3901 transitionum
1065 3842 1314 3901 audacia
1333 3852 1393 3899 et
1412 3840 1801 3903 inversionum
1830 3837 2057 3913 duritie,
2077 3835 2380 3902 dialectico
2404 3845 2725 3932 sententia-

634 3960 766 3999 rum
793 3937 1086 4008 acumine,
1113 3957 1420 4014 rerumque
1445 3942 1823 4010 obscuritate,
1852 3951 1913 4000 et
1952 3942 2401 4019 amplificatione
2422 3960 2724 4019 compara·

634 4040 882 4105 tionum,
909 4033 1224 4110 figurarum
1255 4043 1660 4114 troporumque
1688 4028 2064 4098 multitudine
2089 4049 2148 4099 et
2173 4040 2499 4110 insolentia,
2525 4041 2725 4098 verbo-

637 4154 770 4212 rum
812 4133 899 4191 vel
942 4133 1314 4208 antiquorum
1356 4124 1881 4232 obsoletorumque
1896 4125 2233 4205 sectatione,
2260 4136 2351 4193 vel
2391 4135 2723 4226 vulgarium

599 4310 603 4315 .
632 4222 905 4310 perplexa
929 4238 1242 4298 structura,
1249 4225 1718 4291 declamatoria
1706 4234 1965 4292 vanitate
1990 4225 2048 4292 et
2073 4221 2309 4312 prolixis
2334 4233 2459 4290 sine
2484 4249 2628 4319 suco
2655 4248 2725 4287 ac

633 4325 919 4406 sanguine
963 4323 1471 4406 disputationibus,
1521 4347 1701 4406 quam
1745 4340 1973 4391 naturae
2013 4330 2387 4411 simplicitate
2428 4348 2508 4388 ac
2541 4345 2723 4388 venu-
