2978 4920
1035 256 1483 363 SATIRA
1544 299 1617 361 v.

366 470 495 534 Sed
524 482 702 535 tener
730 483 795 534 et
824 470 1046 534 niveus
1076 469 1380 556 mollique
1411 469 1660 555 siligine
1688 469 1899 537 factus

2282 476 2366 542 70

370 571 674 634 Servatur
693 569 976 651 domino.
1022 570 1314 634 dextram
1345 570 1636 634 cohibere
1658 585 1989 637 memento.

369 672 559 736 Salva
587 671 668 736 sit
698 684 967 758 artoptae
995 673 1364 736 reverentia.

1455 673 1662 758 Finge
1685 686 1894 739 tamen
1924 687 1990 740 te

368 775 816 860 Inprobulum‚
848 787 1132 861 superest
1161 775 1312 853 illic,
1342 775 1456 861 qui
1486 799 1719 863 ponere
1747 792 1951 864 cogat.

367 874 475 938 Vis
506 887 581 939 tu
611 875 925 940 consuetis
954 875 1165 940 audax
1196 877 1463 940 conviva
1491 876 1778 941 canistris

368 974 631 1061 Inpleri,
662 976 971 1062 panisque
1001 976 1098 1040 tui
1129 976 1374 1041 novisse
1404 976 1720 1040 colorem?

2279 982 2360 1047 75

365 1075 617 1140 Scilicet
646 1077 766 1140 hoc
795 1076 1028 1153 fuerat,
1058 1088 1320 1162 propter
1349 1076 1550 1162 quod,
1583 1100 1748 1164 saepe
1777 1077 1997 1143 relicta

362 1177 676 1263 Conjuge,
706 1201 820 1264 per
848 1188 1124 1240 montem
1154 1177 1491 1240 adversum
1518 1177 1889 1264 gelidasque
1918 1182 2168 1243 cucurri

357 1276 705 1360 Esquilias,
735 1277 1029 1341 fremeret
1054 1299 1220 1339 saeva
1248 1299 1451 1362 quum
1480 1276 1786 1362 grandine
1808 1301 2039 1343 vernus

357 1376 643 1462 Jupiter,
667 1388 731 1440 et
761 1377 966 1441 multo
997 1376 1260 1440 stillaret
1290 1377 1547 1463 paenula
1574 1378 1818 1441 nimbo!

353 1477 662 1563 Adspice,
693 1500 888 1564 quam
917 1477 1107 1563 longo
1136 1477 1452 1541 distendat
1484 1489 1740 1564 pectore
1769 1478 2034 1558 lancem,

2268 1486 2354 1547 80

337 1580 519 1657 Ωιιω
549 1580 756 1645 fertur
784 1580 1063 1657 domine,
1097 1580 1351 1666 squilla,
1382 1593 1447 1644 et
1475 1581 1714 1666 quibus
1745 1582 2029 1668 undique
2060 1597 2239 1670 septa

271 1777 520 1826 novissimi
542 1781 589 1826 in
614 1785 832 1828 extrema
851 1794 975 1841 gena
998 1793 1035 1826 s.
1058 1781 1272 1840 gingiva,

268 1845 520 1909 agan-3215,
545 1846 887 1912 σωφρονιστῆρα.
929 1846 1005 1892 Cf.
1027 1846 1150 1891 Ptin.
1175 1843 1292 1890 XI.

268 1907 344 1954 37.
364 1923 402 1953 s.
426 1910 506 1955 63.

328 1973 404 2020 70.
427 1974 581 2034 siligo
597 1975 993 2021 candidissimum
1019 1974 1165 2020 tritici
1187 1986 1271 2032 ge-

267 2049 373 2093 nus,
394 2046 444 2083 et
466 2039 572 2084 sine
590 2041 813 2098 pondere,
838 2036 988 2101 (unde
1004 2039 1051 2084 h.
1071 2038 1106 2082 1.
1119 2035 1267 2098 molli)

266 2113 322 2146 ex
337 2105 435 2161 quo
452 2104 748 2149 lautissimus
759 2104 1099 2149 conficiebatur
1111 2103 1267 2161 panis,

264 2165 522 2225 siligineus,
535 2181 678 2225 quem
694 2167 861 2226 plebeio
877 2168 1075 2224 obponit
1089 2167 1268 2212 Seneca

261 2229 351 2289 Ep.
392 2230 503 2278 119.
538 2236 776 2287 memento,
808 2229 1017 2290 μίμνησο,
1048 2230 1266 2284 cohibere,

209 2294 212 2297 ’
263 2306 348 2352 pro
380 2295 553 2341 cobibe
576 2295 679 2347 (sed
711 2291 893 2354 majore
925 2309 1038 2340 cum
1064 2292 1134 2354 vi)
1156 2293 1267 2338 des-

263 2362 404 2414 tram,
427 2371 646 2410 manum.
669 2372 698 2403 a
731 2359 816 2403 tali
848 2373 991 2417 pane,
1013 2372 1129 2404 cave
1151 2371 1265 2404 eum

260 2427 433 2482 tangas
446 2429 532 2467 aut
546 2432 727 2470 sumaS.
739 2422 909 2469 Cf.v1.
922 2420 1079 2470 572.et
1095 2421 1267 2470 lx.93.

261 2521 264 2524 2
327 2486 356 2532 7
360 2488 406 2533 2.
429 2491 621 2546 artoptoe
638 2488 735 2540 alii,
752 2487 834 2531 alii
857 2488 1059 2545 artocopi
1079 2488 1265 2545 legunt,

258 2556 306 2594 et
318 2551 409 2596 has
424 2564 565 2596 voces
577 2552 704 2596 varie
719 2553 1094 2609 interpretantur
1106 2563 1123 2601 ς
1149 2564 1268 2595 non-

264 2615 382 2659 nulli
418 2616 669 2674 pistorem‚
693 2616 797 2675 (qui
831 2615 917 2660 Gr.
952 2612 1197 2678 tiemonis-05
1218 2622 1267 2660 et

260 2675 491 2742 dedra-ng
529 2680 706 2725 dicitur
747 2682 809 2725 ab
844 2678 975 2744 dgr-05
1018 2686 1067 2724 et
1109 2678 1266 2725 nire-u

262 2744 425 2789 scindo
448 2758 487 2789 s.
512 2746 684 2801 tundo,
705 2749 755 2789 et
788 2742 962 2797 ὅπάυ,
988 2749 1163 2799 torreo,
1182 2758 1262 2789 co·

260 2803 373 2867 quo)
396 2809 478 2854 alii
500 2808 878 2867 dispensatorem
897 2810 971 2855 vel
994 2809 1266 2853 observato·

262 2882 359 2915 rem
394 2880 442 2917 et
474 2874 723 2918 custodem
756 2874 914 2932 panis,
946 2879 1001 2918 ut
1031 2870 1261 2937 ἐμίγη-ης

262 2934 417 2980 dictus
449 2938 513 2981 sit
545 2938 606 2981 ab
636 2934 852 2997 ἔντομα,
885 2945 940 2983 ut
968 2935 1178 2990 aavo‘aemte
1211 2947 1260 2983 et

261 2996 486 3054 ‚fuir-rm
521 3001 602 3045 alii
625 3014 838 3056 servum,
860 3003 944 3060 qui
976 3015 1149 3060 panem
1184 3014 1259 3048 se-

259 3067 438 3119 cueritg
475 3062 762 3129 (devenires,
795 3064 972 3112 mim-m
1004 3065 1076 3111 *ὃν
1109 3064 1258 3130 ἔργον)

264 3127 339 3171 alii
371 3142 545 3187 panem
581 3130 875 3189 siligineum,
911 3133 1066 3175 multo
1099 3133 1260 3176 labore

263 3188 423 3255 (αὔην)
462 3195 770 3253 confectum3
806 3194 994 3242 Ferrar.
1017 3195 1170 3241 Elect.
1195 3195 1259 3240 Ιῐ.

266 3255 337 3303 10.
368 3272 542 3318 panem
582 3264 796 3303 assatum
829 3272 870 3304 s.
903 3259 1256 3312 escharitidem,

265 3331 351 3365 non
377 3322 523 3380 male,
530 3319 697 3383 judice
718 3323 864 3369 etiam
890 3321 1155 3378 Henninio,
1172 3337 1257 3369 cu-

259 3378 342 3442 jus
357 3387 468 3433 nota
488 3398 591 3434 ests
618 3391 649 3413 ‘⁶
666 3388 808 3433 Panis
832 3387 1052 3433 nonnihil
1072 3396 1258 3437 assatus

264 3448 568 3511 intelligatur,
582 3463 726 3510 quem
748 3454 904 3512 Belgae
914 3456 1104 3512 geraspt
1115 3453 1261 3497 witte-

264 3511 388 3559 broad
400 3517 659 3575 adpellant,
673 3516 704 3562 i.
717 3530 759 3562 e.
780 3530 927 3576 panes
948 3515 1158 3562 triticeos
1181 3529 1256 3561 raa

264 3588 338 3621 sos
353 3580 399 3625 in
422 3581 596 3626 crustis
618 3581 950 3637 exterioribus,
970 3579 1054 3638 qui
1076 3581 1252 3626 beatio-

265 3640 386 3688 ribus
407 3644 453 3689 ln
472 3644 655 3690 deliciis
673 3654 817 3699 sunt3
853 3652 905 3690 ut
923 3650 1063 3703 poeta
1079 3646 1255 3703 parasi-

264 3709 382 3763 tum,
393 3709 593 3754 mirifice
610 3709 944 3769 indignitatem
963 3709 1033 3756 rei
1054 3722 1257 3768 exagge-

264 3780 383 3824 rans,
402 3779 616 3830 moneat,
637 3775 936 3819 reverentiam
959 3774 1140 3830 deberi,
1161 3776 1195 3820 i.
1212 3787 1255 3820 e.

264 3832 592 3883 abstinendum
615 3851 737 3893 esse,
758 3846 1004 3896 tamquam
1028 3850 1079 3882 re
1101 3850 1252 3892 sacra,

265 3907 379 3952 pane
400 3902 541 3960 regis,
569 3908 750 3957 tenero,
771 3902 910 3947 niveo
930 3909 980 3946 et
1003 3902 1132 3947 molli
1155 3903 1255 3947 sili-

261 3961 365 4018 gine
378 3965 519 4024 facto,
532 3973 581 4010 et
597 3966 755 4025 potius
767 3967 1061 4012 comedenda
1072 3966 1252 4012 mucida

261 4024 404 4072 solidoe
411 4029 594 4089 firinoe
600 4029 782 4091 frusta,
797 4033 829 4076 i.
840 4044 884 4078 e.
895 4042 1069 4089 panem
1089 4037 1250 4076 atrum

263 4093 308 4131 et
329 4091 659 4140 secundarium
678 4108 740 4140 ex
761 4095 975 4141 canistris
990 4093 1254 4142 consuetis?

268 4150 337 4198 Cf.
371 4157 531 4217 Intpp.
565 4158 687 4204 Plin.
720 4159 867 4206 XIX.
905 4158 979 4205 11.
1014 4165 1063 4204 et
1096 4157 1254 4205 Plaut-

265 4217 418 4266 Aulul.
439 4223 505 4268 11.
524 4225 569 4271 9.
587 4223 633 4269 4.’
655 4223 800 4270 Salva
820 4224 901 4283 sit,
917 4237 1015 4269 non
1034 4224 1253 4269 violetur.

254 4279 395 4343 finge,
424 4288 517 4346 fac,
540 4301 684 4348 pone,
717 4292 761 4335 te
796 4286 1108 4349 inp-obulum,
1137 4289 1255 4334 satis

1337 1783 1570 1828 audacem
1609 1795 1731 1841 esse,
1766 1791 1822 1829 ut
1860 1797 2038 1844 panem
2072 1787 2347 1848 siligineum

1338 1857 1523 1903 sumas,
1551 1848 1626 1892 vel
1651 1849 1829 1907 rapias.

1406 1909 1485 1958 74.
1503 1911 1580 1958 75.
1606 1911 1768 1957 Verba
1780 1920 1896 1958 sunt
1911 1915 2089 1960 servuli
2102 1916 2347 1974 dispensa-

1335 1976 1451 2021 toris
1472 1977 1535 2021 ad
1567 1975 1816 2035 clientem,
1841 1976 1986 2039 hujus
2019 1980 2341 2028 temeritatem

1335 2040 1640 2098 increpantis.
1699 2040 1903 2089 76-79.
1927 2044 2086 2090 Verba
2104 2057 2188 2090 seu
2210 2048 2342 2106 cogi-

1334 2111 1434 2151 tata
1449 2104 1658 2160 clientis,
1670 2104 1965 2164 indignantis
1982 2114 2030 2152 et
2046 2121 2341 2167 conqueren-

1332 2170 1409 2222 tis.
1426 2183 1476 2214 se
1500 2180 1587 2226 pro
1603 2175 1675 2213 tot
1697 2170 1864 2214 officiis
1886 2179 2088 2229 patrono
2110 2175 2341 2232 praestitis

1331 2239 1431 2277 tam
1467 2233 1666 2291 indigne
1700 2236 1906 2279 tractari.
1962 2236 2162 2293 Scilicet,
2197 2252 2241 2283 v.
2275 2240 2355 2284 ad-

1332 2297 1399 2342 11.
1429 2296 1535 2343 122.
1572 2296 1655 2341 hoc
1675 2299 1930 2356 praemium
1965 2306 2036 2345 tot
2068 2302 2338 2348 incommo-

1329 2362 1501 2406 dorum
1546 2361 1880 2420 laborumque,
1924 2363 2029 2409 haec
2081 2366 2338 2413 inhonesta

1330 2426 1566 2471 tractatio.
1609 2426 1769 2470 relicta
1798 2427 1988 2488 conjuge
2019 2429 2069 2474 in
2102 2430 2246 2488 lecte,
2282 2436 2337 2477 ut

1330 2502 1475 2534 mane
1496 2491 1753 2535 salutarem
1774 2499 2032 2548 patronum
2053 2495 2217 2552 procul
2246 2496 2335 2541 ha-

1333 2554 1584 2598 bitantem.
1629 2557 1827 2599 montem
1857 2559 1902 2599 et
1932 2556 2187 2613 Esquilias,
2218 2559 2267 2603 h.
2290 2572 2335 2606 e.

1331 2623 1550 2661 montem
1582 2630 1625 2662 s.
1653 2617 1824 2661 collem
1854 2617 2175 2676 Esquilinum.
2213 2624 2337 2680 geli·

1329 2680 1431 2731 das,
1456 2687 1602 2725 vento
1627 2681 1875 2738 obnoxias,
1899 2684 1975 2727 vel
2006 2684 2164 2741 gelida
2186 2697 2227 2731 s.
2249 2686 2334 2731 fri-

1326 2746 1440 2805 gida
1484 2750 1786 2803 tempestate.
1871 2745 1947 2791 79.
1968 2746 2195 2805 -Jupiter,
2233 2748 2333 2803 οόν.

1328 2822 1526 2854 vernus.-
1563 2821 1675 2853 nam
1709 2816 1812 2854 toto
1844 2810 1969 2855 veris
2001 2818 2218 2870 tempore
2250 2813 2333 2860 aet

1326 2874 1574 2918 mutabilis
1596 2886 1653 2917 ac
1674 2886 1802 2932 saepe
1823 2874 2016 2932 pluvius
2038 2881 2126 2919 est.
2182 2876 2328 2923 Tem-

1324 2944 1534 2995 pestates
1566 2951 1758 2996 quoque
1781 2938 1829 2982 in
1857 2938 1997 2985 Italia
2029 2940 2331 2999 frequentius

1321 3001 1557 3061 ingruunt
1579 3003 1668 3046 sub
1690 3004 1940 3047 auctumni
1959 3004 2152 3049 initium
2174 3013 2223 3051 et
2246 3021 2328 3053 vc-

1323 3066 1389 3111 ris
1428 3067 1634 3111 exitum.
1664 3078 1709 3111 v.
1743 3067 1803 3111 ad
1830 3065 1922 3113 IV.
1956 3066 2036 3115 87.
2071 3069 2244 3129 Heyne
2276 3080 2326 3120 et

1324 3129 1468 3175 Voss.
1480 3130 1541 3174 ad
1559 3129 1693 3189 Virg.
1707 3130 1792 3174 Ge.
1812 3131 1850 3175 1.
1863 3130 1973 3176 311.
1989 3145 2090 3192 seq.
2102 3141 2150 3178 et
2166 3135 2325 3182 Bentl.

1323 3195 1384 3239 ad
1410 3195 1533 3240 Hor.
1556 3194 1649 3240 od.
1671 3192 1758 3240 Iv.
1786 3194 1834 3241 4.
1861 3195 1907 3242 7.
1933 3197 2158 3256 Jupptter
2181 3200 2325 3259 vulgo

1322 3269 1572 3317 perperam
1595 3260 1849 3307 scribitur=
1885 3274 1998 3305 nam
2024 3274 2117 3306 vox
2138 3259 2326 3321 Jupiter

1320 3329 1566 3370 eontracta
1610 3336 1670 3368 ex
1711 3323 1848 3368 «Iovis
1878 3328 2033 3383 pater,
2072 3326 2326 3386 primaque

1320 3384 1426 3448 ejus
1446 3386 1552 3446 syll.
1576 3387 1733 3431 ubivis
1753 3388 2047 3445 producitur.

1384 3451 1462 3496 80.
1498 3450 1712 3509 Adspice,
1736 3465 1783 3498 v.
1815 3453 1879 3497 ad
1901 3465 1948 3496 v.
1981 3451 2059 3497 67.
2098 3452 2326 3499 distendat

1316 3516 1487 3561 lancem
1505 3516 1642 3560 docte
1658 3528 1763 3572 pro,
1782 3515 2099 3568 distendatur,
2113 3517 2323 3576 porrige.

1319 3588 1400 3626 tur
1422 3579 1469 3622 in
1495 3580 1646 3631 lance,
1667 3577 1752 3641 (cf.
1777 3580 1944 3623 HeinS.
1962 3579 2026 3622 ad
2043 3578 2183 3624 Ovid.
2205 3582 2322 3628 Met.

1322 3644 1409 3691 IV.
1430 3642 1565 3698 457.)
1586 3645 1661 3689 vel
1683 3643 1882 3701 repleat,
1905 3642 2095 3700 expleat
2117 3644 2326 3695 lancem.

1324 3723 1369 3754 v.
1395 3708 1565 3767 Heyne
1587 3710 1647 3753 ad
1674 3706 1812 3766 Virg.
1835 3707 1921 3751 Ge.
1947 3707 2032 3752 lv.
2060 3706 2166 3753 164.
2188 3716 2238 3755 et
2259 3712 2323 3757 ad

1321 3772 1500 3817 Tibull.
1527 3771 1594 3818 11.
1613 3771 1661 3818 5.
1683 3770 1762 3816 84.
1818 3771 2112 3831 Designatur
2134 3775 2321 3840 magnif

1321 3837 1440 3882 tudo
1470 3842 1520 3879 et
1549 3836 1737 3894 squillae
1768 3841 1818 3880 et
1851 3836 2019 3891 lancis,
2040 3837 2122 3881 cui
2151 3839 2324 3898 exigua

1312 3900 1488 3959 patella
1509 3913 1554 3945 v.
1573 3899 1639 3945 85
1654 3901 1941 3959 obponitur.
1968 3900 2171 3956 domino,
2192 3916 2239 3949 v.
2260 3903 2320 3948 ad

1318 3966 1360 4010 1.
1388 3963 1498 4009 136.
1543 3964 1740 4023 Squilla,
1774 3965 2067 4020 concharum
2101 3967 2321 4011 vel-can·

1315 4042 1506 4076 crorum
1541 4042 1710 4089 genus,
1735 4041 1821 4074 nec
1848 4035 2009 4074 tamen
2043 4042 2238 4088 parvus,
2271 4030 2324 4074 ni

1314 4094 1474 4149 fallor,
1492 4093 1571 4138 ille
1595 4094 1756 4152 pisciS‚
1770 4093 1853 4151 qui
1871 4093 2053 4138 Graecis
2073 4089 2321 4158 «inveniens

1319 4158 1396 4204 vel
1431 4155 1686 4224 rummiens,
1720 4153 2004 4217 τιννοφῦλιξ,
2028 4154 2241 4221 καρκίνων
2273 4163 2322 4201 et

1319 4218 1979 4334 H‘ii‘isfissssfflrffiinqiss
1993 4220 2324 4331 {siffis
