2978 4920
580 291 710 353 112

1287 279 1949 347 JUVENALIS

663 442 986 538 Postibus,
1013 468 1074 521 et
1107 454 1330 523 densos
1357 477 1471 541 per
1500 452 1719 518 limina
1748 453 1935 519 tende
1965 452 2315 538 corymbos.

661 563 848 625 Unus
881 561 1156 624 Iberinae
1179 559 1276 621 vir
1305 558 1559 622 subficit
1583 561 1609 620 Ρ
1652 557 1856 620 Ocius
1883 556 2049 620 illud

661 661 1118 748 ExtorquebiS‚
1142 672 1217 724 ut
1246 659 1383 724 haec
1410 658 1597 747 oculo
1625 670 1921 724 contenta
1949 658 2032 723 sit
2048 680 2208 721 .uno.

664 767 909 851 Magna
937 778 1148 830 tamen
1174 763 1345 828 fama
1372 776 1466 828 est
1498 762 1828 849 cujusdam
1857 784 2004 827 rure
2033 772 2297 847 paterno

1059 866 1248 929 Vivat
1279 864 1527 941 Gabiis,
1558 874 1633 927 ut
1656 862 1912 950 vixitjin
1932 886 2137 949 ragro;

665 864 968 931 Viventis,

2573 760 2661 820 55

666 967 856 1033 Vivat
887 967 1182 1031 Fidenis!
1230 968 1322 1030 Et
1349 965 1556 1052 agello
1583 965 1738 1030 cedo
1760 978 2024 1051 paterno
2042 991 2061 1030 ε

667 1069 829 1146 Quis
857 1080 1068 1133 tamen
1096 1067 1413 1144 adfirmat,
1445 1066 1536 1130 nil
1564 1078 1779 1131 actum
1806 1065 1874 1128 in
1902 1066 2249 1144 montibus,
2278 1077 2395 1129 aut
2425 1064 2496 1128 in
2562 1120 2567 1127 .

673 1168 1045 1254 Speluncis?
1090 1168 1250 1234 adeo
1277 1178 1623 1235 senuerunt
1654 1168 1698 1228 J
1704 1165 2006 1257 upitqerret
2038 1167 2264 1232 Mars?

759 1270 1197 1336 Porticibusne
1226 1270 1346 1334 tibi
1369 1262 1757 1333 monstratur
1785 1269 2021 1333 femina
2048 1281 2200 1332 voto

2580 1263 2665 1328 60

674 1377 891 1461 Digna
921 1388 1034 1440 tuo
1053 1379 1089 1461 Ρ,
1125 1374 1339 1438 cuneis
1367 1397 1446 1439 an
1476 1373 1713 1448 habent
1744 1373 2100 1459 spectacula
2128 1371 2278 1437 totis

589 1545 712 1595 talis
722 1545 785 1590 sit
806 1545 898 1590 aevi
922 1543 1073 1589 nostri
1094 1542 1319 1589 conditio.
1367 1545 1459 1589 Per
1473 1543 1597 1590 ludi..

591 1611 751 1656 brium
793 1610 898 1653 haec
936 1608 1082 1653 dicta.
1164 1606 1224 1651 ln
1263 1609 1464 1664 nuptiis
1484 1620 1599 1653 vero

592 1675 793 1733 aliisque
816 1672 1110 1723 solennibus,
1135 1676 1184 1715 et
1214 1671 1266 1714 in
1302 1672 1475 1719 laetitia
1495 1677 1596 1718 tam

593 1739 785 1797 publica
797 1749 944 1796 quam
957 1735 1159 1794 privata,
1175 1734 1299 1780 fores
1314 1737 1600 1794 templorum

594 1810 644 1848 et
656 1803 836 1847 aedium
854 1800 1013 1845 ornari
1031 1800 1246 1844 solebant
1263 1800 1437 1845 coronis
1452 1813 1491 1843 s.
1507 1812 1605 1843 ser-

596 1868 680 1923 tis,
705 1867 900 1912 floribus
920 1864 1265 1921 frondibusque
1287 1863 1602 1925 corymborunt

596 1933 645 1977 h.
669 1945 711 1977 e.
734 1931 942 1982 hederae,
963 1929 1105 1981 lauri,
1128 1927 1265 1982 oleae,
1288 1929 1455 1986 myrti,
1473 1940 1601 1973 rosa-

598 2008 726 2045 rum.
753 1994 827 2038 Cf.
850 1992 941 2039 inf.
963 2007 1007 2037 v.
1034 1992 1110 2038 79.
1135 1990 1244 2038 227.
1270 1990 1380 2038 228
1404 1991 1601 2038 1X.85.

598 2060 667 2105 X.
701 2056 779 2103 65.
814 2056 932 2102 XII.
968 2054 1047 2103 84.
1083 2055 1161 2102 91.
1205 2059 1346 2107 necte,
1382 2057 1601 2112 adnecte,

601 2123 788 2181 adplica
800 2121 1023 2180 postibus,
1045 2121 1121 2166 vel
1154 2124 1277 2166 necte
1308 2133 1518 2166 coronam
1542 2120 1600 2169 in

601 2191 826 2235 ornatum
840 2185 1059 2243 postium.

666 2250 748 2296 53.
770 2263 872 2308 seq.
893 2248 1028 2294 Num
1044 2250 1251 2302 Iber-ina,
1267 2263 1412 2308 quam
1434 2226 1608 2300 ductu,-

601 2329 686 2364 rus
708 2328 761 2360 es
780 2327 998 2366 uxorem,
1014 2314 1110 2364 (vel
1129 2327 1318 2372 verum,
1339 2316 1413 2360 vel
1437 2316 1606 2360 fictum

604 2393 796 2441 sponsae
842 2375 1040 2438 nomen)
1082 2391 1180 2423 uno
1217 2379 1321 2423 viro
1362 2384 1605 2430 contenta,

601 2448 653 2493 h.
676 2459 719 2490 e.
748 2448 879 2490 casta
914 2443 1023 2500 erit,
1056 2449 1111 2488 ut
1144 2449 1285 2501 putas
1318 2457 1373 2492 ac
1405 2443 1604 2501 speras?

607 2512 769 2559 Immo
793 2522 904 2553 vero
925 2509 1049 2553 ocius
1069 2506 1185 2553 illud
1216 2508 1511 2568 extat-queste,
1533 2508 1606 2552 fa·

604 2576 743 2622 cilius
760 2574 890 2622 illam
905 2572 1097 2618 inhanc
1109 2572 1308 2630 inpelles
1320 2580 1557 2629 mentem,
1567 2585 1605 2616 s.

602 2652 714 2686 eam
735 2638 986 2697 perpellesu
1010 2645 1067 2685 ut
1089 2650 1180 2687 uno
1206 2636 1347 2691 oculo,
1367 2651 1518 2696 quam
1553 2643 1608 2684 ut

608 2718 707 2750 uno
728 2704 850 2758 viro,
872 2705 1078 2746 contenta
1099 2702 1174 2746 sit.
1240 2700 1478 2747 Nonnulli
1502 2708 1611 2759 post

607 2767 782 2828 subjicit
811 2773 1046 2825 punctum
1072 2766 1145 2811 vel
1180 2766 1373 2824 signum
1405 2766 1612 2812 exclam-

607 2839 817 2891 ponunt,
841 2835 896 2874 ut
918 2829 1139 2874 Postumi
1161 2830 1258 2873 sint
1274 2831 1444 2875 verba.
1432 2845 1444 2859 ·
1479 2829 1612 2878 Unus

605 2896 809 2944 loerinae
846 2894 922 2938 vir
957 2893 1151 2952 sulficit,
1189 2893 1237 2937 h.
1271 2907 1313 2936 e.
1348 2906 1456 2941 mea
1488 2904 1614 2943 uxor

607 2967 742 3005 casta
762 2965 833 3004 est
855 2958 931 3002 vel
953 2958 1064 3012 erit,
1086 2963 1134 3001 et
1157 2969 1302 3011 erras,
1319 2956 1404 3016 qui
1426 2957 1610 3036 nullam

610 3023 816 3069 inveniri
838 3030 980 3078 putas
1000 3021 1264 3079 pudicam.

678 3084 885 3131 55-59.
918 3088 984 3130 At
1033 3085 1161 3130 dicat
1210 3086 1371 3131 forsan
1419 3087 1612 3146 aliquis,

611 3151 847 3209 virginem
866 3150 940 3200 vel
959 3155 1227 3196 matronam
1252 3150 1612 3201 ruri.viventem

613 3215 790 3278 (qualis
803 3215 923 3258 forte
938 3227 1111 3278 sponsa
1120 3213 1213 3258 fuit
1228 3211 1464 3274 Postumi)
1477 3217 1618 3260 casti-

612 3286 763 3324 tatem
788 3291 996 3334 servare,
1021 3283 1068 3322 et
1102 3279 1150 3322 in
1185 3279 1332 3337 agris,
1357 3279 1439 3323 ubi
1458 3292 1619 3325 mores

611 3344 797 3400 minus,
815 3356 960 3402 quam
979 3344 1030 3387 in
1050 3342 1239 3401 oppidis
1259 3343 1481 3400 conrupti
1499 3343 1616 3398 sint,

611 3408 839 3454 mulieres
869 3408 1015 3451 etiam
1051 3420 1182 3452 nunc
1212 3407 1456 3464 pudicitiae
1478 3409 1620 3455 laude

609 3472 892 3531 ,conspicuas
908 3471 1122 3531 reperiri.
1184 3471 1372 3518 Audict
1408 3473 1493 3518 sed
1509 3485 1619 3530 quae

607 3539 664 3592 in
695 3551 812 3595 agro
843 3542 974 3582 caste
1006 3536 1145 3593 vixit,
1180 3536 1249 3584 ita
1278 3536 1427 3581 etiam
1450 3535 1621 3583 Gabiis

612 3608 663 3646 et
694 3600 907 3658 Fidenis,
949 3601 997 3645 h.
1032 3614 1076 3646 e.
1107 3602 1157 3646 in
1202 3601 1410 3659 oppidis,
1450 3600 1613 3647 vivat!

613 3665 727 3717 (nisi
747 3665 889 3709 malis
904 3680 919 3711 ε
953 3672 1004 3710 at
1026 3665 1193 3710 eadem
1217 3665 1411 3718 mulier,
1431 3678 1543 3723 quae
1564 3665 1614 3709 in

613 3741 730 3787 agro
752 3736 879 3773 caste
903 3728 1043 3786 vixit,
1055 3724 1162 3788 jam
1188 3731 1316 3774 vivat
1337 3730 1387 3774 in
1406 3729 1616 3787 oppidis,

615 3805 911 3850 quamquam
928 3794 1088 3851 parvis
1103 3806 1158 3838 ac
1174 3794 1391 3847 desertis,
1406 3794 1483 3838 vel
1500 3794 1621 3838 adeo

614 3857 821 3909 Roman
854 3858 1096 3913 quomodo
1130 3863 1234 3901 tum
1258 3858 1389 3901 vivet
1401 3858 1447 3913 ἲ)
1479 3856 1548 3901 Et
1570 3858 1621 3901 in

614 3919 760 3979 agello
772 3920 966 3977 quidem
973 3924 1169 3977 paterno
1180 3933 1287 3965 eam
1301 3928 1431 3965 caste
1445 3920 1622 3965 vixisse

607 3983 739 4040 cedo,
770 3983 977 4028 concedo
991 3998 1006 4027 ε
1058 3982 1173 4037 Quis
1203 3988 1356 4029 tamen
1386 3984 1617 4045 adfirmet,

616 4048 892 4099 contendat,
927 4047 976 4090 in
1008 4048 1232 4093 montibus
1262 4051 1343 4092 aut
1374 4048 1617 4107 speluncis,

616 4126 733 4172 agro
754 4119 953 4171 paterno
971 4112 1159 4166 vicinis,
1177 4118 1245 4167 et,
1262 4112 1303 4155 si
1325 4125 1420 4157 non
1439 4112 1618 4170 palam,

615 4183 744 4222 certe
766 4176 913 4232 clam,
935 4174 1059 4219 nihil
1085 4175 1300 4251 inpudici
1331 4189 1444 4221 cum
1471 4184 1528 4221 et
1558 4179 1619 4223 ab

607 4256 670 4298 ea
683 4244 855 4295 actum,
874 4253 961 4284 nec
979 4244 1201 4315 stuprum
1217 4240 1260 4285 ei
1279 4240 1482 4288 inlatum
1498 4242 1623 4286 esse'!

607 4293 813 4352 Mutata
839 4304 1145 4362 distinctione
1178 4305 1246 4351 ita
1278 4305 1622 4363 expeditiorem

1661 1541 1709 1586 h.
1725 1542 1757 1585 l.
1770 1542 2060 1586 sententiam
2077 1540 2380 1587 fecissemibi
2394 1541 2572 1585 videor.
2602 1539 2673 1583 At

1662 1605 1784 1651 forte
1804 1604 1898 1664 leg.
1927 1606 2060 1651 Vivet
2078 1604 2562 1660 Gabii1,(vlvetne'1n
2584 1614 2670 1660 op-

1663 1670 1811 1728 pidis,
1842 1683 2139 1728 quamquam
2173 1670 2331 1727 parvis
2364 1682 2424 1713 ac
2452 1669 2674 1718 desertis·

1667 1735 1846 1779 nedum
1861 1733 2053 1789 Romoe)
2067 1737 2120 1779 ut
2137 1734 2257 1778 viati
2269 1734 2329 1779 in
2338 1745 2455 1791 agro
2469 1731 2496 1777 5²
2540 1732 2674 1777 Vivet

1665 1799 1734 1842 ita
1749 1797 1984 1843 Fidenis?
2024 1799 2091 1843 Et
2115 1796 2261 1857 agello
2280 1804 2374 1843 cet.
2395 1798 2540 1845 Gabii
2560 1809 2678 1854 opp.

1667 1860 1812 1915 Latii,
1833 1871 1881 1909 et
1896 1862 2087 1908 Fidenoe
2105 1863 2411 1907 Sabinorum.
2463 1861 2678 1918 Utraque

1666 1927 1779 1972 urbs
1797 1929 1968 1973 Romae
1986 1928 2272 1987 propinqua,
2287 1936 2336 1970 et
2359 1926 2476 1970 olim
2496 1937 2677 1984 magna

1666 1991 1760 2036 fuit
1776 2005 1831 2036 ac
1847 1991 2090 2048 frequens,
2108 1992 2189 2036 sed
2207 1999 2370 2047 postea
2387 1989 2679 2049 ignobiliset

1667 2056 1868 2103 deserta.
1924 2055 2002 2101 cf.
2038 2055 2125 2099 inf.
2160 2053 2228 2099 X.
2266 2054 2374 2101 100.
2414 2063 2466 2098 et
2503 2054 2683 2101 Horat.

1666 2119 1821 2177 Epist.
1843 2121 1882 2166 1.
1910 2119 1985 2166 11.
2011 2119 2059 2166 7.
2075 2118 2123 2164 8.
2166 2154 2167 2159 ,

1730 2183 1815 2231 59.
1846 2184 2038 2242 Jupiter
2067 2189 2111 2228 et
2133 2183 2289 2236 Mars,
2314 2187 2398 2242 qui
2423 2184 2477 2228 in
2500 2182 2677 2227 monti-

1671 2251 1783 2306 bus,
1813 2248 2054 2306 speluncis
2084 2249 2327 2307 sylvisque
2360 2256 2435 2292 tot
2470 2247 2681 2305 virgines

1670 2314 1947 2371 conrupisse
1969 2312 2215 2368 dicuntur,
2229 2313 2394 2358 adeone
2413 2313 2681 2365 senuerunt,

1671 2379 1851 2424 adeone
1869 2376 2054 2423 ‘viribus
2077 2390 2177 2435 prae
2191 2382 2439 2422 senectute
2455 2374 2680 2421 exhausti

1672 2449 1806 2498 sunt,
1827 2447 1880 2487 ut
1906 2454 1999 2485 non
2023 2441 2232 2499 amplius
2254 2442 2409 2487 amori
2428 2440 2680 2498 indulgere

1671 2506 1892 2565 possint?
1926 2506 1976 2551 h.
2001 2519 2043 2550 e.
2063 2513 2282 2564 putasne,
2299 2506 2401 2550 ruri
2424 2506 2544 2554 etin
2567 2504 2680 2549 lucis

1673 2572 1938 2629 agrestibus
1956 2584 2050 2615 non
2069 2572 2296 2629 amplius,
2307 2576 2366 2615 ut
2379 2570 2497 2615 olim
2518 2575 2566 2613 et
2577 2565 2683 2628 jam

1673 2634 2023 2694 antiquissimis
2045 2636 2362 2693 temporibus,
2387 2634 2476 2697 (cf.
2500 2632 2681 2679 Tibuu.

1676 2699 1748 2746 11.
1782 2698 1823 2743 1.
1857 2697 1938 2744 67.
1969 2697 2096 2759 seq.)
2139 2708 2305 2758 stupra
2348 2712 2405 2744 ac
2443 2697 2684 2745 adulteria

1674 2764 1936 2819 committi,
1953 2777 2214 2822 omnesque
2230 2765 2298 2809 ibi
2314 2764 2529 2808 moechos
2545 2772 2682 2807 senes

1674 2839 1800 2884 esse,
1836 2840 2050 2887 quorum
2095 2833 2288 2887 pectora
2327 2841 2425 2873 non
2471 2826 2683 2885 amplius

1676 2893 1854 2938 amoris
1888 2893 2081 2951 ignibus
2113 2891 2441 2938 incalescant?
2510 2890 2689 2937 Facete

1676 2957 1805 3001 enim
1822 2963 1980 3015 poeta,
1995 2970 2106 3015 quae
2126 2959 2191 3002 ad
2211 2957 2425 3001 moechos
2445 2960 2682 3014 spectant.

1676 3018 1789 3067 Jovi
1822 3020 2066 3079 Martique
2097 3021 2285 3077 trib'uit,
2319 3027 2370 3067 et
2408 3020 2684 3069 hominum,

1676 3099 1773 3131 non
1796 3086 1996 3130 deorum
2019 3099 2206 3131 amores
2235 3091 2486 3144 poetarum
2509 3082 2684 3129 fabulis

1677 3150 1906 3207 declarari
1927 3150 2104 3196 innuit.
2155 3150 2385 3195 Similiter
2406 3147 2590 3194 Seneca
2607 3160 2685 3204 ap.

1678 3212 1903 3264 {tactam-
1919 3213 1958 3259 1.
1977 3213 2047 3259 16.
2063 3213 2189 3267 Quid
2199 3221 2306 3273 ergo
2317 3209 2690 3272 estanar-capud

1675 3282 1835 3335 poetas
1848 3279 2154 3324 salacissimus
2172 3280 2364 3338 Jupiter
2378 3278 2567 3324 desierit
2580 3275 2684 3321 libe-

1678 3354 1758 3393 ros
1781 3340 1972 3388 tollere?
2005 3345 2165 3387 utrum
2185 3341 2688 3402 sexagenarimfactm

1684 3409 1770 3462 est,
1794 3413 1840 3452 et
1862 3406 1937 3451 illi
1957 3406 2029 3450 lex
2051 3406 2201 3465 Papia
2209 3407 2407 3467 fibulam
2422 3403 2673 3465 inpomn?

1749 3470 1833 3517 60.
1849 3479 1983 3529 seqq.
2019 3468 2166 3516 Poeta
2190 3467 2297 3531 jam
2330 3471 2561 3516 describit
2582 3470 2688 3515 libi-

1682 3534 1820 3580 dines
1832 3536 2091 3580 mulierum
2104 3537 2247 3580 Rom.
2264 3549 2322 3581 ac
2337 3536 2553 3594 primum
2569 3535 2689 3589 loca,

1680 3612 1801 3657 quas
1843 3600 2167 3658 frequentent,
2209 3606 2262 3644 et
2313 3600 2396 3646 ubi
2440 3606 2576 3646 casta
2616 3612 2687 3644 re-

1681 3665 1892 3721 periatur
1910 3665 2057 3708 nulla.
2082 3663 2158 3709 De
2174 3665 2269 3721 his,
2285 3665 2387 3710 scil.
2407 3664 2689 3723 porticibus,

1654 3728 1905 3784 ·theatriS,
1940 3728 2096 3781 circis,
2136 3728 2270 3782 foriS,
2307 3730 2387 3776 cf..>
2405 3728 2552 3773 simil.
2596 3728 2688 3775 loc.

1685 3791 1826 3840 OVid·
1848 3794 1953 3837 Art·
1978 3794 2093 3838 Am·
2125 3793 2170 3839 Io
2199 3793 2280 3839 49·
2312 3806 2412 3852 seq·
2446 3790 2691 3839 elz-⁸264·

1673 3857 1768 3901 nbi
1812 3859 2000 3915 copiose
2041 3857 2201 3913 docet,
2226 3858 2458 3918 frequens
2497 3871 2590 3917 quo
2623 3859 2688 3903 sit

1675 3918 1831 3979 puella
1851 3921 1965 3978 loco,
1981 3928 2028 3965 et
2044 3919 2163 3967 unde
2180 3922 2305 3982 legas
2319 3922 2439 3981 quod
2451 3936 2598 3979 ames,
2611 3922 2688 3968 ubi

1682 3985 1806 4029 retia
1817 3999 1974 4045 ponas.
2007 3985 2227 4031 Porticus
2238 3987 2596 4046 ambulationes
2610 4000 2686 4032 co-

1680 4048 1781 4092 lum
1788 4050 1861 4093 nis
1876 4062 2121 4108 suspensae
2137 4051 2420 4109 exedi-isque
2439 4052 2688 4098 instructas

1683 4112 1808 4158 circa
1837 4120 1888 4159 et
1916 4121 2032 4160 ante
2063 4112 2246 4173 templa
2266 4116 2566 4174 oedificiaque
2586 4123 2686 4162 tam

1683 4179 1874 4236 publica
1903 4191 2052 4238 quam
2084 4180 2463 4236 privatavelin
2484 4180 2609 4239 atrio
2637 4183 2684 4228 et

1687 4242 1923 4300 inpluvio,
1941 4256 2053 4301 quae
2072 4244 2187 4288 solis
2205 4245 2427 4289 ardorem
2449 4243 2686 4302 pluviam·

1686 4318 1782 4368 que
1802 4308 2042 4355 arcebant.
2110 4305 2188 4353 61.
2209 4307 2481 4368 spectawla,
2504 4309 2686 4378 theatra
