2978 4920
580 292 706 354 300

1279 282 1946 352 JUVENALIS

672 471 1009 559 Iphigenia
1034 471 1231 546 domi,
1262 468 1439 534 dabit
1468 469 1631 534 hanc
1661 466 2004 541 ultan-ibon
2045 469 2169 534 -etsi

668 575 814 638 Non
846 584 1052 661 sperat
1085 572 1341 657 tragicae
1377 570 1621 635 furtiva
1648 567 1898 656 piacula
1924 558 2146 633 cervae.

2548 570 2672 631 120

670 674 899 739 Laudo
928 696 1138 739 meum
1168 673 1390 749 civem,
1422 693 1537 734 nec
1567 693 1863 756 comparo
1893 682 2275 737 testamento

672 776 856 841 Mille
885 788 1087 840 rates:
1136 797 1279 838 nam
1310 772 1361 837 si
1394 772 1744 837 Libitinam
1773 772 2038 837 evaserit
2069 796 2260 859 aeger,

676 878 934 941 Delebit
965 876 1234 952 tabulas»,
1263 874 1544 939 inclusus
1573 896 1819 937 carcere
1846 896 2068 950 nassae,

675 981 829 1043 Post
860 977 1157 1041 meritum
1187 998 1333 1039 sane
1360 974 1744 1051 mirandum,
1775 985 1970 1059 atque
1997 974 2209 1038 omnia
2236 976 2351 1039 soli

676 1081 914 1144 Forsan
947 1078 1228 1143 Pacuvio
1255 1077 1533 1141 breviter
1564 1075 1762 1140 dabit.
1809 1075 1914 1139 ille
1945 1077 2256 1161 superbus

1593 1177 1772 1260 Ergo
1801 1175 1999 1253 videS,
2032 1199 2226 1262 quam

674 1180 934 1245 Incedet
963 1179 1149 1244 victis
1178 1178 1501 1242 rivalibus·

2545 1080 2671 1141 125

677 1282 934 1347 Grande
963 1303 1172 1367 operoe
1201 1278 1476 1365 pretium
1507 1275 1699 1341 faciat
1720 1276 2023 1363 jugulata
2053 1277 2360 1362 Mycenis.

762 1383 947 1448 Vivat
980 1380 1319 1454 Pacuviu8‚
1352 1400 1592 1464 queem,
1625 1377 1729 1477 vel¹
1756 1378 2028 1442 Nestora
2057 1390 2304 1443 totum:
2405 1419 2410 1424 ·

590 1622 740 1665 suam,
779 1614 894 1657 natu
926 1603 1206 1653 maximam:
1253 1617 1395 1667 quam
1433 1611 1595 1651 tamen

640 1800 846 1849 auricam
899 1814 980 1864 per
1028 1798 1177 1846 nubes
1214 1796 1401 1852 detulit,
1441 1796 1599 1860 ibique

597 1865 761 1929 templi
797 1864 869 1912 sui
906 1861 1191 1910 sacerdotem
1225 1859 1351 1909 fecit.
1417 1859 1603 1908 Fabula

599 1928 839 1976 notissima
858 1942 916 1975 ex
941 1925 1102 1988 Eurip.
1123 1922 1340 1987 Iphigen.
1362 1924 1426 1971 al.
1448 1931 1499 1971 et
1518 1938 1600 1971 va-

597 1991 665 2039 rie
681 1991 793 2041 olim
812 1996 1035 2038 tractata:
1072 2003 1180 2035 nam
1202 1987 1283 2036 alii
1304 1987 1603 2062 Iphigeniam

602 2070 710 2103 vere
734 2054 1007 2102 inmolatam
1039 2051 1245 2107 tradunt,
1269 2052 1350 2100 alii
1382 2053 1484 2100 loco
1505 2068 1603 2100 cer-

601 2135 673 2166 va
706 2119 989 2167 substituunt
1016 2130 1188 2171 ursam,
1227 2116 1301 2164 vel
1335 2131 1497 2171 anum,
1530 2116 1607 2164 vel

596 2182 869 2246 juvencam,
888 2181 964 2229 vel
982 2182 1150 2229 bovem
1176 2187 1264 2228 cet.
1284 2197 1332 2228 v.
1354 2182 1523 2245 Heyne
1546 2181 1608 2229 ad

604 2246 741 2311 Virg.
774 2248 889 2294 AEn.
929 2245 1001 2292 II.
1039 2245 1146 2292 116.
1179 2252 1227 2292 et
1266 2244 1428 2311 Intpp.
1461 2243 1605 2293 ovid.

604 2311 725 2359 Met.
747 2311 868 2358 XII.
886 2309 1095 2357 24-38.

672 2375 779 2422 120.
804 2373 907 2422 Etsi
926 2388 1021 2421 non
1040 2370 1322 2438 sperandum
1344 2370 1403 2418 sit
1423 2370 1605 2420 heredi-

603 2446 743 2513 petae,
764 2438 909 2487 filiam
930 2452 1064 2486 suam
1082 2452 1110 2485 o
1191 2436 1350 2486 divina
1370 2442 1605 2485 servatum

602 2504 677 2561 iri,
699 2502 824 2568 quod
842 2502 1091 2567 contigisse
1143 2500 1393 2567 phigeniae,
1413 2518 1543 2549 cerva
1562 2500 1609 2550 ei

603 2568 860 2634 subposita,
908 2569 1072 2632 tragici
1118 2574 1268 2632 poetae
1321 2565 1608 2614 fabulantur.

607 2633 749 2681 Cerva
780 2633 871 2681 fuit
895 2632 1144 2707 piaculum,
1168 2627 1444 2678 sacrificium
1476 2630 1608 2695 expi-

606 2697 719 2745 andi
750 2696 937 2746 scelens
963 2696 1139 2759 iraeque
1165 2693 1434 2757 mitigandae
1465 2709 1611 2743 causa

606 2761 783 2810 Dianae
818 2761 1011 2816 factum,
1055 2767 1104 2807 et
1138 2758 1326 2832 quidem
1353 2756 1609 2820 furtivum,

606 2825 722 2888 quia
759 2823 918 2872 furtim
949 2824 1028 2873 vel
1057 2822 1215 2870 insciis
1253 2821 1435 2869 Graecis
1472 2837 1614 2871 cerva

641 2905 691 2936 ro
709 2888 812 2954 ipsa
829 2887 1077 2952 Iphigenia
1094 2885 1184 2934 fuit
1203 2885 1472 2934 substituta.
1514 2887 1611 2934 Ea-

606 2904 716 3000 gem
758 2955 932 3017 tragica
968 2951 1153 3006 dicitur,
1187 2949 1409 3013 quoniam
1442 2965 1502 2999 ex
1539 2949 1611 2998 in·

609 3015 747 3078 genio
790 3017 1066 3080 tragicorum
1118 3021 1358 3080 poetarum
1404 3013 1614 3079 profecta

606 3087 694 3125 est.
759 3080 1061 3129 Facetissimo
1090 3078 1249 3142 itaque
1278 3078 1378 3126 sale
1411 3086 1458 3126 et
1493 3086 1614 3127 artes

607 3140 984 3206 heredipetarum
1024 3150 1072 3192 et
1112 3150 1355 3207 poetarum
1388 3141 1614 3206 figmenta

608 3213 845 3255 notantur.

688 3271 958 3320 121-127.
1000 3268 1158 3318 Etiam
1199 3268 1252 3317 hi
1289 3274 1449 3318 versus
1485 3269 1614 3333 pleni

609 3334 898 3384 facetiarum.
962 3336 1124 3382 Laudo
1155 3336 1291 3381 civem
1321 3350 1481 3388 meum,
1515 3334 1612 3382 Pa-

609 3400 774 3449 cuvius
794 3399 909 3448 mihi
926 3398 1075 3448 multo
1093 3397 1344 3472 sapientior
1358 3397 1614 3471 agamem-
1650 3403 1656 3408 '

606 3480 746 3522 none,
780 3466 973 3530 ejusque
1000 3461 1245 3512 consilium
1277 3476 1444 3525 magis,
1472 3477 1615 3524 quam

609 3528 750 3592 hujus
769 3528 1060 3578 laudandum
1079 3527 1293 3585 videtur-3
1325 3526 1618 3590 salutemque

608 3590 765 3640 divitis
794 3594 911 3650 orbi,
931 3594 993 3642 ob
1026 3600 1328 3642 testamentum
1347 3591 1423 3639 vel
1445 3591 1618 3665 amplae

609 3653 878 3704 hereditatis
924 3671 1071 3720 spem,
1112 3671 1196 3721 pro
1233 3670 1329 3720 qua
1369 3655 1447 3704 vel
1476 3655 1620 3703 filiam

606 3717 833 3767 inmolare
869 3718 998 3768 haud
1035 3720 1236 3776 dubitat,
1270 3718 1470 3766 multum
1500 3726 1616 3793 puto

642 3780 944 3831 referendam
968 3796 1072 3831 esse
1102 3782 1242 3831 saluti
1263 3783 1384 3831 mille
1403 3797 1614 3840 navium,

576 3858 585 3867 ⁴
644 3880 658 3894 .
681 3861 725 3894 e.
757 3845 920 3894 classis
953 3846 1240 3902 Graecorum,
1262 3863 1344 3912 pro
1364 3861 1461 3910 qua
1482 3847 1614 3912 Iphi·

609 3909 752 3974 genia
781 3917 854 3958 est
880 3916 1115 3969 mactata3
1146 3926 1257 3958 nam
1277 3910 1318 3958 si
1338 3909 1471 3958 dives
1501 3926 1614 3959 con-

610 3972 811 4023 valuen't
839 3988 899 4022 ex
928 3971 1106 4029 morbo,
1138 3981 1469 4022 testamentum
1502 3973 1616 4024 forte

610 4037 813 4087 mutabit
842 4045 891 4087 et
922 4035 1184 4085 Pacuvium
1218 4052 1273 4086 ex
1309 4052 1413 4086 asse
1445 4039 1617 4087 scribet

609 4103 846 4158 heredem,
885 4115 1065 4150 summo
1106 4100 1208 4164 ejus
1250 4116 1406 4150 amore
1447 4100 1609 4152 devin-

612 4177 731 4223 ctus,
785 4168 859 4216 vel
914 4164 1185 4214 existimans
1237 4165 1371 4222 adeo,
1409 4166 1609 4217 salutem

611 4247 741 4281 suam
767 4246 822 4280 ac
846 4229 1159 4279 valetudinem
1184 4228 1310 4278 illius
1329 4229 1448 4280 votis
1466 4239 1516 4280 et
1533 4246 1606 4283 sa-

607 4295 790 4345 crificiis
809 4294 1103 4345 tribuendam
1122 4298 1238 4345 ‘esse-

1726 1602 1837 1650 122.
1872 1602 2005 1651 Mille
2022 1611 2139 1652 rata
2166 1618 2205 1650 s.
2227 1617 2375 1651 naves
2395 1603 2669 1651 Graecorum

595 1672 774 1728 Diana,
797 1689 925 1720 cerva
944 1684 1027 1735 pro
1047 1685 1106 1717 ea
1125 1667 1390 1741 substituta,
1412 1674 1462 1719 et
1479 1667 1595 1715 cali-
1660 1665 1849 1730 Trojam
1891 1667 2124 1732 profectas
2153 1682 2271 1725 esse,
2304 1674 2460 1742 poetae
2499 1680 2671 1740 memo-

593 1750 703 1847 {Jne
737 1733 1104 1785 sacrificantibus
1134 1731 1335 1796 objecta,
1355 1733 1406 1780 iu
1427 1740 1598 1780 terram
1661 1737 1786 1786 rant,
1811 1739 1937 1779 certo
1960 1746 2151 1780 numero
2183 1748 2268 1797 pro
2301 1739 2479 1779 incerto
2511 1738 2676 1792 posito.

1668 1793 1746 1842 cf.
1769 1795 1939 1858 Heyne
1971 1796 2034 1844 ad
2067 1796 2201 1859 Virg.
2235 1796 2352 1844 AEu.
2389 1795 2464 1842 11.
2505 1796 2612 1843 198.
2631 1802 2678 1842 et

1666 1873 1752 1907 nos
1774 1858 1836 1907 ad
1854 1858 1940 1907 Sil.
1957 1860 2060 1907 111.
2079 1861 2192 1907 229.
2214 1861 2464 1907 Libitinam
2479 1862 2677 1913 evadere,

1668 1927 1720 1970 ut
1739 1924 1802 1970 L.
1819 1925 1961 1972 vitare
1993 1939 2022 1971 a
2058 1958 2070 1972 .
2091 1924 2261 1972 Horat.
2283 1923 2380 1972 Od.
2402 1924 2509 1971 III.
2530 1925 2612 1971 30.
2632 1924 2678 1970 7.

1665 2001 1750 2098 gro
1770 1994 1966 2035 mortem
1986 2003 2014 2036 e
2050 2001 2205 2052 ugere.
2257 1988 2389 2036 Nam
2411 1989 2580 2035 Venus
2600 1987 2678 2034 Li-

1702 2049 1819 2098 itina
1855 2051 2069 2100 funerum
2105 2052 2216 2100 Dea
2253 2050 2381 2116 apud
2417 2051 2679 2106 Romanos,

1669 2114 1719 2163 in
1749 2114 1883 2163 cu'us
1914 2117 2090 2181 templo
2122 2116 2402 2181 adparatum
2435 2115 2680 2163 funebrem

1669 2193 1804 2227 serva
1838 2187 1919 2227 ant
1958 2179 1999 2244 ej
2008 2196 2059 2229 us
2103 2180 2386 2229 redemtores
2423 2180 2503 2228 vel
2544 2196 2679 2228 cura-

1668 2249 1791 2291 tores
1842 2244 2075 2302 funerum,
2125 2244 2208 2309 qui
2253 2246 2524 2293 Libitinarii
2570 2243 2680 2292 inde

1669 2305 1785 2355 dicti
1807 2315 1933 2357 sunt.

1736 2372 1845 2420 123.
1868 2374 2040 2421 tabulas
2058 2371 2339 2422 testamenti.
2361 2374 2562 2421 inclusus
2581 2389 2679 2421 car·

1669 2451 1765 2484 cere
1795 2454 1929 2486 nassae
1959 2444 2152 2489 venuste
2184 2435 2353 2486 dicitur
2385 2436 2518 2486 dives
2537 2444 2588 2486 et
2604 2453 2676 2487 or·

1669 2500 1775 2557 buz,
1796 2502 1880 2565 qui
1911 2505 2125 2551 mirandis
2154 2505 2339 2558 moritis,
2361 2502 2541 2561 officiis,
2562 2503 2680 2552 votis

1673 2580 1728 2612 ac
1748 2565 2000 2624 sacrificiis,
2021 2567 2083 2617 ab
2101 2565 2373 2632 heredipeta
2399 2566 2614 2615 inretitus
2633 2575 2682 2616 et

1673 2628 1917 2679 devinctus
1930 2632 2131 2697 capitur,
2149 2631 2280 2680 velut
2292 2629 2435 2696 piscis
2456 2631 2507 2679 in
2529 2647 2682 2680 nassa.

1675 2692 1834 2751 Nassa,
1852 2694 2008 2763 κύρτας
2027 2697 2093 2761 (Ο
2131 2695 2259 2762 pian.
2272 2697 2472 2744 'Ancon
2490 2696 2592 2743 III.
2608 2699 2687 2749 85.

1674 2763 1724 2806 et
1772 2760 1886 2808 341.
1930 2759 2051 2824 seq.)
2092 2713 2144 2808 ἃ
2188 2759 2374 2824 σχοίνων
2414 2760 2684 2827 uesieu-9⁴6,

1675 2821 1894 2877 (Tbeocr.
1913 2825 2056 2873 XXI.
2082 2825 2188 2889 11.)
2219 2824 2435 2874 calathus
2455 2825 2683 2873 vimineas

1676 2888 1861 2962 angusti
1899 2888 2026 2946 colli,
2061 2905 2156 2953 quo
2187 2904 2334 2953 quum
2365 2888 2558 2937 intravit
2589 2889 2680 2955 pis·

1676 2963 1904 3064 {3233ss
1923 2960 2244 3066 &imita
2258 2954 2331 3065 {²2¹
2348 2955 2682 3067 31ss53ss

1677 3078 1756 3127 47.
1778 3095 1908 3144 seqq.
1930 3080 2010 3129 cf.
2034 3081 2227 3132 Luciau.
2253 3080 2379 3129 Tim.
2404 3083 2532 3147 Opp.
2556 3083 2614 3129 Τ.
2638 3083 2683 3132 1.

1674 3157 1724 3208 p.
1747 3144 1856 3192 159.
1876 3143 1953 3192 ed.
1970 3144 2180 3194 Schmid.

1744 3209 1855 3256 125.
1901 3207 2070 3258 Forsan
2110 3225 2204 3259 nou
2244 3210 2343 3258 siue
2381 3209 2430 3257 vi
2473 3208 2678 3258 dictum:

1674 3269 1830 3318 innuit
1869 3270 2011 3331 enim,
2046 3274 2274 3322 incertam
2312 3273 2514 3323 hominis
2550 3290 2679 3338 spem

1679 3349 1796 3390 esse,
1817 3334 2030 3402 adeoque
2056 3338 2321 3412 inprobiora
2340 3339 2441 3404 ejus
2461 3345 2591 3395 vota,
2611 3354 2683 3386 sa-

1680 3398 1856 3448 crificia
1885 3407 1935 3450 et
1963 3401 2283 3467 cupiditatem.
2316 3404 2535 3451 breviter-.-
2573 3417 2678 3450 nam

1679 3464 1843 3529 paucis
1862 3470 2048 3513 tantum
2073 3465 2228 3515 verbis
2246 3481 2364 3532 opus
2384 3474 2455 3515 est
2476 3466 2525 3514 in
2545 3474 2681 3516 testa·

1681 3528 1866 3585 mentis,
1902 3528 2074 3593 quibus
2109 3530 2302 3583 heredes
2336 3547 2398 3579 ex
2434 3546 2539 3579 asse
2577 3529 2681 3579 scri-

1680 3592 1873 3648 buntur,
1907 3607 1995 3641 nec
2026 3593 2164 3658 plura
2197 3594 2247 3642 in
2284 3594 2343 3642 iis
2373 3602 2683 3644 memorantur

1682 3653 1908 3768 hgrfdum
1932 3658 2125 3707 nomina
2154 3658 2229 3706 vel
2261 3656 2434 3722 legata.
2478 3659 2560 3709 Cf.
2586 3674 2684 3724 sup.

1679 3733 1709 3768 a
1792 3752 1805 3766 .
1824 3722 1905 3770 68.

1748 3786 1858 3836 126.
1891 3784 1967 3834 Cf.
1988 3785 2188 3834 Lucian.
2222 3784 2308 3835 1.1.
2328 3789 2561 3843 rivalibus,
2585 3785 2681 3836 aliis

1677 3846 1976 3915 heredipetis,
1994 3850 2209 3900 eamdem
2239 3851 2550 3901 hereditatem
2576 3868 2679 3916 cap·

1676 3912 1902 3962 tantibus.
1943 3917 2156 3964 Incedere
2171 3923 2334 3981 aptum
2342 3916 2399 3964 ·h.
2417 3917 2454 3964 l.
2473 3918 2680 3972 verbum,

1679 3977 1805 4040 quod
1818 3990 1822 3997 ·
1836 3978 2063 4052 superbie
2096 3992 2136 4027 s.
2157 3979 2481 4029 ostentationis
2503 3989 2552 4029 et
2660 4004 2678 4015 -

1678 4040 1835 4089 vitatis
1866 4058 1959 4089 vim
1993 4043 2168 4109 passim
2199 4042 2360 4093 habet.
2382 4045 2458 4108 (v.
2487 4045 2549 4093 ad
2570 3994 2678 4092 gae.

1678 4102 1808 4154 Ann.
1826 4106 1920 4155 IV.
1936 4108 2017 4156 23.
2036 4106 2114 4170 5.)
2172 4109 2279 4156 127.
2286 4111 2515 4173 jugulata
2533 4109 2679 4171 Myce-

1675 4173 1759 4226 nis,
1782 4170 2047 4280 Ilphigenia,
2070 4170 2128 4234 (a
2143 4172 2295 4236 patria
2315 4172 2381 4220 sic
2399 4173 2556 4236 dicta)
2576 4171 2623 4219 h.
2637 4186 2676 4222 e·

1671 4232 1799 4282 inmo
1818 4234 1913 4283 atio
1956 4234 2092 4283 filiae:
2152 4249 2262 4283 nam
2308 4237 2513 4300 Mycenis
2556 4236 2605 4283 h.
2644 4235 2677 4283 l.

1647 4314 1652 4319 ·
1672 4296 1768 4346 filia
1790 4298 2005 4357 Pacuvii,
2023 4306 2077 4350 ut
2097 4315 2201 4366 sup.
2220 4314 2268 4350 v.
2291 4302 2401 4351 119.
2422 4302 2674 4365 Iphigenia.
