2978 4920
626 320 761 389 128

1354 313 2025 390 JUVENALIS

710 500 771 562 Ο
800 495 1080 573 demens,
1110 492 1202 560 ita
1229 516 1449 561 servus
1476 497 1673 562 homo*
1694 502 1840 563 est?
1883 498 1975 562 nil
2003 496 2249 575 fecerit,
2278 490 2451 563 esto:

712 600 858 663 Hoc
887 597 1055 675 volo,
1087 596 1175 661 sic
1194 597 1417 684 jubeo,
1450 597 1533 664 sit
1560 621 1682 685 pro
1707 600 1951 664 ratione
1981 599 2294 665 voluntas.

797 704 1059 788 Inperat
1090 722 1245 787 ergo
1270 700 1443 766 viro:
1494 703 1606 767 sed
1634 724 1783 767 mox
1812 703 1950 767 haec
1978 722 2175 790 regna
2202 704 2532 790 relinquit,

710 807 1177 888 Permutatque
1211 801 1455 881 domos,
1484 815 1551 868 et
1581 802 1873 867 flammea
1900 805 2207 871 conterit:
2254 805 2404 870 inde

2585 794 2704 870 ‘225

633 914 664 941 '²
708 906 1018 981 Advolat,
1048 915 1113 968 et
1143 905 1338 991 spreti
1367 904 1600 991 repetit
1632 908 1900 993 vestigia
1920 907 2091 972 lecti.

710 1011 985 1073 Ornatas
1011 1005 1208 1093 paulo
1235 1017 1383 1071 ante
1410 1007 1601 1085 fores,
1630 1007 1976 1093 pendentia
2004 1009 2241 1097 linquit

713 1110 872 1175 Vela
899 1108 1150 1186 domus,
1182 1119 1247 1171 et
1275 1107 1489 1172 adhuc
1521 1100 1755 1172 virides
1783 1108 1849 1172 in
1879 1109 2095 1175 limine
2124 1133 2348 1177 ramos.

712 1211 816 1276 Sic
844 1209 1063 1275 crescit
1092 1230 1431 1282 numerus3
1475 1208 1570 1272 vsic
1596 1209 1761 1274 fiunt
1790 1221 1949 1276 octo'-
1962 1203 2197 1289 mariti,

707 1312 1005 1398 Quinque
1033 1334 1149 1399 per
1176 1322 1595 1375 auctumnus:
1644 1310 1836 1376 titulo
1862 1334 1963 1375 res
1991 1312 2190 1399 digna
2215 1314 2507 1400 sepulcri.
2582 1311 2697 1377 230

792 1410 1205 1501 Desperanda
1233 1411 1351 1476 tibi
1382 1412 1556 1476 salva
1583 1411 1917 1477 concordia
1945 1437 2126 1478 socru
2151 1440 2165 1478 z
2224 1450 2231 1457 ·

708 1516 832 1580 Illa
860 1515 1044 1579 docet
1074 1513 1289 1600 spoliis
1310 1512 1468 1576 nudi
1497 1513 1778 1598 gaudere
1810 1514 2060 1589 mariti3

707 1617 832 1681 Illa
860 1615 1068 1693 docet,
1098 1612 1301 1678 missis
1329 1636 1368 1676 a
1395 1626 1778 1701 conruptore
1808 1615 2080 1692 tabellis,

704 1718 818 1782 Nil
845 1717 1030 1794 rude,
1060 1738 1175 1780 nec
1205 1714 1471 1802 simplex
1499 1715 1873 1780 rescribere:
1922 1715 2158 1802 decipit
2187 1716 2301 1781 illa·

709 1820 1048 1898 CustodeS,
1079 1830 1194 1883 aut
1224 1840 1348 1881 aere
1376 1817 1630 1882 domat:
1678 1830 1832 1913 tunc
1860 1842 2122 1905 corpore
2151 1828 2311 1884 sano'

2582 1804 2699 1885 235

705 1910 1005 1986 Adrocat
1032 1914 1463 2005 Archigenen,
1489 1943 1879 2008 onerosaque
1908 1921 2101 2008 pallia
2118 1907 2348 2009 jactati
2400 1908 2405 1912 ⁴

619 2091 785 2144 minis,
804 2102 865 2135 ne
886 2088 1083 2148 ingenui
1100 2087 1315 2147 quidem,
1334 2088 1514 2134 nedum
1533 2101 1631 2134 ser·

619 2157 687 2214 ri,
709 2155 793 2200 diu
814 2154 1176 2199 deliberandum
1206 2164 1331 2209 esse,
1357 2152 1432 2199 vel
1454 2159 1630 2212 poetae,

618 2220 703 2280 qui
726 2220 887 2264 ridens
908 2223 1122 2268 moneat,
1146 2230 1241 2262 non
1266 2217 1461 2276 longam
1480 2212 1629 2276 hujus

618 2286 688 2330 rei
710 2282 1101 2329 deliberationem
1125 2293 1230 2327 esse
1257 2280 1468 2331 mulieri.
1533 2282 1627 2328 Sed

620 2354 837 2408 praestat,
861 2347 1050 2406 opinor,
1073 2358 1129 2390 ea
1151 2345 1328 2390 marito
1351 2345 1623 2405 adsignare,

617 2413 792 2459 blande
813 2410 1002 2470 roganti
1026 2410 1247 2469 uxorem,
1272 2420 1327 2455 ut
1359 2410 1409 2454 in
1443 2424 1496 2455 re
1522 2416 1621 2456 tam

613 2477 771 2538 gravi,
787 2489 893 2538 quae
907 2477 967 2521 ad
985 2481 1191 2521 mortem
1208 2475 1437 2532 hominiS,
1452 2488 1624 2535 quam-

622 2545 696 2589 vis
736 2542 879 2596 servi,
915 2546 1118 2600 spectet,
1151 2553 1245 2584 non
1281 2547 1462 2585 temere
1493 2547 1622 2600 agat.

616 2605 747 2654 Tum
781 2607 873 2652 hoc
898 2619 943 2649 v.
967 2603 1078 2652 222.
1113 2603 1289 2649 refellit
1322 2602 1515 2657 mulier,
1548 2606 1629 2651 cui

616 2672 666 2718 id
684 2671 912 2717 stolidum
934 2670 1138 2715 videtur.
1194 2667 1304 2715 222.
1324 2666 1541 2714 Demens
1558 2682 1625 2723 es,

614 2739 699 2797 qui
722 2748 917 2781 servum
942 2740 1083 2792 putas
1099 2745 1204 2778 esse
1220 2732 1483 2778 hominem.
1536 2733 1630 2778 His

615 2802 775 2847 verbis
805 2806 855 2844 et
885 2799 1089 2856 superba
1120 2795 1316 2852 mulier,
1345 2803 1394 2840 et
1416 2797 1625 2842 Romani

614 2869 860 2917 taxantur,
874 2863 958 2921 qui
976 2873 1138 2906 servos
1157 2861 1239 2905 vix
1251 2859 1507 2905 hominum
1521 2860 1626 2907 loco

615 2938 915 2986 numeroque
936 2925 1196 2970 habebant.
1232 2924 1317 2976 ito,
1338 2922 1524 2983 itaque,
1550 2925 1626 2970 vel

617 2993 702 3044 ita,
719 2999 773 3036 ut
789 2997 930 3048 putas
943 2994 989 3033 et
1004 2989 1139 3034 dicis.
1171 2986 1288 3033 Esto
1298 2995 1482 3042 autem,
1496 2990 1625 3048 quod

616 3057 694 3101 nil
719 3054 836 3099 mali
849 3064 856 3072 ·
855 3052 1026 3114 ficei-it
1041 3067 1060 3108 ,-
1093 3052 1189 3109 fac,
1211 3063 1322 3097 eum
1357 3051 1475 3098 nihil
1511 3053 1628 3099 mali

617 3119 697 3166 vel
721 3109 890 3177 flagitii
911 3116 1230 3162 commisisse.
1297 3114 1422 3162 223.Δ
1442 3115 1624 3171 Verba,

617 3181 1045 3248 ut“tyrannis,·ita
1087 3185 1139 3225 et
1182 3180 1394 3237 mulieri,
1429 3181 1624 3240 qualem

708 3254 757 3291 ta
781 3244 1110 3301 adumbravit,
1134 3244 1397 3304 aptissima.

694 3307 967 3358 224-280.
1018 3307 1199 3355 Uxores
1232 3320 1623 3368 nonnumquam,

612 3376 784 3436 primis
805 3373 993 3420 maritis
1010 3373 1206 3428 relictis,
1223 3371 1329 3418 aliis
1346 3371 1514 3418 multis
1531 3386 1622 3418 nu-

612 3443 749 3488 bunt.
793 3451 957 3499 reg-na,
976 3438 1229 3512 mQ‘um,
1250 3436 1330 3483 cui
1352 3435 1619 3495 imperave-

611 3511 711 3564 rat,
745 3505 820 3552 vel
853 3498 1195 3566 domum'ejus
1233 3502 1529 3561 lectumque,
1567 3502 1620 3548 in

612 3579 712 3629 quo
754 3580 954 3629 regnare
986 3573 1036 3613 et
1065 3568 1252 3614 deliciis
1282 3565 1379 3611 frui
1419 3566 1617 3612 solebat.

610 3633 860 3681 Permutat
873 3630 1023 3677 domos
1039 3634 1334 3690 meritosque
1351 3632 1530 3677 crebris
1547 3632 1621 3676 di·

611 3697 796 3743 vortiis.
806 3697 1028 3755 flammeo
1048 3697 1258 3750 conterit,
1277 3708 1326 3741 v.
1341 3708 1447 3753 sup.
1466 3696 1529 3740 ad
1547 3695 1618 3742 11.

613 3756 734 3808 124.Ι
787 3760 900 3807 226.
932 3760 1016 3804 Ad·
1043 3761 1251 3818 priorem
1286 3761 1518 3805 maritum
1544 3771 1617 3805 re·

610 3825 828 3871 '‘vertitur.
893 3821 1004 3868 227.
1026 3824 1073 3870 8.
1110 3824 1314 3870 Ornatas
1331 3822 1465 3883 fores
1491 3828 1536 3870 et
1567 3824 1619 3869 in

609 3890 773 3937 limine
791 3897 964 3944 ramos,
984 3899 1031 3934 v.
1053 3901 1162 3948 sup.
1182 3890 1245 3934 ad
1267 3902 1312 3934 v.
1336 3886 1417 3934 51.
1487 3888 1619 3946 Vela,

608 3951 1139 4014 anlaea„peristromata
1160 3966 1197 3998 s.
1222 3952 1614 4011 peripetasmata,

607 4023 847 4079 pretenta
867 4014 1051 4061 foribus
1071 4017 1294 4064 divitum.
1317 4016 1390 4062 cf.
1415 4017 1506 4063 inf.
1521 4015 1615 4064 IX.

611 4081 719 4130 105.
732 4079 1091 4141 pendentia—et
1107 4080 1255 4126 adletae
1271 4079 1459 4140 virides,
1471 4083 1615 4128 adeo-

606 4161 701 4209 que
724 4144 868 4206 paulo
888 4150 997 4204 post
1018 4145 1225 4204 nuptias.

617 4213 624 4225 ²
672 4210 786 4270 229.
804 4208 913 4274 230.
939 4209 1015 4257 Cf.
1039 4219 1147 4270 sup.
1168 4205 1228 4255 a'd
1251 4223 1299 4257 r.
1322 4208 1429 4257 146.
1450 4213 1619 4256 nume-'

604 4274 1011 4323 rusfmaritorum.
1045 4278 1330 4330 auetumuos,
1351 4289 1521 4322 annos.
1553 4275 1614 4319 ts-

605 4340 701 4387 iulo
732 4353 808 4387 res
825 4351 828 4354 ·
843 4338 993 4402 digna
1031 4338 1228 4402 sepulcri
1257 4340 1470 4388 mordaci
1496 4336 1612 4401 joco

1695 2089 1818 2136 dixit
1848 2094 2009 2149 poeta,
2045 2096 2102 2136 ut
2135 2089 2349 2136 Martini.
2386 2089 2485 2136 Ix.
2511 2091 2586 2138 16.
2619 2093 2701 2138 In·

1693 2155 1876 2214 scripsit
1889 2154 2066 2201 tumulo
2078 2157 2244 2214 septem
2261 2153 2479 2201 celebrata
2496 2157 2700 2202 virorum
2776 2181 2782 2187 -

1692 2216 1756 2262 Se
1762 2217 1936 2278 fecisse
1958 2218 2110 2265 Chloe.
2132 2217 2244 2278 quid
2271 2222 2376 2277 pole
2407 2215 2700 2279 simplicius?

1692 2293 1805 2326 nam
1830 2295 1989 2342 propr.
2011 2283 2238 2328 mulieres
2259 2283 2465 2329 univirae
2490 2285 2538 2328 in
2564 2286 2700 2330 laude

1690 2351 1829 2393 erant
1867 2348 1995 2405 apud
2039 2348 2299 2394 Romanos.
2367 2347 2586 2395 Nomina
2618 2363 2701 2394 au-

1692 2415 1788 2455 tem
1826 2412 2114 2456 maritorum
2147 2412 2342 2458 inscribi
2376 2412 2598 2458 solebant
2631 2426 2698 2458 se·

1689 2475 1871 2533 pulcris
1892 2489 2114 2522 uxorum.
2151 2477 2302 2531 titulo,
2321 2478 2586 2537 epitaphio.

1750 2538 2022 2587 281-241.
2044 2540 2193 2587 Nulla
2211 2549 2284 2587 est
2300 2537 2571 2601 conjugalis
2583 2545 2700 2589 fides

1694 2609 1742 2647 et
1764 2605 2034 2660 concordia,
2053 2606 2182 2651 salva
2199 2606 2250 2652 h.
2266 2618 2307 2650 e.
2326 2606 2522 2653 vivente
2544 2620 2700 2664 socru,

1693 2669 1804 2726 quae
1821 2675 2050 2728 praeterea
2069 2670 2216 2715 filiam
2237 2670 2380 2715 malis
2398 2671 2585 2716 artibus
2602 2685 2701 2717 mo·

1691 2731 1920 2792 ribusque
1951 2734 2177 2780 instituit.
2256 2733 2370 2781 232.
2407 2735 2487 2782 cf.
2516 2748 2624 2795 sup.
2655 2750 2698 2781 v.

1696 2794 1802 2841 149.
1834 2811 1934 2857 seq.
1968 2804 2017 2843 et
2050 2796 2161 2844 210.
2202 2797 2327 2844 docet
2360 2799 2509 2844 filiam
2544 2814 2700 2847 suam.

1690 2860 1826 2919 vendi,
1862 2863 2031 2908 nudati
2064 2863 2257 2921 opibus,
2292 2863 2370 2907 vel
2402 2864 2464 2908 ad
2499 2876 2699 2924 pauper-

1688 2929 1837 2972 tatem
1870 2925 2050 2972 redacti
2083 2928 2145 2971 ab
2171 2939 2337 2973 uxore.
2406 2926 2517 2973 233.
2541 2929 2590 2974 4.
2625 2928 2697 2975 Cf.

1689 2989 1776 3033 inf.
1792 2989 1938 3036 xlv.
1959 2989 2169 3037 25-30,
2191 2988 2381 3045 tabellis,
2396 2992 2551 3037 literis
2566 3006 2697 3038 ama·

1692 3054 1855 3099 toriis:
1902 3067 2017 3100 nam
2050 3054 2262 3101 Romani
2292 3055 2343 3100 in
2379 3056 2562 3102 tabulis
2594 3070 2699 3103 cera

1689 3115 1900 3164 inductis
1921 3118 2221 3173 scribebant;
2256 3121 2385 3165 unde
2400 3125 2454 3165 et
2477 3117 2701 3167 tabellarii

1689 3181 1825 3237 dicti,
1846 3188 1895 3227 et
1916 3196 2028 3229 ceroe
2059 3184 2229 3229 eodem
2262 3194 2408 3229 sensu
2431 3184 2525 3231 inf.
2550 3184 2698 3232 x1v.

1689 3243 1766 3291 29.
1786 3246 2044 3302 rescribere,
2059 3254 2114 3294 ut
2128 3259 2236 3306 sup.
2251 3261 2295 3291 v.
2313 3246 2422 3295 141.
2445 3247 2515 3293 ’Ν
2514 3249 2552 3295 ic
2563 3249 2696 3303 rude.

1688 3310 1924 3357 rusticum
1941 3318 1991 3357 et
2006 3311 2279 3370 inpolitum.
2299 3313 2348 3359 h.
2367 3326 2412 3361 e.
2427 3312 2570 3369 scite,
2585 3327 2698 3360 eon-

1686 3374 1846 3430 cinne‚
1871 3382 2086 3421 venuste.
2117 3373 2190 3421 nil
2209 3377 2427 3437 simplex,
2445 3378 2698 3435 stolidum,

1686 3436 1735 3481 h.
1769 3451 1814 3485 e.
1857 3440 2049 3497 callide,
2093 3452 2205 3485 cum
2251 3448 2355 3489 arte
2392 3448 2442 3488 et
2486 3442 2697 3502 ingenio.

1686 3500 1797 3550 235.
1833 3503 2050 3551 Custodes
2081 3504 2346 3568 pudicitiae,
2370 3506 2513 3552 uxori
2540 3518 2573 3552 a
2593 3519 2697 3553 ma-

1682 3566 1777 3611 rito
1808 3568 2068 3625 adhibitos,
2091 3568 2177 3613 illa
2208 3581 2375 3615 socrus
2406 3578 2496 3617 aut
2527 3569 2695 3634 decipit

1683 3632 1828 3678 variis
1849 3633 2141 3679 commentis
2172 3629 2482 3695 artibusque,¹
2500 3638 2584 3681 aut
2605 3648 2694 3681 ere

1682 3693 1854 3750 domat,
1878 3698 2081 3757 pecunia
2103 3707 2349 3757 expugnat
2381 3706 2433 3756 et
2465 3711 2692 3750 conrump

1682 3759 1772 3818 pit.
1806 3760 1881 3806 cf.
1914 3760 2002 3806 inf.
2035 3763 2096 3807 ad
2131 3775 2178 3807 v.
2211 3759 2324 3810 347.
2356 3762 2473 3809 348.
2509 3773 2694 3824 corpore

1681 3838 1813 3882 sano,
1833 3837 1987 3885 quum
2012 3826 2110 3871 fllia
2129 3838 2246 3871 sana
2279 3826 2344 3872 sit
2363 3835 2414 3872 et
2433 3828 2591 3883 salva.
2610 3825 2695 3876 ad·

1681 3893 1809 3934 vocat
1831 3902 1995 3935 socrus
2014 3890 2322 3949 Archigenem
2344 3891 2611 3951 medicum,
2630 3892 2692 3937 si·

1681 3954 1860 4001 milans
1890 3955 2116 4000 morbum
2152 3954 2285 4013 filiae,
2306 3955 2642 4017 maritumque
2663 3969 2694 4002 a

1680 4018 2015 4077 congressione
2050 4019 2182 4076 flliae,
2204 4020 2481 4079 prohibens,
2504 4027 2563 4067 ut
2595 4020 2693 4082 adi·

1679 4087 1784 4127 tum
1807 4082 2065 4142 locumque
2079 4083 2163 4130 det
2185 4084 2405 4144 xnoechis,
2426 4086 2514 4146 qni
2536 4085 2690 4146 specie

1678 4146 1844 4204 offleii,
1865 4147 1942 4193 vel
1964 4147 2161 4194 absente
2192 4148 2371 4194 marito
2403 4150 2689 4206 adveniunt,

1677 4217 1727 4255 et
1744 4212 1802 4276 in*
1816 4213 1925 4270 ipso
1940 4212 2066 4262 lecto
2082 4212 2267 4266 latent„
2282 4212 2592 4274 Anclaigenes,
2602 4212 2687 4273 ,qui

1677 4275 1728 4320 h.
1752 4276 1783 4321 1.
1807 4282 1857 4322 et
1878 4276 1965 4322 inf.
1988 4273 2134 4323 x111.
2169 4268 2249 4324 98.
2281 4265 2421 4324 xiv.
2455 4276 2570 4324 252.
2601 4288 2686 4337 pro

1676 4341 1847 4398 quovis
1879 4341 2072 4388 medico
2090 4342 2305 4402 ponitur,
2330 4348 2387 4388 ut
2408 4339 2684 4389 Heliodorus
