2978 4920
1032 282 1476 348 SATIRA
1542 237 1675 345 IX.

385 469 655 546 Ravola,
685 467 842 532 dum
874 466 1221 554 Rhodopes
1251 467 1384 538 uda,
1410 466 1559 552 terit
1589 466 1854 556 inguina
1880 467 2124 538 barbae

350 551 360 564 ’
386 574 523 635 Nos
546 569 884 656 colaphum
913 568 1257 633 incutimus
1286 568 1591 634 lambenti
1621 568 2134 636 crustulaservo.
2353 572 2395 633 5

385 676 534 738 Non
564 684 698 737 erat
728 672 846 736 hac
875 672 1036 736 facie
1065 672 1478 742 miserabilior
1512 654 1887 758 Crepereius

384 774 630 853 Pollio,
646 774 761 861 qui
792 772 1105 859 triplicem
1137 795 1397 842 usuram
1427 785 1733 861 praestare
1762 785 2022 860 paratus

389 875 658 953 Circuit,
691 889 755 939 et
784 875 998 942 fatuos
1028 897 1154 938 non
1184 875 1446 944 invenit.

386 982 519 1045 Tot
550 983 781 1066 rugae?
827 991 996 1046 certe
1025 978 1276 1078 modico
1299 985 1642 1050 ,contentus
1669 978 1914 1063 agebas⁴

383 1082 657 1158 Vernam
689 1078 997 1165 equitem,
1028 1079 1294 1143 conviva
1314 1080 1464 1166 joco
1494 1079 1822 1170 mordente
1851 1079 2118 1157 facetus,
2206 1165 2211 1172 Ι

1538 873 1733 942 Unde
1759 886 2017 960 repente

2258 1041 2398 1142 ’10

384 1184 473 1246 Et
506 1182 742 1246 salibus
776 1181 1112 1245 vehemens
1141 1180 1311 1246 intra
1338 1182 1647 1267 pomoeria
1676 1180 1860 1246 natis.

390 1283 619 1352 Omnia
649 1306 816 1348 nunc
847 1297 1103 1348 contra:
1152 1282 1374 1348 vultus
1402 1283 1637 1369 graviS,
1667 1282 1928 1349 horrida
1957 1283 2135 1350 siccae

391 1386 565 1449 Silva
593 1409 809 1463 comae,
843 1385 1060 1456 nullus
1089 1396 1227 1450 tota
1256 1385 1425 1449 nitor
1453 1386 1523 1449 in
1552 1396 1721 1462 cute,
1754 1384 2007 1470 qualem

393 1486 652 1562 Bruttia
681 1486 1032 1574 praestabat
1063 1485 1251 1551 calidi
1277 1485 1403 1558 tibi
1432 1485 1628 1556 fascia
1654 1485 1844 1554 visci:

390 1586 513 1650 Sed
544 1586 890 1662 fruticante
918 1587 1051 1674 pilo
1079 1587 1368 1673 neglecta
1396 1600 1460 1652 et
1496 1586 1788 1674 squalida
1816 1609 2021 1654 crura.

307 1768 394 1801 cus
430 1753 598 1801 Horat:
630 1755 731 1801 Sat.
758 1753 801 1801 Ι.
832 1754 880 1802 6.
917 1755 1023 1802 120.
1053 1755 1163 1802 121.
1200 1749 1323 1818 (vid.

308 1818 552 1881 Boettiger
589 1817 638 1865 in
675 1817 915 1867 Wielandi
954 1820 1126 1868 Museo
1161 1818 1324 1867 Attico

299 1883 360 1931 Τ.
391 1883 434 1930 I.
463 1885 577 1931 fasc.
610 1886 658 1931 2.
687 1900 734 1948 p.
771 1885 1046 1932 285-358.
1111 1886 1160 1934 3.
1191 1885 1325 1931 vultu

309 1956 495 1995 moesto.
560 1949 608 1995 4.
648 1948 835 2003 Ravola,
880 1962 928 1996 a¹
952 1949 1075 1996 facto
1121 1947 1323 1997 nominis

305 2011 636 2075 etymologiam
672 2012 837 2061 sumsit
868 2022 1022 2077 poeta,
1047 2021 1140 2061 vet.
1163 2013 1323 2063 Schol.

304 2085 479 2140 putans
501 2078 635 2135 forte,
661 2077 845 2124 Ravoloe
870 2077 1058 2124 nomine
1087 2077 1189 2125 desi
1223 2077 1325 2125 nari

295 2142 518 2197 moutam,
556 2141 632 2189 vel
668 2143 878 2188 ranulam
919 2157 959 2188 s.
991 2158 1167 2198 ravum,
1234 2176 1247 2191 .
1276 2160 1320 2191 e.

295 2220 512 2254 raucum.
565 2208 687 2261 terit,
724 2204 891 2268 λιῖχιι,
938 2203 1092 2269 lingit,
1133 2207 1321 2258 lambit.

297 2270 544 2331 Rhodopes,-
579 2270 741 2318 fictum
771 2285 959 2325 nomen,
977 2279 1034 2318 *ut
1064 2272 1254 2328 Ravola,
1275 2280 1325 2322 et

301 2335 518 2390 ductum,
541 2343 595 2383 ut
626 2343 810 2400 putant,
834 2350 865 2394 a
901 2334 1080 2384 famosa
1111 2336 1199 2384 illa
1223 2351 1323 2385 me-

300 2399 472 2459 retrice
511 2399 571 2458 de
609 2415 705 2464 qua
739 2416 787 2454 v.
811 2399 1053 2448 ‘Herodot.
1091 2401 1166 2450 II.
1212 2403 1331 2450 134.-

307 2466 424 2513 135.
455 2466 611 2514 Strab.
641 2464 815 2514 XVII.
849 2463 975 2513 Plin.
1000 2466 1080 2513 36.
1107 2468 1183 2514 12.
1216 2467 1329 2530 (ubi

307 2530 534 2591 Rhodope,
568 2545 679 2585 non,¹
713 2537 765 2577 ut
795 2529 990 2584 Graecis‚
1022 2529 1221 2585 ‘9⁶33aeae
1245 2547 1325 2580 vo-

306 2597 470 2658 catur)
494 2603 543 2643 et
573 2595 755 2644 AElian.
778 2596 841 2644 V.
864 2595 931 2644 H.
956 2596 1107 2644 XIII.
1129 2598 1210 2645 33.
1244 2597 1327 2645 ubi

307 2659 372 2708 cf.
394 2660 606 2708 Perizon.

374 2728 423 2773 5.
456 2726 567 2773 Non
591 2723 756 2773 mirum
789 2733 877 2782 est,
903 2724 1156 2781 Ravolam,
1182 2725 1256 2774 vel
1277 2733 1325 2774 te

307 2790 479 2854 ipsum,
503 2790 543 2838 si
562 2789 659 2839 tale
691 2789 874 2838 facinus
895 2790 1197 2847 commiseris,
1220 2790 1325 2838 tris-

308 2863 405 2901 tem
426 2869 527 2902 esse
554 2854 614 2903 ob
643 2869 839 2918 poenam
859 2870 1003 2918 quam
1024 2855 1226 2911 dederiS,
1248 2855 1327 2904 vel

302 2933 500 2984 poenam
540 2925 762 2973 metuere,
834 2935 947 2967 uum
1004 2920 1149 2967 etiam
1197 2919 1325 2968 servi

307 2999 406 3031 11011
438 2982 527 3030 nisi
559 2981 788 3030 dulciaria
842 2984 1085 3039 ambentes
1122 2984 1326 3048 punian-

310 3056 415 3106 tur3
450 3046 541 3094 nisi
562 3061 727 3095 sensus
747 3047 901 3110 potius
922 3058 1017 3094 est:
1051 3062 1199 3104 servo,
1221 3048 1324 3112 pla-

307 3121 471 3161 centas
524 3109 768 3164 lambenti,
820 3111 1071 3184 colapbum
1121 3111 1326 3176 inpingi-

309 3193 440 3235 mus3
493 3184 543 3224 at
594 3175 817 3240 ingenuo,
872 3176 1152 3224 femmarum
1205 3177 1350 3225 lam--

307 3242 438 3290 beuti
473 3241 689 3306 inguina,
726 3240 773 3290 11.
805 3230 873 3288 e.⁸
892 3239 1091 3295 fellanti,
1126 3240 1330 3304 ignosci-

312 3322 443 3354 mus:
497 3307 708 3370 adeoque
752 3321 848 3354 non
890 3312 977 3359 est,
1016 3305 1144 3368 quod
1181 3306 1328 3369 stupri

315 3384 462 3420 causa
485 3370 578 3419 tibi
612 3372 795 3420 timeas.
860 3368 939 3418 Cf.
964 3369 1058 3418 XI.
1084 3370 1194 3418 174.
1229 3386 1326 3434 seq.

312 3436 408 3484 Sed
440 3443 638 3499 utraque
668 3435 787 3483 ratio
816 3434 937 3482 dura
967 3440 1055 3491 est,
1077 3440 1127 3481 et
1144 3450 1329 3482 versum

312 3501 414 3548 fere
431 3499 658 3549 excidisse
679 3499 907 3565 suspicari
926 3498 1092 3562 possis.

378 3567 427 3612 6.
461 3567 541 3612 hac
554 3565 701 3629 facie,
731 3579 827 3628 qua
851 3572 910 3612 ⁴tu
938 3577 1003 3611 es.
1074 3563 1331 3627 Crepereius

314 3630 464 3677 Ροιιίο
505 3630 629 3678 forte
661 3629 828 3686 idems
843 3627 979 3693 cujus
1019 3626 1211 3675 luxuria<
1244 3627 1327 3676 inf.

314 3695 413 3742 -XL
436 3695 515 3742 43.
536 3702 737 3742 notatur.
795 3696 840 3743 7.
860 3703 1091 3756 proestare,
1114 3693 1336 3757 pendere.

315 3761 365 3807 Β.
385 3760 564 3824 Ῑὶιττιοε,
585 3759 768 3814 stultos,
793 3758 875 3823 qui
898 3756 1147 3823 pecuniam
1169 3757 1213 3806 ei
1234 3773 1335 3806 cre·

318 3823 485 3872 derent
505 3839 598 3872 non
618 3823 870 3879 reddituro.

378 3890 428 3936 9.
463 3888 617 3954 Ruga·
652 3897 752 3937 tam
787 3887 851 3936 ad
892 3886 1130 3936 tristitiam
1172 3886 1328 3936 referri

313 3961 527 4017 possunt,
548 3956 623 4018 (v.
641 3970 747 4019 sup.
769 3953 832 4002 ad
856 3969 899 4000 v.
918 3952 994 4015 2.)
1013 3967 1159 4017 quam
1175 3952 1237 4001 ad
1258 3967 1330 4001 se-

311 4025 572 4074 nectutem,
596 4026 787 4082 propter
815 4018 1032 4082 inpurum
1054 4018 1163 4064 vitae
1186 4031 1333 4080 genus

309 4083 441 4131 ocius
473 4084 791 4148 obrepentem.
846 4081 925 4133 cf.
945 4081 1028 4130 inf.
1049 4097 1097 4128 v.
1124 4081 1202 4131 16.
1235 4098 1331 4146 seq.

308 4154 360 4195 et
383 4148 495 4195 129.
562 4148 658 4196 Sed
675 4147 791 4195 forte
807 4146 901 4210 leg.
922 4161 1076 4212 rugas,
1098 4148 1226 4210 quod
1247 4163 1329 4196 ex-

309 4210 530 4275 quisitius
563 4220 651 4260 est.
685 4229 729 4262 v.
758 4210 929 4260 Heius.
969 4211 1032 4259 ad
1065 4211 1209 4259 ovid.
1239 4213 1330 4277 Ep.

311 4278 429 4326 Her.
465 4277 588 4324 XII.
625 4279 705 4325 84.
737 4278 901 4324 modico
934 4276 1103 4339 exigua
1134 4290 1198 4332 re,
1233 4292 1331 4325 mo·

312 4341 433 4391 dicis
459 4341 645 4407 opibus.
714 4343 791 4390 10.
816 4342 972 4405 agebas
997 4341 1202 4403 equitem,
1225 4340 1274 4391 h.
1293 4356 1334 4389 e·

2319 1586 2402 1649 15

1386 1756 1487 1819 ejus
1506 1754 1678 1817 agebas
1709 1761 1882 1820 partes,
1907 1754 1981 1803 vel
2010 1768 2255 1820 personam
2285 1753 2401 1802 fere-

1387 1820 1491 1867 bas.
1534 1861 1537 1864 ,
1563 1822 1713 1867 Veraa
1731 1820 1874 1868 etiam
1894 1818 2124 1883 adjective
2143 1818 2330 1874 dicitur,
2348 1827 2403 1867 ut

1386 1885 1591 1941 vernula,
1613 1891 1662 1933 et
1693 1885 1741 1932 11.
1763 1884 1794 1931 1.
1831 1899 1924 1932 non
1951 1884 2013 1934 ad
2045 1883 2262 1933 servilem
2291 1891 2400 1934 tan-

1385 1957 1483 1996 tum
1512 1948 1699 1998 Naevoli
1718 1948 2048 2005 conditionem,
2070 1948 2155 1997 sed
2175 1948 2239 1998 ad
2254 1961 2259 1964 ·
2272 1963 2400 1996 scur-

1387 2013 1520 2062 rilem
1548 2029 1735 2077 quoque
1775 2013 2072 2064 dicacitatem
2106 2012 2263 2062 referri
2294 2022 2405 2080 pot·-

1388 2087 1486 2126 est:
1523 2093 1634 2126 nam
1666 2093 1840 2136 vernae,
1862 2079 1912 2128 h.
1929 2095 1974 2128 e.
2007 2078 2126 2127 servi
2158 2091 2217 2127 ex
2249 2078 2397 2126 ancil-

1384 2142 1443 2191 lis
1466 2142 1594 2191 domi
1628 2144 1742 2199 nati,
1761 2158 1791 2191 a
1808 2142 2008 2192 dominis
2041 2142 2199 2191 mitius
2232 2142 2401 2191 ceteris

1385 2208 1723 2263 tractabantur,
1765 2215 1813 2255 et
1851 2217 1953 2255 tum
1994 2207 2254 2265 facetiore8‚
2297 2214 2401 2257 tum

1385 2271 1678 2337 procaciores
1694 2286 1796 2321 esse
1812 2273 2027 2320 solebant
2041 2290 2054 2333 ;
2088 2272 2215 2321 unde
2234 2275 2402 2322 vernile

1388 2341 1576 2397 dictum,
1621 2338 1807 2385 veo-nites
1858 2337 2103 2395 blanditiae,
2155 2338 2410 2401 ver-nilum,

1389 2403 1640 2459 verniliter,
1681 2403 1870 2450 vernula
1918 2404 2165 2450 urbanitas.
2232 2402 2310 2450 Cf.
2343 2402 2404 2451 de

1391 2467 1594 2516 Noevolo
1637 2466 1853 2517 Martial.
1897 2467 1997 2515 III.
2038 2468 2119 2516 95.
2167 2468 2241 2515 10.
2305 2468 2402 2516 Sed

1389 2549 1529 2580 verna
1559 2547 1684 2595 eques
1715 2540 1786 2580 est
1816 2530 1971 2596 potius
1994 2530 2042 2578 h.
2059 2531 2094 2578 l.
2114 2531 2240 2579 filius
2266 2532 2400 2595 equi-

1391 2597 1470 2655 tis,
1495 2613 1522 2645 e
1550 2611 1686 2645 serva
1746 2594 1916 2652 enitus,
1936 2603 1989 2644 ut
2021 2611 2098 2661 ap.
2122 2595 2337 2645 Martial.
2359 2599 2404 2645 Ι.

1388 2663 1467 2710 85.
1491 2675 1631 2726 quem
1652 2613 1778 2710 vidge.
2234 2704 2237 2707 .
2402 2706 2405 2709 .

1411 2746 1412 2749 ¹
1458 2727 1537 2775 11.
1579 2727 1828 2783 Vehemens,
1849 2740 1971 2782 acer,
1991 2726 2154 2773 salibus
2172 2727 2297 2772 intra
2324 2741 2401 2788 po·

1389 2794 1544 2840 moeria
1576 2793 1708 2848 natis,
1728 2790 1810 2855 qni
1831 2789 2141 2840 Ciceroni·ad
2171 2789 2285 2838 Div.
2308 2789 2404 2840 IX.

1393 2857 1470 2904 15.
1504 2859 1668 2905 urbani
1702 2858 1825 2914 sales,
1861 2864 1908 2904 et
1947 2856 2080 2904 nobis
2122 2856 2405 2905 Stadtenvitz

1388 2920 1627 2977 dicuntur,
1665 2920 1864 2976 facetiae,
1905 2921 2069 2984 quales
2111 2935 2212 2969 esse
2249 2919 2403 2969 solent

1388 2984 1631 3033 hominum
1663 2985 1714 3033 in
1749 2985 1864 3034 urbe
1896 2984 2148 3034 liberaliter
2180 2984 2402 3034 educato-

1389 3065 1509 3097 rum.
1577 3050 1842 3099 Pomaerium
1876 3050 1923 3097 11.
1957 3051 1990 3097 l.
2022 3066 2106 3116 pro
2142 3049 2247 3114 ipsa
2284 3049 2402 3099 urbe

1389 3114 1467 3162 vel
1497 3130 1629 3163 muro
1663 3115 1883 3189 positum.
1948 3113 2140 3180 Propria
2168 3114 2297 3163 verbi
2329 3115 2401 3163 vis

1391 3185 1504 3226 nota
1535 3195 1594 3228 ex
1619 3178 1721 3228 Liv.
1746 3180 1788 3228 Ι.
1809 3181 1888 3227 44.
1960 3179 2040 3227 ell.
2065 3180 2215 3228 XIII.
2245 3180 2318 3227 14.
2350 3189 2401 3228 et

1391 3243 1530 3292 Varr.
1552 3246 1611 3293 L.
1630 3246 1688 3293 L.
1709 3246 1803 3294 IV.
1823 3245 1929 3307 32.)
2000 3246 2074 3293 13.
2097 3246 2232 3308 Sylva
2251 3257 2407 3305 eomoe,

1389 3316 1645 3366 comarum,
1668 3317 1722 3357 ut
1749 3324 1860 3357 nos:
1895 3311 1969 3357 ein
1998 3308 2131 3357 Wald-
2161 3325 2245 3356 von
2269 3308 2403 3354 Haa-

1390 3388 1489 3428 ren,
1536 3375 1739 3438 buschige
1774 3374 1944 3428 Haare,
1976 3372 2026 3420 11.
2054 3389 2097 3421 e.
2140 3371 2290 3420 crines
2328 3370 2402 3419 in-

1391 3436 1554 3494 comti,
1589 3436 1727 3512 crispi
1760 3446 1806 3486 et
1842 3436 2067 3502 perplexi.
2100 3437 2280 3483 horrida
2311 3438 2404 3499 syl-

1391 3517 1449 3548 va
1468 3517 1614 3557 cmnae,
1637 3515 1790 3550 crines
1817 3499 1986 3549 erecti:
2023 3515 2134 3549 nam
2163 3501 2337 3548 horrere
2356 3508 2408 3550 et

1394 3563 1581 3631 φρίσσω
1621 3565 1803 3632 proprie
1838 3563 2073 3621 dicuntur,
2108 3580 2217 3629 quae
2251 3575 2408 3616 erecta

1394 3637 1506 3678 sunt
1545 3630 1619 3678 vel
1661 3628 1884 3687 eminent,
1927 3637 1981 3678 ut
2000 3646 2001 3649 ¹
2017 3637 2213 3694 segetes,
2258 3645 2406 3689 arma,

1431 3695 1501 3750 ili,
1525 3702 1654 3744 setae.
1727 3695 1861 3743 Coma
1876 3696 2007 3752 sicca,
2025 3703 2079 3743 ut
2099 3710 2175 3760 ap.
2194 3696 2412 3755 Martial.

1397 3711 1463 3808 it.
1485 3761 1566 3808 72.
1591 3761 1668 3808 11.
1699 3759 1777 3808 cui
1803 3760 2050 3826 obponitur
2075 3762 2271 3821 madida,
2292 3762 2343 3811 h.
2365 3777 2410 3811 e.

1397 3825 1649 3889 unguentis
1669 3822 1896 3874 delibuta.

1461 3891 1538 3939 14.
1572 3890 1803 3940 Homines
1849 3890 2099 3947 molliores,
2147 3891 2297 3955 glabri
2349 3899 2403 3939 ut

1392 3963 1553 4005 essent
1580 3965 1628 4004 et
1661 3965 1816 4005 cutem
1852 3954 2125 4020 levigarent,
2160 3955 2279 4021 pilos
2317 3954 2407 4002 sibi

1397 4019 1474 4068 vel·
1508 4021 1723 4080 evellere,
1743 4022 1819 4071 vel
1889 4020 2067 4069 silothri
2092 4026 2153 4068 ·et
2189 4017 2407 4082 dropacis

1393 4082 2410 4215 11111111..1111111111111

1396 4214 1574 4264 Bruttii
1591 4215 1722 4272 visci,
1743 4216 1793 4263 h.
1814 4228 1857 4262 e.
1877 4213 2056 4280 repleta
2075 4209 2404 4274 Bruttialpice.

1398 4278 1653 4343 Epitheton
1703 4285 1861 4327 ornat:
1925 4288 2035 4324 nam
2084 4272 2271 4322 Brattia
2315 4275 2406 4339 (al.

1403 4342 1586 4399 Brutia,
1612 4341 1801 4409 nevela)
1823 4341 1903 4406 pix
1929 4349 2171 4404 tamquam
2199 4339 2408 4390 omnium

1510 4409 1701 4469 2c2
