2978 4920
589 341 720 420 198

672 534 823 599 Non
851 542 1052 619 egeat.

1295 335 1969 409 JUVENALrs

1144 525 1272 593 Sed
1300 545 1411 592 vos
1440 548 1638 591 saevas
1663 524 1954 613 inponite
1980 523 2172 611 leges,

672 636 771 700 Ut
799 628 1177 722 praeceptori
1206 628 1545 694 verborum
1573 623 1799 716 regula
1824 625 2092 705 constet,
2250 622 2257 629 ’

2549 626 2671 690 QG

668 735 769 800 Ut
797 735 968 821 legat
997 730 1312 806 historias,
1342 740 1634 794 auctores
1662 725 1912 792 noverit
1939 748 2180 805 omnes,

673 840 1037 925 Tamquam
1066 855 1314 922 ungues
1341 825 1712 920 digitosque
1741 827 1927 897 suos:
1977 843 2052 896 ut
2080 831 2251 896 forte
2277 841 2565 917 rogatus,

673 939 848 1002 Dum
878 938 1043 1024 petit
1071 946 1184 1000 aut
1212 934 1494 1002 thermas
1520 943 1635 997 aut
1665 931 1896 997 Phoebi
1926 931 2174 1010 balnea,
2205 928 2379 994 dicat

672 1038 1006 1103 Nutricem
1035 1033 1358 1113 Anchisae,
1388 1055 1618 1098 nomen
1647 1033 2052 1121 patriamque
2078 1053 2367 1096 novercae

672 1137 1091 1212 Anchemoli;
1138 1136 1332 1216 dicat,
1362 1147 1523 1223 quot
1554 1137 1818 1199 Acestes
1851 1134 2082 1199 vixerit
2111 1155 2330 1211 annos,

2549 1133 2667 1195 235

676 1240 851 1317 Quot
884 1238 1135 1304 Siculus
1164 1236 1534 1324 Phrygibus
1562 1236 1693 1300 vini
1721 1235 2050 1300 donaverit
2079 1256 2290 1299 urnas.

676 1340 961 1427 Exigite,
992 1354 1067 1405 ut
1095 1360 1299 1405 mores
1330 1350 1578 1403 teneros
1606 1361 1721 1403 ceu
1751 1336 1982 1425 pollice
2010 1336 2229 1415 ducat,

639 1459 647 1466 “
676 1444 775 1507 Ut
803 1442 856 1507 si
883 1442 1028 1530 quis
1056 1437 1200 1508 cera
1227 1441 1482 1508 vultum
1511 1440 1666 1506 facit
1690 1463 1711 1504 t
1754 1440 2012 1526 exigite,
2044 1451 2119 1504 ut
2151 1439 2235 1505 sit

676 1547 769 1611 Et
794 1557 978 1633 pater
1004 1545 1209 1631 ipsius
1236 1555 1463 1623 coetu8‚
1492 1565 1573 1608 ne
1603 1542 1819 1629 turpia
1847 1542 2155 1620 ludantyff

677 1647 779 1710 Ne
806 1645 1041 1711 faciant
1068 1645 1334 1710 vicibus.
1378 1666 1507 1708 non
1538 1655 1634 1709 est
1662 1644 1823 1722 leve,
1853 1655 1952 1708 tot
1981 1664 2329 1729 puerorum

592 1810 686 1908 {1⁹2¹
686 1811 749 1908 οὲ
768 1805 996 1909 ’effi
1016 1793 1599 1922 ‘afflfflssfflffl‘

594 1923 767 1972 deinde
778 1924 884 1988 lege
899 1922 1037 1970 Livia
1051 1929 1099 1970 et
1110 1922 1303 1970 Plautia
1313 1922 1604 1970 senatoribus

592 1996 644 2037 ct
656 1987 907 2052 Equitibus
919 1986 1048 2043 data,
1065 1995 1168 2033 tum
1190 2001 1220 2034 a
1243 1986 1300 2034 C.
1317 1985 1450 2033 Sulla
1466 2000 1602 2033 sena·

597 2051 777 2104 toribus
787 2050 1017 2106 restituta,
1029 2057 1077 2097 et
1091 2049 1283 2097 tandem
1295 2050 1397 2120 lege
1412 2049 1607 2100 Aurelia

600 2116 659 2164 L.
678 2113 861 2164 Aurelii
883 2114 1035 2163 Cottas
1055 2114 1202 2161 tribus
1222 2112 1460 2162 ordinibus
1478 2129 1605 2162 com-

600 2179 764 2228 munia
775 2180 901 2229 facta
909 2178 1097 2233 esse,ita
1110 2187 1164 2226 ut
1173 2178 1343 2226 exinde
1353 2188 1605 2236 senatores,

601 2245 815 2307 Equites,
835 2251 883 2292 et
903 2258 931 2292 e
950 2241 1087 2309 plebe
1106 2242 1279 2290 tribuni
1300 2242 1452 2290 aerarii
1477 2242 1609 2306 judi-

599 2315 776 2364 carent,
798 2316 845 2356 et
876 2305 925 2355 in
957 2306 1153 2371 singulis
1177 2305 1370 2373 judiciis
1401 2320 1428 2355 e
1460 2308 1608 2356 tribus

599 2371 700 2420 istis
721 2371 923 2421 decuriis
942 2371 1007 2421 ali
1038 2379 1122 2420 not
1147 2372 1427 2435 legerentur.
1491 2372 1606 2419 Ter-

597 2436 714 2486 tiam
767 2437 957 2502 quidem
1007 2389 1265 2494 decuriam,
1318 2436 1607 2485 tribunorum

599 2501 883 2559 aerariorum,
905 2503 965 2551 C.
987 2502 1153 2551 Caesar
1182 2501 1380 2550 dictator
1403 2500 1606 2560 sustulit,

597 2567 685 2621 sed
703 2584 811 2619 mox
830 2566 1031 2615 restituit
1050 2567 1310 2631 Augustus.

609 2642 614 2647 ’
635 2630 644 2637 ‘
663 2633 777 2681 229.
808 2647 943 2698 seqq.
984 2630 1150 2680 Nihilo
1197 2631 1351 2680 secius
1389 2639 1609 2696 parentes

599 2695 808 2763 exigunt,
874 2705 929 2745 ut
1004 2695 1355 2745 Grammaticus
1431 2694 1606 2751 omnia,

596 2761 741 2810 etiam
757 2761 1014 2817 levissima,
1030 2760 1164 2816 sciat,
1185 2768 1234 2809 et
1254 2758 1328 2822 (v.
1348 2759 1462 2806 237.
1482 2760 1607 2824 seq.)

596 2839 915 2936 quoscumque
959 2824 1080 2872 filios
1123 2823 1192 2872 ita
1230 2831 1285 2872 ut
1335 2829 1519 2886 optant,
1560 2828 1609 2872 et

631 2898 746 2954 ngat
777 2899 826 2938 et
857 2896 1000 2938 amet.
1064 2887 1145 2936 Ad
1174 2887 1605 2936 Grammaticorum

601 2962 748 3001 artem
770 2954 940 3003 Cicero
961 2952 1103 3002 refert
1130 2960 1375 3018 poetarum
1395 2957 1602 3016 pertrac-

598 3017 840 3075 tationem,
861 3015 1156 3065 historiarum
1178 3014 1508 3080 cognitionem,
1531 3017 1609 3064 in..

596 3081 977 3145 tei-pretationem
1014 3082 1258 3129 verborum
1300 3088 1349 3129 et
1433 3096 1606 3130 ronun-

596 3144 751 3195 tiandi
785 3144 1036 3208 quemdam
1073 3158 1256 3202 sonum,
1290 3145 1350 3193 de
1431 3152 1520 3194 rat.
1563 3146 1608 3197 Ι.

599 3209 680 3256 42.
704 3206 850 3257 Plura
872 3206 1071 3266 Quintil.
1089 3209 1132 3257 1.
1154 3209 1201 3257 4.
1266 3207 1352 3257 Sed
1380 3225 1451 3256 vos
1480 3211 1607 3271 iupa-

598 3273 693 3321 nite
712 3281 803 3321 cet.
823 3272 1098 3338 apostrophe
1120 3271 1180 3319 ad
1200 3280 1444 3337 parentes:
1481 3274 1605 3337 agite

596 3348 725 3403 ergo,
748 3335 957 3404 inponite
988 3344 1081 3386 cet.
1143 3334 1256 3385 230.
1278 3339 1504 3385 verborum
1533 3355 1604 3388 re-

591 3405 724 3467 gula,
746 3417 855 3466 quoe
886 3415 1015 3451 nune
1046 3399 1227 3479 proprie
1249 3399 1419 3451 dicitur
1448 3417 1604 3465 gram-

596 3469 786 3516 matica.
849 3468 963 3516 232.
987 3475 1171 3521 nonme,
1194 3475 1415 3531 tamquam
1435 3483 1607 3541 ungues

594 3532 838 3597 digitosque
855 3546 970 3587 suos,
991 3531 1198 3596 vulgaris
1217 3546 1274 3579 ac
1297 3532 1606 3605 proverbialis

595 3595 796 3645 locutio:
832 3612 925 3661 quo
945 3596 1039 3645 fere
1060 3611 1200 3645 sensu
1220 3594 1387 3644 dicitur
1405 3597 1606 3660 digerere

595 3662 644 3708 in
665 3663 923 3726 digitosap.
944 3659 1147 3719 Quintil.
1168 3660 1260 3708 XI.
1283 3661 1330 3709 3.
1353 3662 1393 3724 ς.
1420 3661 1529 3711 114.
1556 3669 1606 3711 et

595 3722 803 3772 nostrum
819 3724 914 3789 auf
924 3728 1010 3774 (len
1032 3725 1118 3773 Pin
1151 3741 1232 3773 ern
1250 3725 1497 3773 hmiihlen.

660 3789 774 3837 233.
794 3786 858 3835 In
873 3789 1050 3839 thermis
1064 3804 1120 3838 su
1155 3803 1233 3838 are
1248 3789 1461 3838 solebant
1475 3796 1604 3838 vete-

596 3867 686 3910 res,
716 3851 766 3900 in
803 3852 969 3901 balneis
1005 3853 1180 3902 lavare.
1249 3852 1420 3901 Balnea
1454 3854 1604 3902 Phoeb.

596 3920 766 3983 putant
783 3930 885 3965 esse
912 3915 1084 3965 balnea
1116 3916 1309 3974 Phoebi,
1329 3916 1483 3966 liberti
1504 3918 1605 3965 Ne-

595 3982 736 4039 ronis,
765 3979 909 4044 (Tac.
942 3980 1069 4028 Anu.
1104 3980 1248 4029 XVI.
1283 3980 1357 4037 5.)
1391 3978 1481 4029 vel’
1499 3981 1602 4030 bal-

596 4045 799 4096 neatoris
831 4043 897 4093 sic
930 4043 1059 4101 dicti,
1082 4044 1159 4093 vel
1181 4043 1300 4093 rivos
1322 4052 1405 4093 aut
1436 4051 1606 4108 stagna

594 4116 643 4159 et
672 4109 871 4160 flumina
901 4106 998 4157 sole
1030 4107 1276 4164 calefacta,
1296 4109 1372 4158 vel
1406 4110 1600 4164 Cumas.

594 4175 678 4224 ubi
721 4174 935 4224 Phoebus
973 4172 1127 4221 cultus
1167 4171 1243 4230 sit,
1285 4173 1409 4222 unde
1452 4173 1607 4222 Phoebi

592 4243 708 4289 vada
792 4273 806 4288 .
839 4237 1053 4287 Martini.
1090 4239 1243 4287 Vetus
1265 4237 1423 4286 Schol.
1448 4244 1481 4266 “
1498 4236 1602 4286 Pri·

594 4310 717 4357 Qatae
730 4254 955 4361 abalneae,
997 4318 1106 4368 quae
1147 4301 1323 4367 qunes
1358 4301 1602 4368 adpellan-

593 4368 896 4418 tunm-234.
920 4382 1020 4432 seq.
1040 4367 1284 4433 Ejusmodi
1303 4365 1437 4417 vanis
1466 4384 1601 4433 quae·

2549 1645 2673 1707 240
2736 1657 2742 1662 ,

1665 1792 1895 1841 stionibus
1927 1792 2039 1841 olim
2077 1799 2125 1841 et
2158 1790 2316 1841 vexari
2353 1791 2586 1844 solebant,
2631 1799 2677 1838 et

1666 1856 1889 1905 delectari
1912 1857 2239 1913 Grammatici,
2260 1865 2315 1904 ut
2332 1864 2500 1921 postea
2530 1855 2673 1903 Scho-

1667 1921 1835 1975 lastici,
1859 1930 1906 1969 et
1933 1921 2074 1970 etiam
2098 1938 2222 1969 nunc
2254 1920 2446 1985 quidam
2469 1920 2676 1967 Philolo-

1668 2001 1846 2049 gorum‚
1870 1986 1990 2052 inpr.
2042 2002 2127 2034 uos
2159 1985 2400 2036 Pedantas
2431 1985 2573 2048 vulgo
2606 1984 2674 2031 di-

1669 2058 1810 2109 cunt3
1852 2051 1985 2114 quasi
2051 2050 2091 2097 is
2121 2050 2263 2099 etiam
2295 2050 2559 2098 levissimas
2591 2064 2677 2104 res,

1667 2122 1716 2162 et
1748 2130 1853 2178 qua:
1875 2130 1937 2163 ex
1955 2114 2146 2170 historia
2167 2130 2261 2163 non
2293 2121 2522 2169 constent,
2544 2113 2677 2178 igno·

1669 2193 1772 2227 rare
1803 2178 2120 2244 turpissimum
2152 2178 2231 2228 sit.
2261 2179 2342 2227 cf.
2364 2180 2495 2227 Suet.
2516 2177 2675 2226 Tiber.

1669 2257 1713 2291 c.
1735 2244 1813 2292 56.
1834 2253 1883 2292 et
1903 2244 1981 2292 70.
2017 2243 2145 2293 Gell.
2170 2243 2312 2291 XIV.
2333 2244 2378 2291 6.
2414 2241 2618 2301 Quintil.
2638 2243 2679 2291 I.

1671 2307 1718 2354 8.
1738 2315 1786 2355 et
1805 2309 1982 2357 Jacobs
1999 2308 2060 2355 ad
2081 2307 2274 2356 Anthol.
2296 2307 2383 2355 Gr.
2400 2307 2511 2356 Vol.
2532 2307 2602 2355 11.
2622 2307 2678 2355 P.

1672 2370 1744 2418 ΙΙ.
1766 2388 1811 2436 p.
1838 2373 1942 2420 178.
2009 2371 2183 2419 Nutrix
2205 2373 2411 2420 Anchise
2424 2370 2679 2438 Tisiphone

1671 2432 1816 2494 dicta,
1850 2435 1889 2485 si
1921 2436 2066 2486 veteri
2098 2437 2255 2486 Schol.
2287 2444 2337 2486 et
2367 2452 2553 2485 noverea
2586 2438 2679 2484 Au-

1671 2502 1850 2549 chemoli
1863 2502 1954 2565 (al.
1970 2502 2246 2566 Archemori)
2263 2502 2506 2566 Casperia,
2522 2501 2561 2549 si
2575 2503 2677 2550 Ser·

1671 2565 1748 2613 vio
1779 2564 1896 2614 fides
1929 2564 2147 2614 habenda
2179 2567 2242 2615 ad
2281 2566 2418 2630 Virg.
2458 2568 2575 2615 ffiln.
2614 2567 2677 2613 X.

1672 2630 1784 2681 389.
1816 2645 1957 2695 quem
1993 2631 2147 2678 locum
2180 2633 2211 2681 J
2216 2630 2427 2679 uvenalis
2462 2629 2679 2709 respexit.

1671 2694 1785 2743 235.
1816 2696 2002 2749 Acestes,
2034 2694 2117 2759 qui
2151 2699 2236 2744 αὐὶ
2267 2705 2475 2743 maturus
2511 2696 2679 2744 dicitur

1674 2757 1806 2824 Virg.
1831 2760 1947 2807 AEn.
1969 2759 2034 2808 V.
2055 2761 2136 2809 73.
2202 2759 2321 2814 Quot
2340 2777 2499 2817 urnas,
2520 2760 2676 2815 eadm,

1669 2825 1765 2871 vini
1777 2824 1957 2872 Siculus
1972 2839 2052 2872 rex
2069 2823 2269 2873 Acestes
2281 2827 2511 2873 donaverit
2530 2825 2676 2887 Phry-

1664 2889 1814 2951 gibus,
1836 2889 2008 2936 AEneoe
2040 2896 2088 2937 et
2118 2887 2352 2955 Trojanis‚
2384 2889 2470 2937 hos
2505 2889 2586 2937 itio
2617 2888 2676 2937 ab

1668 2951 1980 3065 epssgrtffiptis.
2011 2968 2058 3002 v.
2078 2952 2211 3018 Virg.
2236 2953 2353 3002 AEn.
2374 2955 2420 3002 I.
2443 2902 2550 3002 135.
2583 2968 2678 3016 seq.

1669 3030 1696 3063 e
1737 3032 1752 3063 1
1786 3033 1802 3064 ι
1873 3033 1899 3065 e
1934 3032 2006 3065 ne.

1735 3081 1850 3130 237.
1922 3115 1935 3129 .
1978 3079 2052 3130 cf.
2086 3096 2140 3130 su
2178 3116 2191 3130 .
2225 3081 2286 3131 ad
2319 3099 2367 3130 v.
2405 3081 2516 3130 158.
2550 3095 2674 3145 seqq.

1671 3144 1745 3192 Ex
1767 3145 1816 3193 h.
1835 3146 1871 3195 l.
1893 3153 1942 3194 et
1962 3146 2091 3194 Suet.
2112 3146 2147 3194 il
2170 3180 2184 3195 .
2206 3147 2419 3196 Gramm.
2443 3161 2487 3194 c.
2507 3147 2590 3194 23.
2607 3145 2675 3193 in-

1670 3208 1910 3274 telligitur,
1964 3225 2144 3258 morum
2195 3226 2379 3275 quoque
2432 3209 2676 3276 puerilium

1668 3270 1990 3323 formationem
2030 3275 2363 3324 Grammaticis
2399 3275 2544 3323 fuisse
2579 3290 2676 3340 per·

1669 3335 1876 3388 missam.
1944 3338 2127 3387 Tener-os
2147 3356 2282 3388 mores
2310 3354 2561 3405 puerorum
2593 3339 2674 3386 fin-

1669 3409 1752 3464 gat
1771 3412 1818 3452 et
1847 3404 2026 3459 lomet,
2050 3404 2445 3468 quemadmodum
2476 3420 2596 3460 cera,
2618 3402 2676 3450 ad

1668 3464 1825 3529 ignem
1864 3467 1938 3517 vel
1981 3468 2127 3516 solem
2169 3468 2395 3524 emollita,
2438 3468 2486 3516 in
2528 3468 2676 3516 varias

1669 3529 1813 3578 facies
1855 3546 1910 3580 ac
1953 3531 2126 3596 figuras
2175 3531 2289 3597 fingi
2342 3533 2462 3581 solet
2507 3533 2678 3594 poetice.
2744 3580 2749 3591 ‚

1669 3594 1797 3643 Hinc
1800 3596 1983 3661 fingere
2000 3606 2048 3645 et
2064 3598 2273 3663 formare
2290 3607 2492 3651 mentem,
2516 3605 2571 3644 ut
2592 3597 2674 3646 Gr.

1669 3660 1899 3709 πλάσται.
1966 3660 2084 3709 Cera
2110 3667 2285 3718 autem,
2304 3669 2361 3708 ut
2392 3661 2534 3717 ensis,
2556 3663 2674 3717 duci,

1668 3726 1818 3772 cedere
1848 3730 1896 3773 ct
1926 3729 2047 3788 sequi
2077 3725 2262 3774 dicitur.
2324 3727 2441 3775 239.
2464 3735 2521 3773 ut
2549 3727 2605 3773 sit
2636 3734 2675 3773 et

1664 3798 1794 3900 patg-
1802 3791 1945 3901 {psius
1961 3801 2103 3839 coetus
2120 3804 2383 3857 puerorum.
2401 3789 2478 3840 cf.
2497 3806 2601 3856 sup.
2617 3788 2675 3838 ad

1669 3868 1715 3902 ν.
1768 3855 1800 3900 0
1835 3888 1847 3901 .
1869 3868 1892 3901 s
1987 3889 1999 3902 .

1732 3918 1845 3966 239.
1879 3869 2034 3981 “323‘'
2069 3918 2246 3974 ludant,
2279 3916 2487 3966 ludendo
2528 3916 2673 3983 expri-

1670 3989 1830 4042 mant3
1863 3980 1940 4031 vel
1972 3981 2165 4049 turpiter
2196 3980 2380 4038 ludant,
2402 3990 2458 4031 ut
2487 3983 2675 4030 verbum

1670 4047 1822 4095 ludere
1873 4046 1935 4095 ad
1987 4062 2087 4096 rem
2128 4046 2396 4097 Veneream
2436 4048 2672 4096 referatur.

1667 4111 1781 4160 240.
1806 4111 1877 4160 Ne
1891 4113 2057 4160 vicibus
2063 4111 2267 4177 faciant,
2285 4111 2406 4161 inter
2428 4125 2479 4160 se
2498 4112 2674 4166 coeant,

1667 4189 1718 4222 se
1769 4182 2094 4242 conrumpant,
2135 4184 2280 4241 agant
2330 4183 2380 4224 et
2410 4175 2672 4242 patiantur:

1667 4245 1720 4286 tu
1774 4239 1816 4288 is
1869 4256 1962 4298 res,
2003 4239 2156 4289 verbis
2196 4239 2404 4289 honestis
2446 4248 2675 4304 expressa.

1668 4304 1737 4369 (C
1761 4335 1774 4350 .
1795 4319 1899 4369 sup.
1919 4305 2014 4354 VI.
2038 4305 2179 4369 311.)
2241 4306 2356 4353 240.
2378 4305 2541 4355 Verba
2555 4319 2673 4370 prar-

1665 4376 1902 4433 ceptorum
1919 4385 1933 4416 t
1962 4369 2065 4417 Non
2085 4378 2148 4418 est
2169 4370 2274 4425 leve,
2293 4368 2451 4425 facile,
2468 4368 2545 4418 vel
2564 4376 2669 4433 par-
