2978 4920
1059 317 1502 387 SATIRA
1563 324 1681 386 VI‘.

2282 325 2409 395 12⁵

403 493 705 569 Horreat,
734 491 931 580 inque
958 492 1132 557 diem
1157 492 1435 580 septenis
1460 492 1671 559 oderit
1698 491 1873 559 heris
1890 497 1919 556 Ρ

488 595 797 674 Quaedam
825 619 1030 684 parva
1053 597 1354 684 quidem3

1355 642 1360 647 ·
1402 597 1513 662 sed
1542 620 1671 663 non
1699 596 2031 663 toleranda
2056 554 2317 667 maritis

401 697 570 761 Nam
600 696 762 784 quid
791 698 1134 776 manilius,
1166 720 1363 786 quam
1391 698 1571 785 quod
1601 721 1667 762 se
1694 720 1822 762 non
1851 708 2043 785 putat
2072 697 2207 763 ulla
2278 700 2407 767 185

405 800 797 877 Formosam,
825 799 947 864 nisi
976 823 1125 886 quae
1153 798 1235 864 de
1269 801 1488 865 'rusca
1518 798 1820 865 Graecula
1846 799 2022 864 facta
2046 804 2189 867 est?

403 902 504 964 De
538 901 933 966 Sulmonensi
962 922 1137 966 mera
1168 901 1469 988 Cecropis
1485 905 1525 964 ,⁷³-
1563 902 1796 966 Omnia
1825 902 2072 980 Graeoe,

405 1003 673 1080 *Quum
704 1002 786 1068 sit
813 1014 1007 1090 turpe
1035 1003 1238 1089 magis
1265 1004 1499 1070 nostris
1519 1002 1757 1069 nescire
1780 1003 2029 1069 Latine.

400 1105 548 1168 Hoc
578 1127 862 1169 sermone
889 1110 1150 1192 pavent,
1167 1106 1301 1171 hoc
1329 1106 1514 1185 iram,
1548 1106 1807 1193 gaudia,
1837 1129 2043 1186 curae,

398 1206 546 1269 Hoc
575 1218 807 1271 cuncta
835 1207 1178 1273 effundunt
1206 1207 1402 1273 animi
1432 1220 1690 1274 secreta.
1736 1207 1899 1295 quid
1931 1208 2148 1275 ultra?

2278 1212 2409 1279 190

402 1307 855 1372 Concumbunt
886 1308 1128 1374 Groece.
1220 1311 1438 1375 Dones
1467 1321 1680 1374 tamen
1707 1310 1833 1374 ista
1858 1310 2124 1396 puellis:

400 1409 592 1472 Tune
620 1409 834 1487 etiam,
866 1432 1061 1495 quam
1091 1422 1309 1476 sextus
1337 1422 1403 1477 et
1421 1410 1855 1498 ,octogesimus
1884 1435 2089 1477 annus
2139 1461 2146 1469 .

398 1510 647 1589 Pulsat,
678 1512 890 1576 adhuc
922 1513 1193 1580 Graece?
1241 1515 1388 1577 Non
1418 1526 1515 1579 est
1544 1514 1649 1579 hic
1681 1537 1887 1578 sermo
1911 1515 2188 1602 pudicus

307 1660 314 1665 -
403 1617 485 1680 In
513 1616 752 1696 vetula,
782 1617 1035 1704 quoties
1063 1617 1369 1685 lascivum
1399 1618 1744 1684 intervenit
1773 1618 1958 1698 illud,

399 1724 579 1806 ΖΩΗ
624 1726 770 1784 ΚΑΙ
814 1726 1070 1788 ΨΎΧΗ.
1117 1723 1307 1789 modo
1338 1723 1458 1787 sub
1487 1721 1689 1787 lodice
1717 1722 1955 1787 relictis

2271 1726 2397 1795 195

397 1825 620 1889 Uteris
648 1824 713 1889 in
742 1826 956 1890 turba.
1045 1825 1234 1904 Quod
1265 1824 1432 1889 enim
1463 1848 1592 1890 non
1620 1825 1854 1891 excitet
1883 1825 2120 1912 inguen

300 1963 518 2018 septem,
552 1959 768 2019 adeoque
809 1960 1027 2006 maxima
1058 1966 1194 2019 parte
1227 1959 1324 2006 diei

303 2024 563 2079 naturalis,
588 2021 726 2085 (nam
758 2023 801 2068 is
831 2024 881 2068 in
905 2024 1013 2071 XII
1036 2026 1179 2071 horas
1200 2024 1323 2072 divi-

305 2083 469 2147 ditur)
492 2088 541 2132 h.
563 2101 609 2134 e.
633 2088 789 2147 magis
809 2088 973 2145 oderit,
990 2103 1139 2149 quam
1160 2095 1306 2135 amet.

381 2150 492 2199 184.
519 2151 760 2207 Quoedam,
782 2152 877 2197 alia
899 2155 1162 2199 mulierum
1188 2153 1323 2206 vitia,

297 2223 425 2277 sunt
432 2230 583 2274 parva
595 2224 687 2268 cet.
740 2215 1009 2263 les—199.
1025 2219 1169 2264 Ridet
1182 2225 1323 2275 poeta

293 2280 568 2326 stultitiam
590 2280 902 2338 feminarum,
925 2295 1037 2340 quae
1066 2290 1172 2327 tum
1198 2288 1322 2327 tem-

292 2345 438 2405 poris
450 2345 735 2391 Graecorum
750 2343 827 2406 (ut
840 2346 982 2390 hot'ie
997 2343 1320 2405 Francorum)

288 2421 578 2462 sermonem
603 2421 856 2468 moresque
887 2409 1211 2455 adfectabant.
1244 2410 1320 2458 cf.

289 2487 418 2534 sup.
455 2471 555 2519 ΙΙΙ.
589 2471 834 2520 58-125.
876 2473 1128 2530 rane-idias,
1160 2475 1318 2532 ingra-

294 2539 410 2584 tius
444 2538 519 2582 vel
556 2537 788 2596 putidiuS.
855 2537 986 2583 Nam
1022 2537 1231 2594 rancida,
1266 2545 1321 2584 ut

288 2600 480 2667 rus-gi,
500 2615 662 2661 propr.
683 2602 912 2648 dicuntur
928 2602 1125 2659 cibaria,
1140 2602 1320 2658 oleum,

288 2680 472 2715 carnes
493 2667 699 2724 aliaeque
730 2680 806 2711 res
838 2667 1023 2712 diutius
1056 2669 1320 2713 adservate

288 2739 353 2779 et
372 2737 652 2791 conruptaez
689 2731 801 2776 hinc
818 2732 967 2777 etiam
986 2731 1318 2777 res‘deformes

292 2802 356 2843 et
376 2796 600 2855 ingrate,
625 2809 735 2854 quae
757 2796 953 2841 fastidio
985 2802 1120 2851 sunt,
1143 2796 1220 2841 vel
1242 2796 1316 2841 in·

295 2868 452 2919 epte,
483 2867 650 2918 turpes
682 2873 738 2905 ac
770 2861 930 2906 malae.
968 2874 1013 2908 v.
1044 2860 1240 2906 Jacobs.
1254 2861 1315 2908 ad

296 2924 509 2971 Anthol.
533 2924 614 2968 Gr·
642 2923 754 2969 Vol.
780 2925 851 2972 11.
875 2925 930 2972 Ρ.
954 2924 1023 2971 11.
1047 2938 1095 2984 p.
1119 2924 1231 2970 506.

370 2988 479 3035 186.
513 2987 803 3041 Formosam,
826 2989 943 3033 satis
975 2996 1226 3035 venustam
1258 3002 1316 3035 ac

294 3053 579 3104 delicatam,
603 3054 871 3099 secundum
904 3066 1064 3099 mores
1091 3055 1315 3113 genium-

293 3109 398 3178 qu'e
421 3117 604 3162 soeculi.
659 3116 811 3161 Tusca
831 3122 880 3162 et
896 3117 1209 3163 Sulmonensi:
1229 3131 1315 3176 pro

297 3182 529 3228 Romana
569 3189 619 3226 et
664 3180 853 3241 Italica,
897 3182 973 3226 vel
1018 3180 1311 3241 provinciali.

301 3245 469 3292 Sulmo
491 3246 799 3305 Pelignorum
823 3259 936 3306 opp.
961 3246 1115 3306 patria
1134 3245 1311 3291 Ovidii.

302 3308 547 3363 Graecula,
571 3324 616 3355 v.
647 3311 709 3355 nd
743 3309 837 3355 111.
871 3309 950 3356 58.
994 3323 1141 3366 mera,
1172 3323 1313 3369 pure,

297 3387 505 3431 vera,ac
522 3379 637 3419 tota.
676 3374 909 3433 Cecropis,
925 3375 1091 3420 Attica
1103 3387 1141 3418 s.
1160 3374 1312 3420 Athe-.

302 3438 516 3485 niensisz
575 3452 690 3483 nam
748 3440 954 3498 Cecrops
1008 3438 1313 3484 Athenarum

299 3503 524 3549 conditor
560 3504 841 3562 primusque
873 3516 961 3549 rex
993 3503 1119 3555 fuit;
1168 3498 1316 3561 hujus

301 3574 472 3613 autem
489 3568 621 3613 urbis
638 3567 809 3613 incolae
825 3567 1066 3627 elegantia
1080 3566 1316 3630 sermonis

301 3644 595 3692 morumque
615 3632 786 3678 ceteris
807 3633 1156 3678 antecellebant
1178 3631 1315 3682 Grae-

304 3695 396 3743 cis.
464 3695 634 3742 Omnia
657 3694 817 3741 Groeee
837 3699 914 3748 (ut
947 3697 1088 3741 hodie
1110 3690 1314 3755 Gallice)

302 3759 588 3818 exprimunt
614 3767 663 3804 et
695 3759 962 3819 loquuntur
982 3760 1208 3806 mulieres
1230 3773 1318 3805 no·

300 3830 436 3870 strae.
482 3823 592 3872 188.
604 3823 790 3869 Versus
802 3825 932 3870 haud
946 3825 1092 3870 dubie
1104 3824 1317 3884 spurius,

297 3888 385 3948 qui
400 3889 770 3947 magisacumen
784 3890 1145 3947 orationemque
1156 3889 1318 3934 rheto-

297 3952 464 4005 ris,vel
476 3953 845 4012 interpolatoris,
859 3953 942 4012 qui
956 3953 1046 3998 loci
1060 3953 1203 3998 simil.
1217 3952 1314 4000 Cic.

300 4017 445 4063 Brut.
464 4030 506 4062 c.
523 4015 608 4064 37.
627 4030 816 4062 memor
832 4027 953 4073 erat,
971 4030 1118 4076 quam
1135 4017 1315 4064 satirici

300 4089 458 4140 poetae
491 4082 695 4138 redolet,
714 4088 861 4140 atque
892 4096 928 4128 a
954 4081 1144 4128 duobus
1169 4081 1315 4130 MSS.

299 4146 452 4201 abest.
479 4144 727 4191 Sententia
743 4146 936 4205 quoque
951 4142 1058 4207 ejus
1076 4158 1250 4192 manca
1264 4153 1313 4192 et

299 4211 363 4255 ab
383 4212 433 4257 h.
451 4208 487 4256 l.
506 4209 665 4256 aliena
686 4217 779 4266 est,
799 4218 848 4255 et
864 4211 1124 4268 inportuna
1140 4210 1314 4256 saltem

300 4287 399 4320 vox
410 4274 575 4333 magis.
635 4273 746 4336 189.
765 4273 887 4327 Hoc,
905 4274 1097 4331 Graeco,
1112 4287 1316 4332 sermone

291 4342 469 4398 pavent
491 4339 543 4388 h.
564 4353 610 4387 e.
631 4352 860 4398 pavorem
883 4338 1184 4397 exprimunt,
1205 4338 1316 4400 reli-5

298 4415 519 4466 quosque
560 4403 716 4464 animi
759 4403 980 4451 adfectus
1022 4407 1075 4448 et
1128 4412 1317 4452 sensus.

1386 1960 1648 2018 &undana
1659 1960 1928 2019 proferunt,
1942 1960 2177 2016 indicant,
2186 1959 2311 2019 inpr-
2324 1974 2402 2016 ea,

1388 2038 1501 2083 quae
1532 2032 1647 2071 ante
1678 2025 1991 2081 reticuerant,
2022 2031 2110 2071 aut
2140 2038 2252 2083 quae
2284 2024 2399 2073 reti-

1388 2091 1542 2135 cenda
1563 2096 1730 2143 erantz
1764 2090 1850 2148 qui
1873 2090 2006 2135 verbi
2027 2089 2326 2148 significatus
2346 2090 2397 2136 h.

1389 2153 1423 2197 l.
1446 2154 1742 2211 aptissimus.
1802 2152 1925 2208 Quid
1956 2153 2083 2199 ultra
2104 2167 2174 2200 sc.
2196 2154 2399 2209 faciant,

1388 2217 1461 2262 vel
1483 2218 1641 2264 facere
1664 2218 1846 2276 possint
1862 2217 1885 2263 ?
1918 2218 2035 2276 quid
2054 2218 2180 2262 ultra
2196 2224 2289 2275 est,
2302 2232 2401 2277 quo

1385 2281 1608 2340 progredi
1623 2282 1771 2341 possit
1784 2281 1931 2328 stulta
1942 2282 2224 2331 Groecorum
2238 2283 2399 2337 imita?

1386 2346 1456 2390 tio
1478 2352 1527 2390 et
1550 2346 1798 2392 aemulatio
1813 2345 1836 2390 ἲ
1881 2344 2103 2393 venuste
2123 2359 2211 2405 pro
2233 2347 2397 2406 simpl.

1385 2410 1561 2467 immo,
1579 2409 1696 2469 quin
1718 2410 1856 2463 adeo,
1878 2410 1954 2455 vel
1977 2411 2106 2469 quod
2129 2410 2396 2469 pessimum

1385 2480 1461 2519 est
1473 2480 1522 2518 et
1539 2475 1893 2533 turpissimum.
1928 2473 2241 2520 Coneumbunt
2257 2474 2399 2522 Gra.

1384 2552 1451 2592 ce,
1474 2538 1645 2583 Groeco
1667 2551 1833 2591 more;
1868 2537 2064 2584 Graecos
2095 2551 2191 2582 non
2219 2538 2269 2583 in
2294 2554 2392 2585 ser·

1385 2614 1532 2647 mone
1557 2607 1769 2658 tantum,
1793 2602 1875 2646 sed
1901 2601 1951 2645 in
1979 2601 2221 2653 omnibus,
2245 2604 2394 2650 etiam

1386 2666 1630 2724 turpibus,
1654 2666 1949 2716 emulantur
1969 2665 2130 2717 rebus,
2153 2671 2203 2710 et
2234 2666 2285 2709 in
2318 2667 2396 2714 his

1381 2743 1574 2790 quoque
1596 2731 1765 2789 lingua
1780 2741 1948 2778 eorum
1967 2734 2190 2776 utuntur.
2221 2729 2395 2787 Donec,

1380 2795 1644 2849 condones,
1673 2793 1990 2840 condonanda
2021 2798 2138 2838 sunt
2168 2802 2218 2838 et
2249 2807 2396 2842 excu-

1379 2860 1550 2907 sanda.
1605 2858 1714 2905 192.
1736 2857 1785 2904 3.
1808 2859 1878 2903 At
1900 2857 2010 2916 quis
2031 2857 2322 2905 condonabit
2342 2859 2395 2908 id

1379 2923 1593 2972 vetulis?
1637 2921 1830 2979 Palm,
1859 2921 2108 2978 sollicitat,
2130 2928 2293 2980 vexat,
2316 2926 2394 2971 vel

1380 2988 1621 3040 debilitat,
1656 2992 1713 3033 ut
1749 2989 1949 3046 quatere,
1981 2999 2213 3045 quassare,
2233 2987 2396 3047 ferire

1380 3058 1475 3101 cet.
1494 3051 1643 3098 adhuc
1656 3050 1814 3098 Graece
1827 3064 1893 3097 ae·
1914 3050 2143 3109 loqueris,
2159 3051 2233 3096 vel
2257 3052 2393 3113 loqui

1379 3117 1593 3162 adfectas
1607 3116 1630 3162 ἓ
1653 3114 1870 3175 pudicus,
1890 3116 2142 3172 honestus,
2152 3116 2235 3173 qui
2254 3124 2393 3163 vetu-

1379 3180 1477 3226 lam
1503 3193 1541 3225 s.
1565 3193 1715 3226 anum
1749 3180 1934 3230 deceat.
2001 3176 2109 3225 194.
2137 3178 2392 3239 &quoties

1375 3244 1596 3291 lascivum
1628 3244 1873 3290 intervenit
1914 3244 2126 3290 sermoni
2158 3257 2200 3291 s.
2232 3246 2392 3294 verbis

1377 3308 1496 3362 illud
1516 3310 1701 3355 dictum
1728 3305 1824 3370 Ζᾳὸ
1847 3306 1928 3358 καὶ
1943 3305 2217 3368 *regiaque
2235 3322 2391 3355 mere·

1378 3374 1522 3418 trices
1536 3374 1610 3420 uti
1627 3373 1799 3419 solent.
1834 3375 1908 3418 Cf.
1928 3372 2146 3419 Martial.
2161 3372 2225 3418 X.
2243 3371 2325 3420 68.
2341 3372 2388 3420 5·

1378 3449 1478 3494 seq.
1505 3436 1699 3482 Mireris
1720 3443 1906 3493 tamen,
1922 3435 2169 3482 neminem
2191 3435 2391 3483 haesisse

1381 3501 1430 3545 in
1455 3501 1534 3545 his
1555 3501 1733 3557 verbis,
1748 3513 1955 3559 quorum
1971 3494 2205 3559 junctura
2225 3501 2392 3547 admo·

1381 3566 1500 3612 dum
1534 3564 1813 3624 inportuna,
1835 3570 1886 3609 et
1917 3563 2084 3608 scabra
2114 3571 2189 3607 est
2220 3565 2388 3611 oratio.

1382 3628 1624 3687 Suspicari
1667 3629 1837 3687 possis,
1877 3633 2071 3687 poetam
2115 3627 2387 3687 scripsisse:

1381 3691 1501 3738 Non
1516 3696 1582 3739 est
1597 3692 1674 3737 hic
1688 3705 1835 3737 sermo
1842 3691 2058 3752 pudicus.
2072 3690 2130 3737 Si
2145 3693 2303 3738 veru'a
2318 3700 2387 3741 to-

1381 3757 1465 3804 ties
1479 3758 1703 3803 lascivum
1718 3757 1953 3801 interseris
1964 3754 2076 3801 illud
2091 3754 2185 3807 Ζυὸ
2197 3756 2277 3804 aa>
2289 3767 2388 3806 *1²0-

1379 3818 1469 3882 χὴ,
1487 3825 1532 3868 et
1553 3820 1685 3866 modo
1703 3820 1784 3867 rub
1804 3820 1945 3867 lodice
1964 3818 2135 3867 relictis
2158 3823 2316 3869 Uteris
2335 3826 2390 3870 in

1380 3886 1532 3933 turba.
1565 3886 1690 3931 Haec
1706 3891 1834 3932 certe
1851 3892 1923 3931 est
1939 3888 2176 3932 sententia
2193 3887 2292 3933 h.1.
2306 3889 2389 3948 cui

1381 3958 1545 3997 tamen
1565 3950 1717 3996 lenior
1733 3950 1905 3996 vellem
1921 3949 2160 3997 medicina
2172 3951 2390 3998 adhiberi

1380 4021 1557 4074 posset.
1572 4013 1703 4060 modo
1715 4013 1794 4060 sub
1803 4014 1943 4066 lodice
1956 4012 2143 4070 relictis,
2156 4015 2208 4061 h.
2219 4028 2263 4061 e.
2281 4029 2387 4062 ver-

1379 4080 1470 4133 bis,
1488 4081 1666 4139 quibus
1683 4079 1829 4137 paulo
1846 4085 1962 4124 ante
1982 4077 2033 4121 in
2057 4079 2182 4123 lecto
2203 4092 2291 4124 usa
2310 4092 2386 4136 es,

1377 4145 1519 4194 uteris
1540 4146 1591 4189 in
1607 4143 1757 4197 turba,
1773 4150 1901 4188 coetu
1918 4140 2189 4196 hominum,
2207 4143 2388 4200 palam.

1380 4208 1454 4254 ef.
1481 4208 1622 4254 Ovid.
1645 4208 1759 4253 Am.
1782 4207 1879 4252 111.
1906 4203 1984 4251 14.
2010 4204 2053 4250 7.
2077 4218 2175 4263 seq.
2233 4205 2388 4253 Loaiae

1380 4285 1540 4332 propr.
1561 4271 1856 4330 opertorium
1883 4269 2014 4314 lecti.
2080 4268 2192 4316 196.
2215 4268 2386 4328 ‚eoecitet

1379 4337 1570 4396 inguen,
1602 4331 1709 4395 ejus
1749 4334 1991 4392 pruritum
2032 4337 2083 4376 et
2125 4339 2384 4384 tumorem.

1389 4400 1495 4452 Vox
1505 4396 1666 4445 blanda
1678 4401 1723 4444 et
1740 4409 1931 4458 nequam
1943 4407 1985 4443 s.
1996 4395 2215 4455 inproba,
2233 4402 2288 4443 ut
2304 4411 2386 4463 ap.
