2978 4920
616 325 744 393 278

1320 314 1985 381 JUVENA'LIS

640 579 645 582 ,
696 504 860 570 Sicci
891 514 1072 590 terga
1099 500 1250 579 suis,
1279 509 1423 565 rara
1442 499 1791 587 pendentia
1815 510 2008 574 crate,

694 607 899 674 Moris
927 618 1062 672 erat
1091 603 1413 692 quondam
1440 603 1621 667 festis
1649 607 1896 666 servare
1924 600 2172 678 diebus,

693 710 786 774 Et
814 706 1173 774 natalitium
1200 703 1483 790 cognatis
1511 724 1743 789 ponere
1770 701 2046 779 lardum,

698 810 1073 875 Adcedente
1101 831 1284 886 nova,
1317 807 1370 871 si
1398 828 1593 892 quam
1622 805 1817 869 dabat
1844 803 2070 878 hostia,
2100 824 2301 866 carne.

692 913 1124 996 Cognatorum
1153 908 1408 994 aliquis,
1438 905 1631 971 titulo
1658 917 1757 969 ter
1788 903 2084 969 Consulis
2110 914 2306 990 atque

696 1013 1065 1076 Castrorum
1093 1009 1372 1095 imperiis
1401 1018 1464 1072 et
1497 1006 1841 1072 Dictatoris
1868 1006 2105 1070 honore
2173 1009 2176 1012 ’

694 1112 1004 1188 FunctuS,
1034 1109 1117 1175 ad
1144 1110 1259 1173 has
1287 1109 1506 1195 epulas
1536 1105 1719 1172 solito
1744 1105 2058 1171 maturius
2082 1105 2242 1181 ibat,

692 1215 997 1277 Erectum
1023 1211 1265 1275 domito
1291 1210 1567 1274 referens
1595 1231 1633 1272 a
1660 1220 1873 1273 monte
1901 1208 2198 1294 ligonem.

696 1314 912 1389 Quum
942 1323 1279 1392 tremerent
1308 1322 1522 1375 autem
1554 1308 1809 1387 Fabios,
1839 1307 2201 1394 durumque
2230 1309 2560 1383 Catonem,
2604 1307 2687 1374 90

694 1412 788 1476 Et
821 1413 1111 1489 Scauros,
1142 1423 1206 1476 et
1238 1409 1584 1487 Fabricio&
1613 1419 1930 1495 postremo
1959 1417 2204 1472 severos

676 1512 988 1577 'Censoris
1015 1535 1220 1577 mores
1248 1511 1436 1578 etiam
1470 1509 1730 1596 conlega
1757 1509 2042 1573 timeret:

610 1679 726 1745 quia
763 1689 873 1730 ante
906 1677 1175 1731 servitutem
1206 1696 1301 1730 non
1336 1695 1475 1746 parce
1506 1695 1619 1729 con·

610 1753 826 1794 sueverat
843 1745 1012 1794 vivere.
1079 1747 1187 1808 quid
1212 1748 1373 1807 sapiat,
1392 1759 1550 1808 quem,
1569 1744 1618 1793 h.

607 1808 1620 1933 {afflffiffzffiffiffioessass't'rffarssf

540 1981 543 1988 .
608 1954 652 1986 es
668 1938 881 1985 schmeckt
899 1938 1015 1986 noch
1034 1938 1192 1984 m'chts.
1245 1937 1388 1984 Vulva
1405 1936 1546 2007 suilla
1564 1935 1616 1984 in
1645 1941 1648 1944 ’

610 1999 790 2049 deliciis
824 2008 924 2048 erat
962 1999 1208 2054 Romanis,
1240 2008 1287 2048 et
1325 2013 1477 2062 magis
1512 1999 1615 2063 qui-

608 2063 717 2111 dem
737 2062 959 2135 ejectitiu,
980 2061 1232 2125 ἶκέὄλιμος,
1252 2063 1405 2129 μήτρα
1427 2060 1619 2112 ineund-

611 2125 697 2184 205,
728 2134 876 2190 ejecto
912 2143 995 2191 per
1034 2128 1248 2176 abortum
1290 2135 1444 2201 partu,
1473 2143 1617 2191 quam

609 2189 838 2256 porcaria,
860 2198 996 2254 partu
1022 2190 1149 2240 edito
1177 2190 1383 2255 legitimo
1408 2198 1617 2257 tempore

612 2269 669 2302 ac
691 2253 915 2302 nascendi
934 2254 1089 2303 modo.
1124 2255 1200 2304 Cf.
1219 2254 1347 2304 Plin.
1365 2256 1515 2304 VIII.
1537 2258 1617 2305 51.

613 2324 664 2369 et
680 2318 772 2365 XI.
797 2320 874 2368 37.
897 2333 937 2366 s.
957 2320 1036 2367 84.
1056 2320 1154 2368 ubi.
1167 2337 1213 2369 v.
1235 2318 1470 2368 Harduin.
1508 2320 1618 2368 Vul-

610 2380 1618 2512 Zwffi'sssssflssfflgnffiffia‘ffifflffi‘

610 2513 790 2568 aalide,
812 2510 894 2560 ubi
924 2520 1148 2576 perpetuo
1178 2512 1301 2577 ignis
1333 2520 1406 2561 est
1436 2511 1487 2560 in
1513 2512 1619 2562 foco

610 2583 660 2625 et
680 2575 775 2624 cibi
830 2584 1037 2625 arantur.

675 2641 756 2688 82.
821 2641 920 2696 ieci,
943 2640 1072 2688 fumo
1091 2638 1327 2697 exsiccati,
1347 2644 1413 2695 (v.
1434 2655 1537 2705 sup.
1559 2639 1620 2689 ad

612 2703 737 2753 VII.
762 2704 897 2768 119.)
918 2715 1045 2768 terga
1068 2707 1173 2760 ruis,
1195 2716 1248 2751 ut
1278 2719 1386 2751 mox
1420 2704 1616 2752 lardum.

606 2769 851 2829 pendentia
868 2769 918 2816 in
937 2768 1146 2816 carnario
1165 2783 1259 2815 non
1278 2768 1439 2831 procul
1460 2783 1491 2816 a
1515 2767 1618 2816 foco

611 2831 688 2896 (v.
711 2846 816 2896 sup.
837 2831 898 2879 ad
918 2832 1014 2880 VI.
1035 2830 1168 2893 321.)
1191 2846 1217 2878 e
1241 2839 1363 2879 crate
1393 2830 1552 2893 lignea
1571 2839 1619 2879 et

609 2912 736 2969 rora,
757 2910 852 2968 non
873 2894 1034 2951 densa,
1057 2902 1112 2943 ut
1134 2901 1275 2942 vento
1299 2892 1487 2956 aerique
1516 2911 1617 2944 ma·

610 2974 705 3069 5¹⁸..
756 2959 1621 3095 Jsssfflfflzt’ssz‘sffi‘sz‘3s‘i:

614 3084 694 3133 cf.
716 3087 880 3133 Hems.
903 3086 965 3134 ad
989 3085 1133 3134 Ovid.
1154 3086 1284 3134 Fast.
1306 3085 1378 3133 ΙΙ.
1399 3087 1512 3136 645.

679 3149 760 3197 84.
780 3152 976 3213 cognatis
986 3164 1159 3211 ponere,
1174 3149 1238 3197 ad
1298 3165 1409 3199 nere
1421 3150 1471 3198 in
1487 3166 1620 3199 men-

612 3225 682 3269 sa,
716 3213 896 3259 lardum
926 3215 1200 3268 natalitium,
1271 3214 1312 3261 ie
1344 3214 1508 3271 natali,
1544 3215 1620 3263 vel

611 3275 740 3339 quod
759 3291 815 3325 eo
836 3274 914 3323 die
935 3275 1107 3342 adponi
1126 3276 1243 3325 solet
1261 3276 1310 3324 in
1326 3277 1494 3343 epulis,
1512 3278 1619 3343 quae

609 3338 662 3388 in
680 3339 767 3388 illo
785 3347 1026 3405 parantur.

676 3407 756 3453 85.
790 3405 1054 3462 Acie-edente,
1077 3402 1239 3453 addita
1270 3410 1470 3462 tantum,
1493 3422 1619 3463 nova,

608 3468 785 3517 recenti
816 3468 893 3518 vel
927 3468 1037 3526 alia,
1071 3485 1219 3524 carne,
1254 3470 1292 3516 si
1325 3486 1455 3532 quam
1486 3472 1622 3517 dabat

610 3533 764 3590 hostia,
785 3532 825 3581 si
855 3533 970 3583 forte
988 3533 1140 3583 hostia
1161 3540 1443 3589 mactaretur
1461 3534 1540 3583 vel
1560 3535 1620 3583 ab

607 3594 742 3705 ilffis,
770 3597 850 3708 {fl
863 3613 918 3709 2³
933 3597 1316 3710 8magistratibus.
1350 3598 1429 3648 cf.
1458 3599 1620 3647 Valet.

672 3674 749 3708 ax.
828 3695 843 3709 .
899 3695 912 3709 .
964 3695 979 3708 .

673 3723 753 3770 86.
785 3739 884 3787 seq.
918 3725 1178 3774 Clarissimi
1196 3740 1382 3790 quoque
1409 3723 1619 3774 homines

609 3786 672 3833 nd
710 3787 790 3833 has
828 3789 1011 3848 epulas
1034 3797 1132 3836 tam
1166 3804 1278 3837 uam
1318 3789 1618 3845 lautissimas,

609 3851 833 3896 maturius
852 3852 992 3907 solito,
1016 3859 1124 3900 ante
1178 3868 1308 3900 oram
1330 3868 1520 3907 nonam,
1544 3852 1620 3915 (v.

612 3911 674 3986 ad
698 3913 744 3961 I.
766 3913 845 3961 49.
866 3920 915 3963 et
947 3914 1049 3962 111.
1068 3916 1175 3976 67.)
1195 3919 1334 3971 ibant,
1357 3925 1412 3965 ut
1442 3916 1620 3979 largius

608 3975 877 4041 diutiusque
908 3975 1044 4040 genio
1075 3978 1208 4027 indul
1241 3988 1388 4037 erent,
1421 3988 1468 4027 et
1502 3978 1615 4044 quia

608 4040 787 4104 ingenti
806 4039 1061 4105 cupiditate
1085 4049 1181 4090 tam
1202 3996 1392 4092 delicati
1422 4042 1517 4092 cibi
1539 4057 1612 4090 ar-

608 4104 802 4156 debant.
829 4107 1023 4167 inperiis
1039 4115 1300 4161 castrorum,
1316 4104 1615 4159 militaribus.

608 4167 708 4217 Alii
729 4169 791 4217 ad
809 4168 997 4218 titulum
1013 4170 1312 4236 Imperatoris
1327 4171 1547 4219 referunt.

676 4233 757 4283 89.
778 4232 952 4283 Priscis
966 4233 1249 4299 temporibus
1266 4250 1478 4300 proceres
1495 4235 1608 4284 civi·

607 4297 718 4346 tatis
751 4314 915 4362 agrum
944 4299 1162 4350 colebant
1191 4306 1238 4349 et
1270 4314 1408 4365 opere
1439 4299 1609 4351 rustico

1680 1677 2047 1733 delectabantur,
2081 1676 2208 1725 unde
2241 1683 2291 1725 et
2325 1676 2478 1743 prima
2513 1690 2685 1739 cogno·

1679 1742 1809 1791 mina
1845 1749 1982 1797 orta,
2037 1740 2303 1796 Fabiorum,
2364 1740 2687 1795 Lentulorum,

1682 1807 1981 1862 Ciceronum,
2007 1807 2304 1862 Seranorum,
2328 1806 2575 1862 Pisonum,
2606 1804 2688 1852 Pi-

1681 1871 1973 1928 lumnorum;
2026 1869 2153 1932 quod
2217 1877 2378 1917 notum
2441 1884 2500 1917 ex
2565 1869 2690 1916 Plin.

1679 1935 1879 1983 XVIII.
1890 1936 2034 1983 3--5.
2045 1934 2109 1982 al.
2123 1933 2349 1989 Ermum,
2362 1932 2573 1981 humeris
2581 1933 2691 1980 sub·

1678 1999 1829 2047 latum
1855 2017 1885 2046 a
1917 2007 2060 2046 inante
2078 2000 2255 2055 domito,
2277 2014 2308 2046 a
2327 1995 2448 2046 colle
2465 1996 2547 2045 vel
2582 2011 2691 2059 agro

1679 2070 1917 2118 montano,
1938 2077 2077 2127 quem
2105 2061 2291 2126 subegit
2316 2062 2472 2123 ligone
2504 2067 2556 2109 et
2587 2075 2687 2108 ara·

1680 2134 1767 2182 tro,
1791 2129 1825 2174 li
1856 2144 1979 2175 onem
2009 2124 2203 2190 referem
2233 2126 2440 2174 domum.
2506 2125 2589 2174 En
2611 2138 2689 2172 ve-

1679 2206 1825 2239 neran
1860 2207 1936 2239 am
1978 2188 2232 2255 priscorum
2276 2187 2479 2238 civitatis
2526 2202 2686 2255 proce·

1680 2270 1785 2303 rum
1806 2253 2084 2318 imaginem!

1744 2320 1826 2367 90.
1860 2334 1989 2383 seqq.
2039 2316 2281 2375 Quamdiu
2329 2317 2489 2365 Roma
2536 2315 2694 2363 timuit

1684 2382 1929 2440 Censores,
1971 2381 2227 2445 horumque
2279 2395 2477 2429 censura
2529 2395 2692 2428 severa

1681 2445 1788 2503 fuit,
1829 2446 2062 2512 simplices
2110 2460 2297 2510 quoque
2352 2444 2480 2494 fuere
2529 2459 2690 2493 eorum

1681 2512 1833 2559 victus
1853 2520 1902 2560 et
1931 2510 2157 2576 supellex.
2227 2510 2425 2558 Tremere
2451 2509 2635 2573 aliquid
2655 2525 2692 2556 s.

1684 2573 1890 2638 aliquem
1923 2576 2060 2624 docte
2084 2573 2253 2623 dicitur
2288 2574 2480 2638 passim.
2547 2574 2692 2628 Fabii,

1686 2638 1811 2695 Cato,
1843 2640 2005 2687 &auri
2036 2646 2086 2688 et
2118 2639 2314 2686 Fabricii
2345 2637 2393 2685 h.
2422 2639 2459 2686 l.
2492 2637 2695 2686 clarissi-

1681 2718 1859 2751 morum
1904 2703 2162 2752 Censorum
2208 2701 2415 2750 nomina.
2480 2702 2691 2767 Septem,

1680 2767 1805 2829 quod
1838 2766 2001 2823 sciam,
2038 2767 2166 2814 Fabii
2187 2766 2315 2814 fuere
2349 2765 2601 2824 Censores,
2633 2765 2692 2813 de

1680 2831 1851 2893 quibus
1870 2848 1916 2880 v.
1936 2830 2095 2895 Pigbii
2117 2830 2346 2880 Annales.
2403 2830 2515 2877 Cato
2533 2834 2693 2887 dunas,

1679 2894 1731 2943 h.
1750 2910 1793 2942 e.
1826 2910 2026 2951 severus,
2062 2895 2166 2960 (ap.
2195 2893 2407 2942 Martial.
2443 2895 2540 2942 XI.
2573 2896 2622 2943 2.
2650 2897 2691 2941 1.

1687 2958 1829 3006 Triste
1844 2960 2129 3021 supercilium
2145 2961 2333 3021 durique
2351 2973 2501 3006 severa
2514 2959 2693 3006 Catonis

1688 3149 1798 3209 Cato
1839 3154 1979 3213 mqjor
2014 3151 2090 3199 vel
2137 3150 2319 3198 Priscus
2369 3151 2479 3198 Cato
2522 3151 2691 3206 dictus,

1684 3215 1936 3263 acerrimus
1970 3213 2226 3264 nobilitatis
2262 3213 2572 3271 adversarius,
2608 3232 2690 3264 cu·

1678 3275 1758 3340 jus
1775 3277 2019 3342 frugalitas
2038 3278 2292 3334 notissima,
2314 3286 2363 3327 et
2389 3278 2694 3328 celeberrima

1682 3342 1744 3390 ob
1775 3343 2071 3392 severitatem
2094 3358 2308 3398 censura,
2331 3358 2477 3406 quam
2506 3359 2550 3391 a.
2584 3346 2695 3393 569.

1683 3405 1840 3470 gessit.
1862 3424 1907 3455 v.
1931 3407 2036 3456 Liv.
2056 3409 2135 3456 39.
2159 3407 2368 3455 40-44,
2388 3414 2437 3455 et
2460 3407 2591 3454 Plut.
2614 3408 2692 3456 vit.

1687 3470 1798 3520 Cat.
1830 3471 1889 3518 E.
1909 3471 2090 3519 &aus-is
2118 3471 2403 3520 clarissimus
2432 3472 2512 3519 M.
2535 3471 2691 3520 AEmi·

1683 3533 1777 3582 lius
1821 3535 2039 3591 Scaurus,
2080 3534 2162 3599 qui
2208 3534 2369 3601 prince
2403 3549 2426 3581 s
2471 3536 2690 3592 Senatus,

1685 3597 1865 3647 Censor
1894 3614 1941 3647 a.
1974 3601 2085 3649 645.
2115 3597 2190 3646 bis
2222 3599 2383 3648 Consu
2431 3613 2478 3647 a.
2499 3600 2619 3649 638.
2650 3607 2696 3649 et

1684 3663 1795 3710 646.
1816 3669 1865 3711 et
1884 3671 2043 3712 auctor
2060 3653 2178 3737 legis
2196 3662 2383 3712 cibariae
2402 3662 2510 3720 fuit,
2532 3671 2585 3714 et
2605 3665 2691 3712 ΛΕ-

1683 3725 1862 3774 miliam
1893 3727 2058 3776 stravit
2083 3742 2209 3775 viam
2240 3736 2529 3791 pontemque
2561 3729 2694 3778 Mul·

1682 3789 1811 3838 vium
1851 3790 1978 3839 fecit.
2020 3808 2066 3839 v.
2101 3791 2285 3839 Ernesti
2329 3790 2453 3840 clav.
2501 3791 2611 3840 Cic.
2647 3799 2694 3840 et

1682 3853 1820 3918 Pigh.
1838 3854 1968 3905 Ann.
1984 3855 2043 3902 T.
2062 3855 2164 3904 111.
2185 3871 2235 3920 p.
2258 3855 2518 3904 126.-De
2532 3856 2692 3904 Fabri-

1680 3920 1748 3965 cio
1777 3918 1982 3968 Censore
2009 3936 2057 3968 v.
2078 3934 2181 3984 sup.
2212 3917 2275 3966 ad
2307 3918 2399 3967 IX.
2436 3920 2546 3969 142.
2598 3921 2692 3968 Pro

1671 3990 1883 4042 postremo
1902 3981 1950 4030 in
1971 3982 2130 4031 multis
2152 3981 2284 4030 libris
2315 3981 2544 4048 reperitur
2571 3986 2684 4049 rigi-

1675 4047 1821 4108 dique,
1855 4046 1981 4110 quod
2014 4046 2061 4095 h.
2082 4045 2117 4095 l.
2147 4046 2410 4109 langueret,
2432 4047 2547 4120 quia
2579 4063 2687 4096 cum

1676 4126 1840 4174 synon.
1871 4128 2031 4160 severos
2062 4110 2353 4176 jungeretur,
2389 4127 2527 4185 cujus
2562 4112 2686 4175 glos·

1674 4189 1778 4222 sam
1809 4174 2000 4225 redolet.
2064 4176 2144 4224 92.
2166 4175 2287 4224 Haec
2309 4174 2468 4223 referri
2492 4182 2686 4241 possunt

1675 4238 1735 4286 ad
1756 4255 2000 4289 censuram
2023 4239 2158 4287 Fabii
2179 4238 2416 4307 ac'DeciL
2440 4238 2503 4287 de
2558 4255 2621 4287 ua
2643 4257 2686 4288 v.

1673 4311 1765 4352 vet.
1787 4303 1942 4353 Schol.
1972 4319 2077 4370 sup.
2105 4301 2167 4353 ad
2196 4320 2239 4352 v.
2261 4305 2341 4352 90.
2375 4311 2424 4352 et
2447 4303 2507 4351 C.
2580 4305 2680 4353 lau-
