2978 4920
1006 262 1133 324 SA
1156 262 1217 324 T
1240 264 1273 326 1
1297 260 1467 353 Ra.
1510 261 1701 325 X1v.

2269 266 2395 327 343

327 489 339 508 ι
388 452 547 530 Non
565 450 790 515 ardent
826 446 1086 535 Cynici:
1136 447 1185 512 si
1218 446 1503 532 fregeriS,
1535 447 1734 512 altera
1760 447 1869 511 fiet
1941 499 1946 504 .
2129 523 2134 526 v

389 555 548 616 Cras
577 552 827 630 domna,
857 563 969 615 aut
1000 547 1219 630 eadem
1248 548 1517 636 plumbo
1545 548 1884 614 commissa
1903 550 2212 614 manebit.
2260 552 2388 614 310
2475 557 2478 560 ’

388 656 597 720 Sensit
627 655 1019 736 Alexander,
1049 666 1211 734 testa
1240 676 1442 740 quum
1471 653 1636 718 vidit
1666 655 1731 718 in
1762 653 1872 718 illa

391 757 710 843 Magnum
738 757 1184 836 habitatorem,
1206 767 1449 842 quanto
1478 755 1719 819 felicior
1746 756 1870 833 hic,
1903 757 2018 842 qui

288 939 289 942 Ἴ
387 858 499 921 Nil
529 848 811 944 cuperet,
845 880 1039 944 quam
1069 858 1185 943 qui
1216 853 1427 921 totum'
1455 854 1575 919 sibi
1603 868 1887 948 posceret
1916 856 2154 934 orbem,

328 1003 333 1008 -
388 962 700 1025 Passurus
728 961 925 1046 gestis
955 958 1270 1045 aequanda
1297 956 1580 1045 pericula
1607 958 1814 1022 rebus,-

386 1061 449 1122 N
455 1060 655 1124 ullum
685 1083 921 1124 numen
948 1061 1166 1138 habes,
1198 1061 1250 1123 si
1280 1060 1362 1123 sit
1391 1058 1732 1145 prudentia
1751 1084 1795 1132 ;,
1817 1083 1931 1123 nos
1961 1072 2045 1139 te,

2194 1063 2390 1126 --315

389 1164 525 1234 Nos
552 1162 844 1241 facimuS,
878 1164 1187 1239 Fortuna,
1220 1162 1443 1224 Deam.
1495 1159 1801 1242 Mensura
1830 1173 2040 1242 tamen
2069 1186 2216 1248 quae

389 1262 696 1327 Subficiat
726 1286 970 1341 censuS‚
1003 1263 1053 1328 si
1084 1262 1230 1350 quis
1258 1286 1359 1326 me
1389 1262 1698 1341 consulat,
1729 1263 1946 1327 edam:

388 1367 471 1428 In
500 1353 812 1451 quantum
846 1366 981 1430 sitis
1009 1378 1203 1452 atque
1231 1366 1430 1429 fames
1458 1377 1524 1429 et
1553 1365 1792 1450 frigora
1819 1379 2110 1453 poscunt,

388 1468 740 1544 Quantum,
772 1466 1076 1552 Epicure,
1108 1467 1225 1530 tibi
1257 1466 1469 1552 parvis
1500 1465 1768 1556 subfecit
1800 1466 1867 1528 in
1897 1465 2119 1543 hortiS,
2183 1541 2189 1548 ,

386 1568 713 1643 Quantum
749 1567 1047 1631 Socratici
1079 1571 1377 1653 ceperunt
1406 1578 1555 1633 ante
1585 1577 1859 1651 penates

384 1670 730 1755 Nunquam
762 1668 940 1742 aliud
972 1671 1244 1746 Natura,
1272 1669 1449 1733 aliud
1484 1668 1806 1755 Sapientia
1833 1669 2005 1760 dicit.
2077 1667 2084 1738 s

370 1793 371 1798 ¹
470 1769 749 1834 Acribus
778 1770 1086 1856 exemplis
1115 1769 1335 1834 videor
1362 1782 1426 1834 te
1455 1769 1765 1834 claudere.
1811 1771 2003 1834 misce

385 1876 565 1960 Ergo
591 1874 838 1960 aliquid
866 1874 1108 1939 nostris·
1128 1874 1208 1938 de
1237 1875 1557 1956 moribus:
1605 1874 1777 1942 effice
1807 1898 2139 1954 summam,

386 1975 498 2039 Bis
527 1987 768 2062 septem
796 1975 1128 2041 ordinibus
1158 1999 1355 2062 quam
1382 1975 1488 2041 lex
1520 1976 1823 2062 dignatur
1854 1976 2141 2041 Othonis.

294 2168 400 2210 erat
420 2159 699 2225 divitiasque
719 2162 985 2227 spernebat.
1051 2163 1208 2228 Hujus
1226 2163 1310 2212 do-

297 2240 408 2273 mus
443 2240 535 2273 non
570 2226 751 2275 ardebit
764 2244 778 2285 ;
811 2242 922 2275 nam
956 2226 1151 2286 dolium,
1184 2228 1312 2292 quod

297 2288 349 2336 in
381 2291 569 2338 Metroo
586 2289 676 2354 ipsi
709 2306 770 2339 ue
800 2307 884 2356 pro
905 2291 1044 2341 domo
1076 2299 1192 2349 erat,
1215 2310 1311 2341 non

295 2354 525 2418 ligneum,
563 2354 648 2403 sed
720 2355 830 2404 ctile
869 2371 928 2404 ex
962 2365 1108 2406 terra:
1153 2358 1309 2421 (testa)

297 2425 444 2483 quam
466 2420 656 2469 domum
678 2418 717 2468 si
740 2419 845 2485 quis
874 2420 1080 2486 fregerit,
1101 2423 1175 2472 vel
1207 2437 1311 2472 cras

300 2500 359 2532 ex
388 2485 554 2548 argilla
575 2494 624 2534 et
655 2486 756 2534 luto
774 2485 977 2551 fingetur
995 2487 1105 2543 alia,
1133 2487 1208 2535 vel
1230 2503 1309 2535 ea-

298 2548 405 2598 dem
422 2549 837 2614 conglutinabitur.
873 2552 1033 2615 Cynici
1052 2554 1182 2606 nudi,
1201 2566 1311 2600 nam

301 2613 584 2678 Cynicorum
614 2615 834 2663 humerus
861 2617 981 2665 alter
1005 2616 1161 2663 nudus
1191 2623 1323 2673 erat,

332 2678 441 2727 allio
457 2679 507 2727 in
529 2679 728 2729 alterum
751 2680 939 2745 rejecto.
961 2697 1009 2728 v.
1027 2680 1227 2729 Salmas.
1250 2680 1325 2743 de-

344 2743 454 2792 allio
518 2779 531 2791 .
564 2746 676 2794 396.
709 2760 814 2810 seq.
849 2747 1034 2808 plumbo
1071 2748 1311 2802 commissa,

298 2806 347 2855 h.
384 2823 426 2857 e.
458 2761 851 2860 -Kerruminatione
901 2826 940 2858 s.
990 2809 1309 2875 plumbatum,

294 2871 583 2934 μολνέδόσει.
646 2876 759 2921 311.
799 2890 899 2938 seq.
942 2873 1081 2923 Conf.
1119 2875 1311 2924 omnino

298 2938 434 3048 ΡΙιῧ.
444 2938 542 3007 yita
559 2937 835 2993 Alexandri,
856 2939 986 3003 Opp.
1000 2939 1056 2987 T.
1072 2939 1115 2988 Ι.
1133 2956 1181 3004 p.
1197 2942 1312 2989 671.

299 3009 348 3050 et
422 3018 436 3048 1

363 3015 500 3114 313).ε
502 3065 578 3114 cf.
598 3080 702 3129 sup.
724 3064 784 3113 ad
804 3067 870 3116 X.
897 3066 1002 3113 168.
1019 3081 1118 3129 seq.
1142 3066 1313 3131 Cynici

300 3129 496 3178 honores
510 3136 573 3178 ·et
598 3128 788 3177 divitias
817 3130 1118 3197 spernebant,
1139 3130 1315 3180 decen«

298 3201 368 3307 {s
397 3194 545 3244 solam
579 3192 799 3242 virtutem
833 3193 1059 3244 subiicere
1080 3194 1142 3244 ad
1167 3195 1313 3245 vitam

359 3267 503 3307 atam.

363 3325 474 3373 315.
507 3324 623 3372 316.
650 3319 734 3371 Cf.
758 3337 863 3386 sup.
886 3321 947 3371 ad
976 3323 1040 3372 X.
1067 3323 1177 3373 365.
1200 3325 1313 3376 366.

301 3386 382 3436 ubi
397 3387 562 3437 eadem
584 3388 803 3451 leg-untur
823 3388 982 3435 verba.

365 3453 481 3500 316.
511 3466 645 3516 seqq.
691 3451 741 3500 Si
788 3448 896 3515 quis
944 3459 1104 3500 tamen
1154 3468 1185 3501 a
1236 3468 1313 3502 me

299 3522 735 3629 quaeradt,bqutantei‘11s
773 3515 1115 3628 reidfamiliaris
1148 3516 1314 3631 mogus

299 3595 405 3628 esse
479 3595 506 3629 e
565 3597 631 3637 a,
719 3598 810 3637 am,
880 3596 1021 3637 icam,
1059 3597 1132 3630 res
1194 3598 1223 3630 n

298 3652 392 3694 cet.
427 3643 502 3692 cf.
524 3645 690 3695 Horat.
710 3647 813 3695 Sat.
832 3645 875 3693 Ι.
899 3646 1006 3694 173.
1029 3597 1192 3710 seqqlio
1259 3597 1315 3632 eo

363 3709 479 3758 318.
513 3707 571 3757 In
586 3719 818 3772 quantum,
836 3711 950 3760 καθ’
967 3709 1079 3771 ἴσον,
1091 3711 1165 3761 vel
1189 3712 1247 3766 εἷς
1265 3719 1313 3760 et

298 3769 489 3887 {51er
510 3789 550 3823 s.
571 3775 637 3837 Ψ
658 3773 768 3835 ἴσον,
790 3782 844 3824 ut
873 3776 917 3829 ὃς
949 3774 1004 3825 τί
1030 3792 1109 3842 ap.
1130 3776 1309 3827 Anacr.

363 3904 479 3951 319.
527 3902 755 3964 Epicurus
800 3904 1004 3954 honestae
1059 3904 1313 3970 voluptatis

299 3964 497 4024 ama'mr,
538 3968 673 4031 cujus
725 3968 916 4024 samam,
959 3968 1070 4016 olim
1117 3983 1311 4032 magno-

299 4046 412 4096 pere
449 4032 629 4087 laesam‚
664 4031 804 4082 hodie
844 4033 927 4082 alii
966 4032 1057 4081 alio
1092 4034 1230 4082 modo
1265 4040 1313 4083 et

296 4096 523 4145 subcessu
551 4095 875 4154 defenderunt,
893 4095 1093 4146 Athenis
1112 4096 1162 4146 in
1189 4098 1311 4146 horto

297 4160 468 4210 docere
497 4160 695 4217 solebat,
717 4168 766 4210 et
793 4161 935 4218 olere,
956 4161 1148 4226 polenta
1168 4170 1309 4225 atque

298 4240 435 4339 ²:3¹²ss
453 4232 717 4354 ⁰1⁰”‘⁸}¹‘c“f⁸’
737 4225 987 4340 Ψωιέἷῖῗ
1015 4224 1310 4350 sams&

293 4306 322 4338 ν
375 4304 403 4341 e
438 4304 468 4338 a
488 4305 559 4339 ur.
686 4323 698 4339 .
720 4305 821 4355 sup.
984 4325 998 4340 .
1114 4324 1126 4338 .
1296 4326 1309 4341 .

503 3036 515 3049 .
537 3001 695 3049 Laert.
715 3001 798 3050 lib.
818 3003 914 3052 VI.

1377 2163 1593 2211 Socratici
1617 2166 1807 2224 penates,
1842 2162 2036 2226 frugalis
2068 2163 2271 2213 Socratis
2303 2165 2386 2214 do-

1384 2242 1491 2275 mus
1512 2236 1560 2275 et
1582 2236 1728 2276 secta.
1760 2237 1865 2275 ante
1884 2229 1927 2274 E
1960 2228 2156 2274 icurum.

1396 2304 1401 2309 ’
1439 2294 1552 2340 320.
1598 2292 1839 2353 Sapientia,
1892 2308 1924 2357 p
1959 2291 2202 2357 ilosopbia,
2257 2296 2384 2351 dicit,

1376 2357 1516 2405 docet
1536 2372 1591 2404 ac
1644 2356 1749 2404 raeci
1785 2355 1836 2405 it.

1439 2422 1602 2469 322—
1634 2422 1713 2470 31.
1747 2372 1867 2470 l-‘laec
1916 2435 2024 2470 cum
2070 2417 2391 2491 indignatione

1375 2492 1422 2533 et
1444 2500 1678 2535 sarcasmo
1705 2486 1851 2536 dicta.
1922 2486 2079 2533 Videor
2108 2491 2285 2535 acribus
2316 2504 2388 2534 ex-

1374 2553 1526 2611 emptis
1546 2562 1588 2600 te
1618 2553 1840 2607 claudere,
1862 2550 2106 2598 avaritiam
2125 2559 2174 2599 et
2205 2552 2387 2625 cupidi-

1372 2621 1499 2663 tates
1537 2624 1643 2665 tuas
1684 2615 1823 2663 nimis
1859 2614 2068 2678 angustis
2107 2614 2181 2663 fru
2243 2614 2390 2663 litatis

1379 2680 1586 2728 terminis
1605 2678 2005 2728 circumscribere:
2028 2693 2193 2744 exemp
2214 2696 2242 2728 a
2267 2680 2385 2728 Dio-

1375 2743 1528 2806 genis,
1553 2746 1610 2792 ‘E
1643 2744 1761 2794 icuri
1801 2752 1849 2792 et
1890 2744 2109 2799 Socratis,
2147 2760 2256 2808 quae
2298 2744 2385 2793 tibi

1375 2823 1588 2858 commen
1622 2824 1714 2866 avi,
1755 2823 1930 2863 vereor,
1967 2824 2028 2856 ne
2069 2823 2207 2856 nimis
2246 2826 2388 2865 acria,

1375 2888 1537 2922 severa
1573 2881 1622 2922 et
1657 2872 1809 2937 rigida
1849 2872 1959 2921 sint.
2026 2873 2169 2931 Quod
2207 2873 2247 2920 si
2287 2873 2389 2922 haec

1374 2937 1754 3003 philosophorum
1783 2937 2027 3002 frugalitas
2050 2937 2295 2987 austeritas
2328 2955 2389 2988 ue

1374 3000 1460 3049 tibi
1476 3001 1769 3068 displicuerit
1788 3017 1801 3061 ;
1824 3006 1878 3051 de
1894 3005 2084 3050 moribus
2101 3005 2273 3060 nostris,
2369 3016 2396 3040 ·'

1376 3081 1621 3115 manorum
1658 3067 1799 3132 hujus
1840 3066 1946 3123 aevi,
1984 3069 2129 3123 misce,
2165 3067 2388 3125 admisce,

1377 3130 1582 3196 adjunge
1634 3130 1705 3180 illi
1754 3130 2011 3180 austeritati
2062 3134 2251 3196 aliquid,
2295 3148 2390 3182 non

1376 3195 1595 3253 multum,
1616 3195 1685 3245 ita
1718 3203 1772 3244 ut
1813 3194 2007 3245 modicis
2042 3204 2288 3245 contentus
2327 3198 2391 3246 sis

1375 3260 1561 3325 opibus,
1604 3276 1698 3310 non
1742 3260 1996 3325 inmensas,
2034 3269 2088 3309 ut
2129 3261 2218 3320 illi,
2260 3270 2394 3325 quae-'

1375 3339 1469 3373 ras.

1441 3390 1716 3439 323-326.
1751 3390 1828 3439 Cf.
1853 3388 1993 3438 simil.
2014 3389 2108 3437 loc.
2138 3390 2269 3436 Pers.
2292 3389 2388 3439 VI.

1378 3453 1457 3501 78.
1476 3469 1607 3518 seqq.
1623 3454 1744 3517 effice
1761 3470 1989 3509 summam,
2007 3469 2140 3515 quam
2161 3454 2228 3502 let
2246 3453 2389 3501 Otho-

1376 3520 1447 3564 nis
1476 3521 1695 3583 dignatur
1727 3520 1791 3566 bis
1818 3526 1977 3578 reptem
2007 3518 2250 3573 ordinibus,
2271 3533 2388 3582 para

1377 3580 1462 3629 tibi
1500 3597 1693 3631 censum
1735 3588 2015 3644 equestrem,
2047 3580 2390 3646 quadringenta

1376 3646 1605 3702 sestertia,
1628 3661 1733 3711 quae
1764 3653 1817 3692 ut
1851 3644 2042 3701 habeat,
2072 3645 2154 3708 qui
2187 3645 2238 3694 in
2270 3663 2389 3711 qua-

1375 3710 1631 3760 tuordecim
1673 3708 1913 3759 ordinibus
1950 3725 1990 3758 s.
2026 3710 2250 3773 gradibus
2289 3712 2391 3775 (or-

1374 3775 1589 3831 chestrae,
1631 3774 1682 3822 in
1728 3789 1823 3837 qua
1869 3781 2106 3824 senatores
2143 3774 2386 3830 sedebant,

1407 3838 1621 3900 roximis)
1661 3837 1823 3887 sedere
1860 3838 2006 3904 cupit,
2046 3841 2278 3889 sancitum
2316 3849 2388 3888 est

1373 3855 1479 3967 rege
1504 3902 1683 3952 Roscia
1701 3902 1935 3960 theatrali,
1961 3904 2060 3952 lata
2082 3920 2112 3953 a
2135 3906 2189 3952 L.
2212 3903 2388 3951 Roscio

1377 3967 1567 4016 Othone
1594 3968 1702 4016 trib.
1721 3968 1789 4023 pl.
1812 3983 1857 4017 a.
1881 3968 1943 4018 U.
1967 3968 2024 4018 C.
2050 3969 2163 4016 686.
2187 3967 2264 4014 Cf.
2281 3981 2386 4030 sup.

1378 4032 1420 4080 1.
1439 4033 1550 4082 106.
1567 4032 1669 4080 III.
1683 4033 1891 4081 154-9.
1907 4032 1972 4080 V.
1988 4033 2097 4080 132.
2130 4032 2284 4079 Docte
2301 4046 2385 4078 au-

1373 4104 1468 4145 tem
1485 4103 1534 4146 et
1557 4097 1772 4164 εἷςυυικὸς
1790 4099 1857 4146 lea·
1877 4095 2047 4144 dicitur
2065 4096 2248 4157 dignari
2266 4111 2384 4141 sum-

1370 4168 1491 4209 mam
1511 4164 1574 4210 bis
1604 4173 1762 4225 septem
1790 4162 2030 4213 ordinibus,
2051 4157 2103 4205 h.
2120 4171 2163 4206 e.
2184 4158 2388 4222 equestri

1374 4226 1476 4275 loco
1508 4234 1558 4276 et
1587 4227 1773 4275 ordine:
1810 4239 1920 4273 nam
1952 4223 2055 4286 lege
2085 4220 2172 4294 illa
2200 4222 2384 4288 proprie

1372 4290 1565 4354 quidem
1582 4306 1676 4339 non
1694 4302 1892 4344 summa,
1914 4285 2015 4344 sed,
2038 4302 2120 4350 qui
2140 4302 2244 4337 eam
2279 4302 2383 4355 pos·
