2978 4920
1068 333 1513 399 sA-TIRA
1577 335 1713 398 IX.

385 522 531 599 Dic,
562 541 796 607 passer,
827 513 930 584 cui
962 513 1058 584 tot
1087 532 1372 598 montes,
1390 534 1487 586 tot
1517 515 1758 608 praedia
1789 517 2000 586 servas

385 623 671 709 Appula,
703 621 1052 687 tot-milvos
1080 623 1252 686 intra.
1278 636 1393 687 tua
1423 635 1658 710 pascua
1687 622 1877 688 lassos
1903 629 1928 687 ?

2304 629 2345 690 CI

2351 630 2387 690 <51

313 801 321 812 ,
382 726 483 787 Te
516 724 872 788 Trifolinus
900 745 1051 810 ager
1079 723 1368 788 fecundis
1395 724 1647 790 -vitibus
1674 726 1897 812 inplet,

281 809 900 914 ‘'''Siispectunique
914 828 1148 914 jugum
1182 828 1427 905 Cumi8‚
1459 840 1523 893 et
1558 829 1816 893 Gaurus
1844 831 2066 893 inanis.

381 931 546 993 Nam
578 929 723 1017 quis
753 929 941 1016 plura
970 930 1109 995 linit
1140 931 1392 1012 victuro
1413 929 1596 994 >dolia
1623 935 1880 994 musto?

378 1033 704 1110 Quantum
733 1046 870 1098 erat
899 1032 1191 1098 exhausti
1222 1032 1472 1097 lumbos
1501 1031 1737 1097 donare
1766 1033 2009 1099 clientis

281 1133 307 1172 ⁷·
376 1135 417 1199 J
424 1136 727 1221 ugeribus
755 1134 1019 1223 paucis?
1064 1135 1368 1199 meliusne
1397 1134 1507 1198 hic
1532 1135 1808 1200 rusticus
1836 1136 2064 1214 infan8‚

2297 1137 2381 1202 60

381 1238 548 1301 Cum
579 1251 781 1303 matre
811 1251 875 1303 et
905 1237 1133 1304 casulis
1162 1250 1225 1304 et
1255 1238 1586 1303 conlusore
1612 1238 1862 1317 catone,

384 1340 698 1425 Cymbala
726 1340 1044 1427 pulsantis·
1068 1339 1350 1427 legatum
1381 1341 1491 1405 fiet
1520 1340 1754 1404 amici?

376 1442 699 1528 Inprobus
727 1465 815 1521 68,
847 1463 1047 1529 quum
1069 1444 1306 1529 poscis,
1324 1439 1443 1508 ais.
1478 1444 1590 1508 sed
1619 1445 1841 1531 pensio
1869 1444 2119 1522 clamat,

285 1590 381 1639 det.
454 1592 725 1641 Praestiterit
743 1600 903 1641 tamen
915 1611 929 1638 .·
961 1601 1015 1641 ut
1031 1602 1172 1641 strata
1190 1595 1303 1653 posi·

285 1665 355 1702 tus
398 1656 617 1720 longaque
652 1660 862 1705 cathedra
905 1658 1300 1715 Munera-tractet,

285 1719 332 1768 h.
353 1736 401 1769 e.
427 1720 642 1769 manibus
664 1731 930 1787 pertractet,
949 1721 1197 1771 dulcedine
1222 1737 1300 1771 eo·

283 1800 384 1833 rum
455 1786 713 1852 taliumque
778 1786 1057 1836 deliciaruin‘
1116 1795 1299 1852 captus.

286 1849 487 1897 Munera
517 1862 696 1907 secreta,
718 1861 897 1901 secreto
930 1852 1087 1907 missa,
1109 1860 1157 1901 et
1190 1868 1295 1915 quae

283 1928 376 1961 non
401 1914 545 1963 audet
565 1916 723 1981 palam
744 1917 1000 1973 ostendere,
1025 1913 1186 1981 utpote
1208 1932 1294 1980 pu-

284 1977 446 2027 denda
466 1983 516 2028 et'
533 1981 795 2037 muliebria,
818 1998 923 2046 quae
942 1981 1033 2047 ipsi
1056 1989 1298 2046 tamquam

283 2042 473 2092 semiuae
494 2060 525 2093 a
542 2045 717 2094 drauco
737 2046 880 2094 missa
901 2055 1025 2096 sunt.

285 2115 288 2120 '
347 2110 432 2156 54.
450 2125 546 2174 seq.
564 2111 595 2159 J
600 2126 677 2157 am
695 2127 723 2158 a
784 2118 852 2158 rte
874 2111 1105 2158 Naevolus
1121 2110 1171 2157 in
1182 2108 1295 2158 Vir·'

281 2188 447 2232 ronem
478 2173 555 2223 vel
582 2174 697 2221 cinae
735 2190 787 2223 os
819 2174 863 2222 ei
897 2173 1087 2229 similes,
1112 2190 1309 2222 eorum-·

282 2243 376 2301 qne
399 2246 451 2286 et
484 2238 731 2286 avaritiam
762 2246 810 2286 et
840 2238 1099 2293 mollitiem,
1122 2239 1296 2285 debac-

281 2303 468 2350 chatur.
537 2303 695 2351 Passer
726 2302 894 2351 dicitur
917 2303 1056 2350 homo
1076 2303 1231 2350 mollis
1251 2308 1299 2349 et

280 2366 521 2427 lascivus3
573 2382 685 2415 nam
724 2382 934 2431 passeres
976 2366 1026 2414 in
1063 2367 1296 2415 Venerem

282 2431 423 2496 proni
456 2446 513 2480 ac
545 2432 740 2487 salaceS‚
774 2430 899 2480 unde
930 2438 975 2479 et
1003 2435 1108 2480 esus
1139 2446 1299 2480 eorum

283 2495 348 2543 ad
371 2494 619 2544 libidinem
639 2496 847 2552 excitari,
865 2503 1117 2560 currusque
1139 2497 1299 2545 Vene-

279 2559 344 2608 ris
366 2561 429 2609 ab
451 2560 546 2609 illis
567 2561 688 2611 trahi
708 2561 1000 2610 credebatur.
1032 2564 1123 2617 cui,
1147 2561 1197 2608 in
1218 2577 1302 2609 cu·

274 2623 355 2688 jus
378 2625 581 2689 gratiam
612 2636 709 2675 tam
743 2641 912 2675 avarus
931 2641 982 2674 es
1004 2635 1052 2673 et
1084 2633 1153 2674 tot
1184 2642 1297 2690 opes

278 2689 512 2756 conligis‘l
552 2702 730 2748 montes,
753 2691 904 2741 vineis
934 2689 1153 2739 consitos.
1216 2694 1294 2739 55.

278 2756 477 2817 Appula,
520 2756 667 2820 epith.
708 2761 811 2805 orn.
853 2755 1075 2820 quoniam
1118 2754 1297 2820 Apulia

281 2819 567 2869 fertilissima
580 2821 733 2870 Italiae
750 2820 876 2884 regio
892 2820 994 2868 fuit.
1016 2819 1094 2869 Cf.
1116 2836 1219 2884 sup.
1233 2820 1295 2869 ad

280 2884 377 2934 IV.
395 2887 477 2933 27.
495 2894 558 2932 tot
574 2888 721 2934 milvos
732 2888 855 2934 intra
868 2895 950 2933 tua
966 2902 1131 2946 pascua
1148 2887 1291 2941 lassos,

278 2948 328 2996 h.
363 2964 407 2995 e.
439 2948 689 2998 latifundia
718 2958 817 2999 tam
849 2965 926 2998 am
959 2951 1022 3005 la,
1056 2958 1111 2999 nt
1150 2949 1294 2998 etiam

279 3012 416 3061 milvi
439 3029 498 3062 ea
516 3015 854 3064 transvolantes
873 3015 932 3064 de
953 3022 1178 3063 assentur.
1215 3015 1294 3064 Cf.

280 3078 413 3126 Pers.
435 3078 529 3126 IV.
552 3080 633 3127 26.

313 3149 319 3154 '
344 3144 425 3192 56.
451 3142 702 3208 Trifolinus
719 3160 827 3209 ager
847 3141 940 3191 dici
972 3149 1163 3208 putatur
1184 3158 1295 3206 ager

280 3205 464 3256 Trifolii
504 3223 613 3273 opp.
657 3215 741 3256 aut
779 3207 949 3256 montis
1000 3207 1293 3273 Campaniae,

279 3271 370 3328 vel,
416 3272 530 3337 quia
582 3271 722 3336 hujus
761 3271 947 3320 Trifolii
987 3280 1124 3321 nemo
1164 3288 1293 3322 men-

281 3334 455 3384 tionem
477 3337 610 3394 facit,
634 3342 745 3402 ager
768 3337 1060 3401 Campanus,
1079 3340 1161 3401 qui
1182 3337 1295 3386 vina

278 3400 436 3449 tulerit
478 3401 699 3514 ‘ffatim’
744 3401 793 3450 h.
826 3417 870 3450 e.
908 3402 1042 3451 tertio
1078 3401 1291 3450 foliorum

280 3473 458 3527 exortu,
484 3483 514 3515 a
546 3483 695 3530 eoque
716 3467 853 3516 tertio
876 3480 1000 3514 anno
1034 3466 1095 3514 ad
1127 3466 1292 3515 biben-

282 3527 393 3578 dum
434 3538 529 3580 tem
564 3531 727 3581 estivo.
805 3530 985 3580 Vinum
1014 3531 1293 3579 Trifolinum

280 3592 483 3644 laudant
562 3595 689 3645 then.
718 3597 761 3645 Ι.
781 3598 862 3644 21.
895 3595 1109 3644 Martial.
1142 3597 1292 3645 XIII.

285 3658 397 3708 113.
419 3666 468 3706 et
488 3660 612 3708 Plin.
632 3661 774 3710 XIV.
796 3661 844 3710 6.
868 3660 968 3711 ubi.
994 3678 1036 3709 v.
1058 3660 1293 3710 Harduin.

348 3725 427 3772 57.
448 3723 700 3786 Suspectum
703 3728 877 3791 Jugum
898 3726 1064 3781 Cumis,
1082 3734 1136 3774 ut
1152 3726 1295 3790 vulgo

279 3794 467 3850 putant,
510 3790 754 3839 Misenum
783 3806 933 3856 prom.
964 3790 1130 3840 Cumis
1156 3790 1295 3839 imni-r

282 3866 399 3901 nens
430 3861 482 3903 et
511 3854 689 3904 ruituro
720 3855 888 3904 simile.
954 3856 1061 3905 Hoc
1082 3864 1242 3904 tamen
1265 3870 1295 3903 a

281 3915 447 3966 Cumis
468 3918 617 3969 tribus
637 3919 820 3968 circiter
841 3919 1049 3969 millibus
1069 3935 1294 3986 passuum

279 3979 439 4039 distat,-
466 3999 570 4039 nec,
594 3985 721 4050 quod
750 3984 911 4042 sciam,
934 3982 1169 4033 vitiferum
1188 3984 1292 4042 fuit,

280 4054 331 4093 ut
367 4062 456 4096 nec.
486 4064 620 4098 mons
654 4050 717 4098 ad
753 4050 948 4106 Cumas,
970 4057 1019 4098 et
1048 4049 1158 4098 huic
1190 4049 1308 4098 urbi«

281 4107 528 4171 inminens,
562 4114 621 4163 de
652 4130 745 4179 quo
780 4124 836 4162 v.‘
858 4115 1029 4179 Heyne
1064 4115 1125 4163 ad
1159 4114 1295 4178 Virg.

282 4175 397 4242 AEn.
423 4179 515 4227 VI.
538 4180 588 4228 9.
608 4195 658 4228 se
695 4215 708 4228 .
728 4185 777 4227 et
796 4179 846 4226 in
868 4181 988 4228 Exc.
1009 4180 1115 4229 ΙΙΙ.
1159 4180 1298 4229 Forte

282 4238 652 4317 significatur'h.
693 4279 706 4292 .
722 4243 979 4318 Vesuvius,
1000 4243 1084 4308 qui
1112 4242 1299 4318 longius

284 4304 850 4423 fflldssffiei-ffiaffl‘issssss
873 4308 1081 4438 ἓξξέξῑζ
1100 4309 1299 4421 3¹¹3?ss

1368 1609 1555 1658 quoque
1578 1594 1682 1642 urbi
1705 1603 1925 1656 suspectam
1950 1594 2102 1643 vocari
2157 1595 2283 1644 ossit.
2306 1596 2377 1658 (v.

1368 1658 1683 1723 Intp.=Valer.
1706 1660 1783 1707 ΓΙ.
1815 1661 1887 1707 11.
1922 1659 2035 1708 620.
2072 1661 2129 1708 n
2151 1694 2164 1708 .
2187 1662 2298 1709 509.
2330 1669 2380 1710 et

1366 1723 1450 1770 Sil.
1466 1724 1637 1772 XVII.
1652 1725 1764 1774 592.
1778 1723 1902 1788 seq.)
1928 1723 2063 1772 Idem
2075 1724 2379 1789 pulcerrimus

1364 1787 1574 1836 omnium
1614 1788 1887 1853 Campaniae
1926 1789 2170 1844 montium,
2207 1789 2380 1837 vitibus

1363 1853 1656 1906 amictorum,
1682 1852 1850 1901 dicitur
1883 1854 2005 1901 Flor.
2032 1854 2072 1901 l.
2108 1854 2183 1901 16.
2218 1856 2264 1903 5.
2300 1853 2377 1903 Cf.

1363 1916 1497 1981 Virg.
1522 1918 1613 1967 Ge.
1637 1918 1709 1965 ΙΙ.
1731 1919 1843 1966 224.
1874 1918 2089 1966 Martial.
2114 1920 2205 1967 IV.
2228 1919 2308 1966 43.
2331 1927 2380 1970 et

1362 1981 1425 2028 al.
1494 1982 1679 2030 Gaurus
1723 1982 1999 2045 Campaniae
2043 1998 2193 2039 mons,
2238 1983 2377 2047 (bod.

1362 2046 1518 2095 Monte
1546 2046 1770 2110 Bar-baro)
1790 2046 1909 2095 iuter
1944 2048 2165 2095 Puteolos
2198 2055 2247 2094 et
2280 2049 2376 2096 Lu-

1357 2111 1540 2159 crinum
1560 2112 1894 2175 Avernumque
1925 2111 2101 2168 lacum,
2124 2111 2220 2159 vini
2252 2111 2374 2160 fera-

1359 2174 1586 2223 cissimus.
1607 2191 1653 2222 v.
1675 2175 1802 2222 Plin.
1824 2176 1966 2224 XIV.
1989 2178 2035 2224 3.
2058 2185 2107 2226 et
2128 2178 2176 2225 6.
2211 2179 2373 2230 inanis.

1360 2238 1532 2313 viduus
1585 2239 1825 2287 arboribus
1876 2239 2140 2306 vitibusque
2188 2246 2372 2289 tantum

1361 2312 1584 2350 cons1tus.
2213 2324 2217 2329 ·

1425 2370 1506 2415 58.
1541 2368 1662 2415 Nam
1694 2369 1791 2429 quis
1825 2368 1977 2427 plura,
2013 2384 2157 2432 quam
2187 2377 2257 2425 tu,
2294 2372 2373 2419 do-

1362 2430 1427 2477 lia
1458 2431 1556 2481 vini
1589 2431 1802 2481 recondit
1833 2430 1880 2479 in
1913 2429 2066 2481 cella‘!
2099 2433 2203 2496 quis
2234 2435 2372 2499 plura

1362 2495 1570 2561 possidet
1601 2497 1774 2551 vineta,
1805 2503 1853 2544 et
1884 2504 2044 2545 tamen
2074 2506 2173 2545 tam
2207 2513 2375 2555 avarus

1362 2568 1449 2616 est,
1488 2570 1542 2609 ut
1581 2577 1641 2610 ne
1679 2560 1943 2618 clientibus,
1982 2561 2145 2625 quales
2179 2577 2263 2609 nos
2293 2579 2372 2611 su-

1360 2641 1482 2681 mus,
1518 2624 1762 2690 vinisquid
1796 2623 1909 2672 dett
1952 2627 2087 2680 dolia,
2121 2625 2281 2680 cados,
2314 2629 2372 2676 li-

1360 2686 1642 2745 nit,'eorum
1675 2689 1894 2738 corticem
1927 2688 2048 2754 pice,
2079 2689 2155 2738 vel
2188 2705 2303 2747 cera⁸
2326 2699 2374 2741 et

1359 2769 1509 2820 gypso
1541 2753 1723 2810 oblinit,
1745 2766 1888 2802 musto
1917 2757 2106 2811 victuro,
2131 2753 2255 2819 (dat.
2322 2773 2373 2805 ro

1360 2820 1537 2882 genit.)
1577 2828 1631 2868 ut
1680 2819 1852 2868 multos
1891 2834 2038 2868 annos
2076 2819 2228 2868 duret.
2268 2878 2273 2883 ¹
2346 2837 2373 2872 e

1358 2892 1592 2934 vetustate
1634 2883 1749 2941 vini,
1789 2884 1982 2958 ejusque
2020 2882 2271 2939 condendi,
2314 2885 2373 2933 li·

1358 2948 1504 2997 nendi
1534 2957 1582 3001 et
1613 2947 1921 2998 conservandi
1953 2948 2131 2998 ratione
2164 2967 2212 2998 v.
2243 2950 2374 3016 Intp,

1359 3014 1528 3063 Horat.
1542 3013 1638 3064 Od.
1650 3015 1695 3062 I.
1705 3016 1845 3063 20.2.
1858 3015 1906 3062 3.
1918 3022 1967 3063 et
1978 3013 2136 3062 III.8.
2155 3016 2228 3063 10.
2241 3029 2374 3078 seqq.

1422 3081 1504 3128 59.
1529 3079 1760 3133 Quantum
1792 3088 1906 3134 erat,
1929 3079 2160 3144 quantula
2191 3095 2264 3128 res
2297 3079 2370 3128 fu-

1357 3141 1482 3192 isset.
1524 3145 1723 3192 exhausti
1743 3145 1948 3200 Venere,
1968 3152 2019 3192 ut
2040 3144 2135 3193 fere
2155 3147 2371 3193 exsorbere

1356 3210 1471 3320 VI„
1507 3207 1591 3257 inf.
1628 3210 1688 3256 X.
1724 3211 1835 3257 223.
1871 3209 2048 3265 lumbos,
2085 3225 2132 3258 v.
2163 3224 2267 3274 sup.
2307 3209 2368 3257 ad

1422 3338 1785 3388 60—62.·Num
1809 3339 1896 3394 hic,
1918 3337 1969 3385 in
1997 3336 2239 3402 jugeribus
2260 3336 2370 3392 tuis,

1354 3405 1548 3452 rusticus
1563 3403 1716 3468 infans
1735 3421 1837 3450 cum
1858 3412 2000 3449 matre
2016 3409 2106 3450 cet.
2126 3400 2174 3447 h.
2192 3416 2234 3448 e.
2257 3415 2373 3447 num

1349 3464 1570 3530 jugerum
1591 3476 1724 3515 tuum
1744 3469 1899 3514 melius
1911 3467 2107 3529 legatum
2114 3464 2203 3526 fiet
2220 3466 2370 3520 amici,

1356 3538 1634 3579 testamento
1655 3531 1809 3596 potius
1843 3546 1867 3578 a
1903 3536 1949 3577 te
1970 3527 2201 3592 legabitur
2221 3527 2371 3578 amico

1358 3603 1439 3643 tuo
1470 3597 1672 3655 cymbala
1704 3596 1916 3655 pulsanti,
1940 3593 1990 3641 h.
2011 3608 2055 3641 e.
2092 3591 2257 3651 Gallo,
2282 3592 2373 3657 (cf.

1359 3660 1453 3707 VI.
1474 3660 1584 3709 515.
1618 3667 1666 3708 et
1698 3659 1851 3707 VIII.
1887 3657 2038 3718 176.)
2061 3657 2133 3704 vel
2165 3657 2370 3722 pathic0,

1361 3724 1519 3773 Gallis
1551 3723 1709 3778 simili,
1732 3738 1876 3786 quam
1907 3721 2023 3770 mihi
2051 3721 2226 3771 drauco
2256 3738 2375 3788 pan-

1359 3788 1553 3855 perique
1575 3787 1735 3836 clienti
1756 3796 1852 3842 tu0,
1876 3787 1956 3851 qui
1978 3786 2162 3835 libidini
2184 3795 2278 3837 tuae
2299 3803 2372 3836 sa-

1362 3853 1560 3909 tisfacio,
1583 3868 1681 3903 nec·
1701 3851 1852 3919 patior
1884 3850 2145 3907 muliebria,
2168 3852 2251 3902 sed
2271 3867 2374 3900 ma-

1358 3918 1433 3967 riti
1452 3918 1552 3967 vice
1572 3918 1768 3983 fungor}
1804 3919 1997 3967 rusticus
2018 3918 2186 3983 infans,
2209 3930 2368 3970 verna,

1358 4000 1461 4032 cum
1494 3994 1651 4042 matre,
1676 3983 1867 4039 ancilla,
1892 3991 1940 4032 et
1972 3985 2148 4038 casulis,
2171 3979 2370 4044 mapali·

1357 4048 1449 4103 bus
1471 4060 1520 4097 et
1541 4048 1743 4114 attegiiS.
2234 4094 2240 4099 .

1425 4115 1508 4164 63.
1553 4115 1784 4176 Inprobus,
1834 4112 2084 4179 inpudens,
2138 4125 2213 4164 es,
2239 4123 2377 4168 quum

1360 4182 1512 4239 poscis,
1544 4179 1826 4246 inpudenter
1856 4177 2082 4243 postulaS,
2105 4173 2189 4219 vel·
2212 4178 2374 4244 postu-

1361 4243 1461 4292 lare
1482 4245 1637 4293 soles.
1690 4246 1785 4294 Pro
1805 4245 1871 4290 ais
1893 4241 2042 4302 -vulgo
2063 4236 2187 4287 male
2208 4234 2379 4297 legitur

1363 4310 1429 4355 ait
1456 4308 1560 4359 scil.
1582 4308 1721 4358 Virro
1753 4324 1793 4354 s.
1824 4304 2064 4357 cinaedus..
2117 4301 2211 4355 Sed,
2231 4301 2380 4360 pensio

1365 4374 1526 4421 clamat
1549 4381 1642 4421 cet.
1660 4369 1894 4435 responsio
1913 4365 2117 4421 Naevoli,
2137 4362 2382 4430 inportune
