2978 4920
566 313 695 375 848

1257 303 1936 372 JUVENALIS

658 497 933 559 Porrum
965 504 1029 557 et
1061 512 1234 576 caepe
1263 485 1441 554 nefas
1469 488 1728 566 violate,
1758 501 1823 554 et
1850 483 2146 574 frangere
2176 510 2412 551 morsu.

657 596 716 659 O
748 606 996 658 sanctas
1020 604 1261 679 gentes,
1293 591 1532 676 quibus
1558 590 1698 653 haec
1726 602 2077 655 nascuntur
2106 589 2173 652 in
2202 589 2409 653 hortis

2599 589 2697 650 10

658 693 977 757 Numina!
1029 691 1294 755 Lanatis
1324 689 1706 754 animalibus
1735 689 2010 753 abstinet
2040 689 2245 753 omnis

659 795 904 857 Mensa.
952 792 1129 856 nefas
1157 791 1286 854 illic
1316 790 1520 855 fetum
1543 789 1849 875 jugulare
1878 788 2142 875 capellae
2158 814 2178 852 t

659 895 981 960 Carnibus
1008 893 1304 957 humanis
1331 892 1500 956 vesci
1529 886 1696 955 licet.

1785 890 2108 955 Adtonito
2137 913 2341 976 quum
2374 941 2383 946 -

660 995 824 1058 Tale
854 1016 1045 1079 super
1074 1015 1317 1057 coenam
1343 992 1593 1057 facinus
1620 1002 1905 1056 narraret
1935 990 2165 1057 Ulixes

572 1196 634 1226 na
673 1180 942 1228 Groeconim
980 1187 1028 1229 et
1069 1181 1413 1236 Romanorum,
1454 1193 1588 1228 mou-

574 1242 693 1290 tium
724 1258 1058 1307 nemorumque
1089 1244 1300 1300 custode,
1322 1252 1371 1292 et
1393 1250 1587 1291 venato-

570 1322 702 1434 {gin
732 1307 913 1363 raeside,
931 1323 1073 1382 quam
1091 1324 1204 1357 sane
1223 1307 1273 1354 in
1289 1309 1482 1354 Bubasti
1504 1321 1591 1355 sua

767 1372 813 1418 lo
847 1372 1101 1436 novilunii)
1136 1370 1355 1436 AEgyptii
1386 1386 1481 1418 non
1510 1386 1589 1420 ve·

573 1436 876 1485 nerabantur.
939 1437 1080 1485 Forte
1110 1435 1253 1484 etiam
1284 1443 1494 1499 tempore
1529 1434 1587 1482 il·

571 1500 635 1552 lo,
660 1514 754 1562 quo
781 1499 1015 1549 scribebat
1045 1501 1076 1549 J
1081 1500 1309 1555 nvenalis,
1331 1513 1466 1548 sacra
1486 1499 1588 1546 Bu-

571 1563 742 1618 bastia,
798 1563 911 1611 olim
978 1562 1219 1638 AEgyptiis
1273 1570 1586 1619 sacrosancta,

573 1641 851 1690 summaque
882 1629 1162 1676 solennitate
1185 1642 1241 1675 ac
1272 1626 1440 1676 laetitia
1462 1627 1588 1674 cele-

571 1691 726 1745 brata,
751 1706 781 1738 a
813 1692 1010 1754 pristino
1041 1691 1288 1757 splendore
1307 1705 1591 1756 magnopere

571 1754 884 1812 desciverant,
899 1757 1219 1821 neglectaque
1221 1755 1446 1818 jacebant
1462 1773 1473 1801 z
1499 1771 1586 1803 un-

572 1818 634 1867 de
652 1826 699 1866 et
716 1819 885 1867 Strabo
900 1821 1075 1870 XVII.
1097 1837 1144 1885 p.
1162 1821 1273 1868 353.
1297 1820 1448 1867 solum
1470 1818 1589 1868 sorte

573 1883 776 1930 Bubasti
828 1884 957 1931 urbis
1009 1898 1181 1932 nomen
1237 1893 1587 1939 commemorat,

571 1961 667 1994 non
701 1948 928 2010 templum
965 1948 1091 2010 quod
1129 1947 1195 1994 ibi
1233 1954 1335 1994 erat
1376 1953 1584 1995 sumtuo-

568 2024 675 2058 sum
697 2017 746 2058 et
767 2024 873 2059 vere
895 2009 1277 2058 admirandum.”

634 2075 684 2121 9.
718 2073 830 2121 Non
850 2073 1073 2122 animalia
1091 2082 1277 2122 tanturn
1296 2088 1430 2122 sacra
1451 2083 1588 2123 erant

570 2136 828 2201 AEgyptiis,
850 2136 934 2185 sed
954 2139 1140 2186 arbores
1159 2137 1302 2186 etiam
1320 2146 1369 2186 et
1421 2138 1583 2196 lautae,

567 2216 948 2314 ”meff'nfflssdzfpfi
984 2202 1404 2315 2¹¹¹i¹>¹1¹¹113¹3²1¹¹1⁸2zf²5
1433 2217 1463 2315 t
1491 2211 1583 2316 ⁰32²·

567 2343 639 2392 pr.
685 2329 855 2392 Neque
897 2338 1073 2386 tamen,
1113 2330 1240 2394 quod
1279 2338 1418 2395 poeta
1457 2330 1507 2378 h.
1548 2330 1583 2378 l.
1678 2343 1728 2374 ui

568 2391 706 2448 ridet,
730 2393 817 2441 lias
849 2393 1037 2467 plantas
1058 2395 1107 2442 iu
1129 2395 1243 2443 deos
1274 2393 1487 2443 retulisse
1510 2394 1582 2442 di·

543 2456 824 2521 sinumque
859 2458 916 2506 iis
950 2459 1130 2507 cultum
1169 2458 1385 2508 tribuisse
1417 2457 1582 2509 viden-

568 2529 643 2569 tur
677 2523 923 2587 AEgyptii3
958 2524 1085 2587 quod
1118 2539 1205 2572 nec
1240 2523 1452 2571 Plinium
1485 2524 1518 2571 l.
1548 2524 1582 2574 1.

565 2584 655 2634 sibi
667 2587 949 2650 persuasisse
959 2587 1234 2637 crediderim
1241 2621 1255 2635 .
1267 2588 1341 2650 (v.
1348 2587 1417 2635 ibi
1427 2588 1580 2636 Hard.

562 2655 612 2696 et
641 2650 889 2698 sablonski
921 2651 955 2698 l.
998 2652 1032 2699 l.
1068 2668 1116 2717 p.
1156 2654 1203 2699 8.
1237 2651 1315 2715 9.)
1363 2653 1430 2699 AE
1526 2650 1578 2700 tii

562 2714 771 2822 plantas,
806 2731 948 2780 supra
985 2724 1282 2768 memoratas,
1317 2715 1477 2763 valetu
1513 2715 1580 2763 ini

583 2786 682 2826 orte
704 2780 867 2826 noxias
887 2793 988 2827 esse
1003 2787 1246 2854 putarunt,
1270 2778 1358 2841 (cf.
1380 2778 1577 2827 Diodor.

564 2840 598 2886 1.
623 2841 693 2904 c.)
715 2851 764 2891 et
797 2858 955 2890 sacras
975 2843 1086 2891 hinc
1110 2844 1339 2898 fecerunt,
1359 2848 1417 2889 ut
1438 2858 1579 2891 nemo

562 2919 646 2952 eas
675 2908 861 2955 ederet:
899 2907 972 2954 vel
993 2908 1113 2956 alias
1144 2908 1205 2955 ob
1226 2921 1394 2955 causas
1413 2905 1472 2954 iis
1493 2908 1579 2955 ab·

560 2968 840 3019 stinuerunt.
908 2971 1007 3019 Cur
1039 2970 1174 3019 nefas
1212 2969 1445 3025 duxerint,
1486 2987 1577 3018 οω-

557 3048 640 3090 pas
672 3033 829 3091 edere,
851 3034 1023 3082 docent
1056 3035 1190 3084 Plut.
1211 3034 1272 3083 de
1291 3035 1357 3082 Is.
1380 3042 1430 3082 et
1450 3035 1578 3083 Osir-

566 3095 694 3158 Opp.
715 3099 852 3146 Toin.
875 3099 947 3147 ΙΙ.
981 3116 1026 3164 p.
1062 3101 1175 3150 353.
1208 3099 1267 3147 Ε.
1290 3099 1348 3148 F.
1379 3105 1500 3147 etex
1521 3114 1578 3148 eo

563 3158 694 3206 Gell.
715 3162 827 3208 XX.
851 3163 899 3209 7.
925 3163 990 3210 al.
1010 3164 1058 3209 8.

631 3224 708 3269 10.
739 3225 891 3279 Salsa,
915 3225 999 3273 sed
1026 3225 1217 3287 injusta,
1250 3226 1429 3290 opinor,
1459 3225 1573 3274 inri-

559 3285 628 3334 sio
655 3285 869 3335 ridiculae
901 3288 1255 3352 superstitionis.
1325 3290 1365 3335 Ο
1382 3299 1573 3348 sanctas,

556 3349 812 3414 religiosae,
858 3361 1026 3416 gentes,
1082 3353 1378 3419 σαςκατικὸς,
1428 3361 1482 3401 ut
1534 3355 1576 3402 0

555 3424 710 3463 sancta
727 3418 987 3478 simplicitas
998 3419 1021 3464 l

629 3481 704 3528 11.
740 3481 929 3529 Lanatis
950 3484 1216 3530 animalibus
1231 3483 1416 3529 abstinet
1434 3485 1574 3531 omnis

558 3560 720 3600 mensa,
743 3544 791 3593 h.
810 3562 854 3595 e.
888 3545 1046 3594 ovium
1076 3555 1159 3595 esu
1193 3547 1396 3595 abstinet
1419 3547 1572 3595 omnis

556 3609 807 3671 AEgyptus,
829 3617 877 3658 et
900 3610 1109 3674 quidem,
1132 3611 1172 3658 si
1193 3610 1403 3659 Diodoro
1424 3611 1499 3659 ΙΙ.
1521 3613 1570 3659 4.

557 3668 677 3715 fides
703 3671 941 3729 habenda,
963 3675 1184 3739 quoniam
1214 3674 1290 3721 bis
1322 3674 1469 3723 edunt
1498 3675 1567 3723 fe-

556 3740 650 3788 tus,
674 3740 723 3781 et
745 3735 836 3792 lac,
859 3752 1049 3787 caseum
1080 3740 1335 3803 lanamque
1366 3737 1568 3786 homiui-

554 3797 646 3844 bus
684 3799 911 3870 praebent,
951 3802 1162 3866 adeoque
1184 3809 1401 3867 ‚propter
1441 3819 1568 3851 sum-

554 3874 686 3909 mam
716 3861 994 3910 utilitatem:
1039 3867 1116 3913 vel
1146 3875 1333 3930 propter
1367 3866 1569 3931 primurn

553 3924 738 4036 signum
746 3926 979 4038 e{otdiack
1001 3930 1101 3976 ovis
1119 3929 1194 3976 vel
1226 3929 1399 3987 arietis,
1420 3946 1563 4041 quesn

551 4005 747 4053 somgr
808 4006 916 4046 iur,
1038 4006 1089 4038 ra
1197 4007 1565 4053 ressum5une

551 4053 695 4103 etiam
729 4054 871 4103 Saitis
900 4070 955 4103 ac
1049 4007 1197 4103 ebgils)
1222 4056 1341 4104 aries
1370 4057 1443 4105 vel
1465 4057 1566 4105 ovis

553 4133 692 4167 sacra
721 4127 838 4175 erat,
860 4119 976 4168 etin
1008 4120 1184 4184 templo
1216 4120 1348 4167 Jovis
1367 4121 1563 4168 Thebaei

550 4196 587 4227 s.
633 4183 827 4238 Amum‘,
872 4191 1112 4247 tamquam
1161 4181 1269 4231 viva
1312 4183 1563 4232 Ammonis

551 4245 723 4309 imago,
760 4248 1080 4307 nutriebatur3
1118 4248 1177 4295 de
1210 4261 1303 4308 quo
1332 4263 1375 4294 v.
1395 4248 1560 4296 ‘Hero-

552 4308 648 4357 dot.
677 4310 747 4357 11.
779 4313 857 4360 42.
891 4313 1046 4362 Strab.
1081 4312 1252 4362 XVII.
1283 4327 1332 4375 p.
1367 4314 1479 4368 559.
1513 4322 1562 4361 et

1653 1179 1685 1227 J
1690 1176 1904 1228 ablonski
1918 1177 1954 1226 l.
1968 1176 2004 1225 l.
2022 1176 2082 1224 T.
2100 1174 2147 1225 1.
2162 1191 2214 1240 p.
2231 1174 2313 1223 74.
2327 1189 2427 1239 seq.
2446 1181 2494 1224 et
2516 1173 2689 1223 161-

1727 1306 1801 1353 12.
1835 1304 2013 1376 Capra,
2045 1310 2094 1352 et
2132 1302 2426 1368 potissimum
2457 1316 2602 1366 caper
2633 1317 2680 1348 s.

1654 1368 1828 1425 hircus,
1851 1369 2029 1416 ammal
2058 1383 2243 1416 sacrum
2274 1366 2531 1430 AEgypffis,
2553 1380 2677 1439 pne-

1653 1437 1793 1498 cipue
1815 1431 2096 1489 Mendesiis,
2117 1446 2314 1495 quorum
2346 1429 2680 1478 sanctissmus

1654 1498 1791 1545 Deus
1821 1496 1911 1544 fuit
1931 1494 2152 1550 Mendes,
2176 1493 2444 1561 symbolum
2461 1493 2537 1541 vis
2558 1493 2678 1552 sati-

1652 1559 2080 1673 vaedgchgenitivae,
2101 1575 2211 1624 quae
2242 1558 2293 1605 iu
2312 1565 2485 1669 natuffi
2518 1557 2677 1668 ἰιέεέἑέ

1651 1639 1717 1673 uu
1844 1639 1984 1680 ircus,
2140 1638 2251 1671 uam
2283 1638 2393 1671 viva
2487 1637 2552 1669 en

1651 1688 1828 1752 imago,
1873 1689 2117 1737 colebatur
2166 1688 2218 1735 in
2259 1685 2515 1751 magnifico
2571 1686 2677 1749 ejus

1650 1753 1844 1816 templo.
1889 1752 1966 1801 Cf.
1996 1752 2225 1801 Herodot.
2265 1750 2339 1798 ΙΙ.
2377 1750 2460 1798 46.
2492 1754 2546 1797 et
2584 1752 2675 1796 Ja—

1650 1817 1837 1865 blonski
1854 1816 1915 1864 T.
1936 1817 1981 1864 I.
2002 1832 2053 1881 p.
2073 1815 2352 1864 272-289.

1720 1881 1798 1930 13.
1833 1881 1988 1929 Nefas
2027 1881 2078 1929 in
2114 1881 2329 1945 AEgypto
2365 1877 2675 1935 animalibus,

1650 1943 1736 1993 sed
1770 1945 1843 1993 sas
1872 1946 2078 1992 humanis
2108 1945 2318 1992 camibus
2345 1944 2495 1990 vesci!
2539 1942 2675 1991 Hinc

1650 2009 1803 2057 omnis
1821 2016 1870 2057 et
1891 2009 2023 2073 justa
2041 2016 2198 2073 poetae
2219 2005 2501 2070 indignatio,
2525 2008 2674 2069 quam'

1710 2088 1733 2120 r
1758 2080 1906 2121 totam
1943 2073 2111 2122 effudit
2137 2071 2347 2125 satiram,
2380 2078 2433 2118 et
2461 2085 2574 2134 quae
2606 2072 2672 2119 ad

1684 2151 1772 2185 auc
1798 2136 2095 2186 scribendam
2126 2151 2233 2185 eum
2266 2134 2457 2198 inpulit.
2525 2135 2672 2183 Cous.

1650 2200 1847 2249 Diodor.
1881 2203 1954 2251 ΙΙ.
1988 2204 2033 2249 4.
2076 2199 2160 2264 qui
2195 2199 2357 2253 tradit,
2389 2199 2521 2247 fame
2555 2199 2669 2247 olim

1645 2265 1770 2337 AEgy
1825 2266 1892 2313 'os
1955 2272 2215 2330 premente,
2265 2263 2442 2311 multos
2505 2262 2672 2320 fuisse,

1645 2273 2491 2447 2...{1¹‘{i‡3²¹2.:3533.2m.23¹›
2522 2335 2644 2440 ...θ’
2609 2329 2674 2439 ⁸³:

1645 2460 1830 2505 tantum
1873 2467 1921 2506 et
1994 2472 2068 2506 uae
2106 2456 2199 2506 vioe
2242 2457 2454 2504 Deorum
2498 2455 2671 2521 imagi·

1645 2535 1730 2569 nes
1747 2530 1918 2571 essent.
2013 2522 2081 2571 lla
2113 2536 2300 2585 quoque
2330 2520 2577 2569 dementia
2596 2522 2669 2569 in-

1644 2586 1891 2649 manisque
1922 2584 2192 2643 crudelitas,
2209 2584 2346 2647 cujus
2364 2585 2563 2648 insigne
2585 2602 2669 2634 ex·

1643 2651 1852 2714 emplum
1888 2648 1972 2697 inf.
2011 2667 2057 2698 v.
2095 2652 2176 2698 33.
2205 2664 2339 2712 seqq.
2376 2664 2666 2698 commemo-

1643 2720 1788 2768 ratur,
1827 2729 1922 2762 non
1958 2714 2176 2761 omnibus
2213 2713 2456 2778 AEgyptiis
2491 2729 2662 2779 expro-

1642 2776 1765 2827 brari
1799 2785 1986 2843 potest;
2017 2786 2066 2827 et
2084 2778 2241 2826 minus
2261 2777 2383 2825 mira
2404 2777 2555 2825 videri
2580 2778 2664 2826 de—

1641 2841 1738 2896 bet,
1761 2843 1984 2904 quoniam
2005 2857 2065 2890 ex
2086 2840 2310 2906 religione
2340 2842 2557 2907 profecta
2577 2851 2666 2890 est.

1644 2904 1726 2953 Ab
1763 2905 2030 2954 hominibus
2063 2906 2207 2962 enim,
2243 2920 2445 2970 quorum
2480 2915 2667 2954 mentes

1641 2969 1967 3032 superstitione
2000 2977 2083 3018 aut
2113 2970 2343 3034 perversis
2375 2970 2438 3019 de
2460 2969 2571 3019 Diis
2590 2974 2663 3018 re'-

1641 3032 1822 3097 busque
1886 3033 2057 3082 divinis
2090 3033 2426 3098 .opinionibus
2478 3034 2660 3082 inbutae

1639 3096 1750 3153 sint,
1779 3097 2124 3146 inhumam'late
2161 3113 2218 3146 ac
2251 3098 2440 3146 saevitia
2470 3113 2662 3146 omnem

1638 3161 1847 3226 superari
1870 3177 2006 3226 posse
2033 3161 2321 3218 barbariam,
2342 3161 2537 3211 historia
2554 3178 2656 3211 om-

1637 3226 1711 3289 nis
1731 3225 1820 3272 aevi
1841 3225 1995 3275 docet.
2298 3244 2301 3247 ’

1705 3290 1910 3339 13-32.
1935 3291 2060 3348 Quae
2081 3290 2282 3354 Ulysses
2295 3293 2498 3345 Alcinoo,
2515 3289 2654 3338 1²11ae-

1637 3367 1776 3402 acum
1809 3355 1925 3418 regi,
1950 3370 1979 3403 a
1996 3369 2091 3418 quo
2116 3362 2343 3419 exceptus
2373 3361 2477 3402 erat
2496 3354 2657 3420 hospi-

1636 3417 1717 3473 tio,
1732 3419 1902 3481 (Hom.
1917 3418 2093 3483 Odyss.
2105 3418 2353 3467 VI—XII
2360 3419 2402 3466 Ι.
2418 3435 2556 3478 super
2571 3436 2652 3467 οω-

1633 3498 1756 3538 nam,
1781 3482 1832 3532 li.
1852 3497 1896 3530 e.
1918 3482 2040 3531 inter
2056 3496 2246 3531 coenam
2274 3498 2313 3530 s.
2336 3482 2648 3539 coenandum,

1635 3547 1843 3594 narravit
1876 3545 1935 3596 de
1967 3545 2313 3595 inhumanitate
2346 3555 2394 3596 et
2414 3549 2649 3614 ἄνθρακο-

1634 3608 1787 3674 φιγίφ
1823 3610 2081 3673 Cyclopum,
2115 3610 2237 3676 inpr.
2272 3610 2363 3659 Pol
2429 3611 2574 3666 hemi,

1632 3676 1996 3739 Laestv-ygonum,
2027 3674 2229 3724 ferarum
2260 3673 2310 3722 Si
2340 3675 2352 3686 '
2378 3676 2435 3722 'ae
2466 3682 2517 3723 et
2550 3675 2650 3723 Ita-

1633 3736 1708 3785 liae
1729 3739 1957 3799 gentium,
1981 3739 2152 3800 (Hom.
2174 3737 2347 3802 Odyss.
2372 3740 2468 3786 IX.
2491 3740 2650 3788 106-

1636 3802 1745 3851 125.
1782 3804 2054 3851 leo-542.
2085 3811 2135 3851 et
2167 3803 2232 3850 X.
2253 3803 2529 3866 80-132.)
2563 3803 2650 3851 etsi

1632 3864 1848 3914 fabulosa
1877 3865 2159 3915 videbantur
2189 3865 2305 3931 ipsis
2344 3866 2646 3922 Pliaeacibus,

1625 3937 1787 3978 tamen
1816 3929 1974 3978 minus
1999 3930 2177 3980 atrocia
2203 3937 2330 3985 sunt,
2357 3945 2507 3994 quani
2538 3944 2642 3994 que

1627 3993 1702 4042 his
1751 3994 2039 4059 temporibus
2076 3995 2127 4042 in
2167 3995 2381 4060 AEgypto
2433 3997 2642 4058 contige·

1628 4064 1753 4114 runt,
1790 4060 1989 4131 quaeque
2025 4060 2086 4107 de
2123 4057 2391 4123 Tentyroeis
2429 4060 2642 4107 referam.

1628 4124 1686 4168 Ε
1785 4122 1854 4177 tii,
1876 4121 2115 4196 sapientiae
2143 4121 2271 4169 fama
2305 4121 2419 4170 olim
2438 4122 2639 4170 clarissi-

1626 4186 1709 4242 mi,
1794 4186 1970 4234 arbaris
2032 4193 2363 4251 comparantur
2422 4186 2637 4250 populis:

1624 4263 1731 4312 quae
1770 4256 1928 4298 tamen
1977 4250 2264 4315 comparatio
2314 4250 2504 4314 proprie
2544 4265 2635 4297 non

1624 4313 1713 4362 nisi
1748 4313 1810 4362 ad
1830 4315 2096 4379 Tentyraeos
2129 4322 2176 4363 et
2208 4312 2555 4369 crudelitatem,
2577 4320 2634 4361 ex
