2978 4920
612 326 753 402 286,

1313 320 1976 386 JUVENALIS

692 511 990 597 Namque
1017 507 1107 574 ibi
1139 508 1446 606 Fortunae
1474 505 1723 571 veniam
1748 505 1996 574 damus.
2085 503 2254 568 Alea
2281 504 2522 591 turpi8‚

694 616 921 700 Turpe
949 623 1013 676 et
1042 609 1427 692 adulterium
1454 607 1898 672 mediocribus.
1944 606 2081 670 haec
2110 606 2328 671 eadem
2358 607 2452 690 illi

2571 607 2701 674 175

695 715 925 781 Omnia
952 736 1151 800 quum
1180 712 1439 789 faciant,
1468 711 1698 775 hilares
1725 710 2398 795 nitidiquevocantur.

693 818 927 880 Nostra
955 815 1198 879 dabunt
1234 812 1390 876 alios
1417 811 1607 886 hodie
1636 810 1922 875 convivia
1952 809 2175 884 ludos:

697 918 1003 982 Conditor
1034 917 1271 981 Iliados
1302 914 1692 992 cantabitur,
1723 925 1918 1000 atque
1950 913 2239 978 Maronis

695 1020 972 1085 Altisoni
1002 1017 1262 1083 dubiam
1291 1015 1588 1082 facientia
1614 1015 1891 1079 carmina
1918 1014 2212 1102 palmam.

697 1119 869 1198 Quid
897 1120 1113 1196 refert,
1144 1117 1300 1182 tales
1328 1139 1549 1180 versus
1577 1138 1708 1201 qua
1736 1139 1887 1181 voce
1920 1113 2253 1202 legantur?

2564 1115 2698 1176 180

786 1220 910 1284 Sed
937 1242 1107 1283 nunc
1135 1218 1348 1283 dilatis
1376 1229 1589 1281 averte
1617 1217 1873 1304 negotia
1901 1218 2091 1296 curia,
2187 1261 2192 1264 -

699 1324 791 1386 Et
820 1333 1067 1407 gratam
1096 1319 1387 1405 requiem
1409 1319 1577 1392 dona
1603 1317 1745 1396 tibi,
1776 1319 2033 1404 quando
2060 1312 2276 1385 licebit

695 1426 820 1488 Per
849 1434 1046 1486 totam
1076 1442 1312 1484 cessare
1342 1419 1537 1483 diem:
1585 1442 1712 1483 non
1739 1419 1969 1484 fencris
1999 1412 2132 1497 ulla

686 1522 967 1601 ·Mentio,
998 1545 1132 1600 nec,
1162 1523 1368 1609 prima
1397 1521 1447 1585 si
1476 1520 1618 1585 luce
1647 1544 1896 1608 egressa
1922 1522 2155 1586 reverti

696 1626 902 1690 Nocte
930 1625 1108 1702 solet,
1138 1623 1331 1688 tacito
1359 1622 1550 1686 bilem
1582 1622 1700 1687 tibi
1730 1623 2060 1687 contrahat
2090 1644 2276 1699 uxor,

2563 1621 2691 1683 185

699 1727 990 1792 Humida
1019 1727 1326 1812 suspectis
1353 1725 1627 1789 referens
1656 1724 1941 1790 multicia
1967 1725 2167 1810 rugiS‚

696 1829 1096 1913 vexatasque
1126 1848 1354 1904 comas,
1386 1836 1449 1888 et
1479 1824 1732 1890 vultum
1762 1841 2112 1912 auremque
2136 1823 2461 1888 calentem.

612 2023 690 2073 vel
721 2022 986 2077 triclinium,
1011 2021 1136 2086 quod
1168 2029 1520 2086 nonnumquam
1549 2039 1620 2072 ro·

611 2088 811 2136 tundum
844 2096 947 2134 erat
978 2094 1026 2134 et
1057 2100 1285 2134 marmore
1317 2095 1618 2137 constratum.

615 2152 712 2200 Sed
744 2150 921 2216 aptiore
949 2164 1088 2197 sensu
1122 2151 1264 2197 orbem
1299 2151 1464 2199 Laced.
1505 2151 1551 2198 h.
1582 2151 1617 2202 l.

614 2214 709 2263 dici
741 2223 888 2271 nates,
909 2222 1052 2272 recte,
1074 2213 1250 2278 opinor,
1272 2215 1451 2263 monuit
1470 2216 1615 2264 Boet-

614 2278 652 2327 ti
683 2296 733 2329 er
764 2280 814 2327 in
847 2281 1033 2327 London
1061 2282 1159 2326 und
1190 2278 1324 2325 Paris
1355 2280 1419 2327 V.
1451 2280 1483 2327 J
1487 2280 1619 2344 ahrg.

614 2296 706 2393 ΝΞ.
728 2344 822 2393 VI.
847 2344 986 2391 1802.
1000 2360 1050 2408 p.
1073 2344 1182 2391 179.
1203 2342 1360 2405 etjam
1379 2351 1488 2391 ante
1510 2360 1619 2392 eum

615 2406 893 2473 Grangaeus,
912 2407 993 2472 qui
1009 2406 1348 2472 suspicabatur,
1368 2409 1508 2455 orbem
1526 2408 1620 2473 sig-

611 2474 800 2537 nificare
830 2473 944 2536 quid
975 2471 1257 2538 propudiosi,
1291 2472 1393 2522 scil.
1423 2473 1619 2535 μολύνειν

613 2536 909 2601 augminis,
929 2545 983 2585 ut
1010 2552 1086 2601 ap.
1107 2537 1236 2585 Suet.
1255 2535 1383 2600 Aug.
1403 2538 1480 2586 68.
1500 2547 1618 2588 extr.

615 2604 718 2658 (ubi
750 2603 811 2650 cf.
836 2601 1016 2667 intpp.)
1043 2609 1091 2649 et
1123 2600 1272 2664 magis
1301 2605 1442 2650 orbem
1478 2603 1616 2650 Lace-

615 2670 892 2722 daemonium,
926 2673 1131 2715 sumtum
1170 2681 1228 2712 ex
1266 2663 1505 2731 Aristoph.
1543 2667 1619 2716 cui

614 2730 797 2781 Clinias
816 2729 969 2779 dictus
989 2730 1263 2786 κνσολάκυν,
1285 2730 1409 2779 unde
1425 2730 1617 2779 λακυνῖ-
1674 2768 1680 2773 .

612 2797 695 2858 ζειν
728 2811 804 2860 ap.
825 2795 1035 2859 Hesych.
1069 2802 1117 2843 et
1135 2792 1338 2858 Eupolin
1368 2810 1451 2858 pro
1473 2793 1617 2843 παιδι-

613 2864 704 2925 ἑροῗς
737 2861 961 2926 χρῆσθαι,
972 2861 1173 2920 pytisma
1202 2873 1310 2906 vero
1342 2874 1424 2922 pro
1455 2875 1505 2907 re
1533 2860 1616 2907 ob-

613 2939 777 2973 scoena
795 2923 932 2979 sumi,
953 2931 1006 2970 ut
1025 2931 1219 2983 sputum,
1241 2924 1438 2979 salivam,
1459 2930 1617 2979 rorem,

612 3005 774 3046 mam,
794 3004 964 3050 spuere,
980 2989 1201 3047 despuere,
1220 2989 1522 3048 per-despuere,
1545 3005 1619 3036 vo-

612 3068 745 3108 mere,
775 3053 857 3111 (cf.
889 3053 1048 3116 Intpp.
1084 3049 1260 3098 Catull.
1283 3051 1519 3100 LXXIV.
1540 3051 1613 3114 3.)

613 3117 730 3163 adeo
763 3132 823 3164 ue
846 3115 1124 3164 sententiam
1144 3114 1190 3162 h.
1212 3114 1247 3162 l.
1268 3130 1394 3164 esse:
1431 3116 1513 3179 qui
1533 3132 1616 3168 no-

613 3195 677 3227 va
697 3180 740 3226 E
760 3179 1034 3244 ephantidos
1053 3179 1203 3242 figura
1223 3178 1402 3226 nudum
1426 3181 1617 3246 supina·

612 3246 807 3307 tumque
828 3243 878 3291 in
900 3250 1107 3291 ventrem
1139 3243 1433 3290 exsecrandis
1457 3245 1614 3294 uredi-

612 3307 751 3365 nibus
791 3306 987 3371 flagitat.
1063 3305 1370 3353 Praetermitto
1418 3307 1613 3357 aliorum

613 3375 902 3438 conjecturas
918 3370 1072 3419 minus
1086 3369 1368 3435 probabiles.

679 3438 949 3486 174—176.
984 3437 1103 3484 Haec
1139 3434 1325 3498 aliaque
1359 3433 1499 3498 hujus
1533 3451 1614 3500 ge-

613 3501 736 3550 neris
767 3501 925 3568 turpia
954 3501 1169 3549 videntur
1201 3507 1249 3548 et
1284 3498 1528 3549 inhonesta
1561 3501 1612 3549 in

611 3567 915 3631 pauperibus,
927 3566 976 3615 in
997 3565 1219 3615 divitibus
1235 3562 1341 3612 ferri
1357 3564 1524 3621 solent,
1546 3573 1611 3623 et,

611 3643 668 3675 ex
705 3631 920 3694 opinione
959 3629 1106 3694 vulgi,
1142 3638 1251 3678 sunt
1288 3628 1497 3686 ferenda,
1538 3630 1615 3678 vel

612 3691 734 3740 adeo
767 3693 1023 3743 laudabilia
1046 3703 1094 3742 et
1156 3710 1205 3743 ro
1235 3694 1499 3749 virtutibus,
1523 3710 1615 3742 non

613 3753 754 3810 vitiis,
783 3757 1028 3806 habentur.
1064 3760 1103 3807 C
1129 3793 1142 3806 .
1175 3775 1278 3823 sup.
1312 3758 1374 3806 ad
1410 3760 1501 3806 IV.
1540 3761 1622 3807 13.

617 3819 694 3866 14.
715 3820 832 3867 'Alea
853 3825 1012 3882 turpis,
1029 3840 1074 3870 v.
1090 3838 1192 3886 sup.
1214 3823 1275 3871 ad
1296 3823 1341 3870 I.
1359 3824 1437 3871 88.
1456 3825 1618 3870 medio-

606 3884 845 3997 ονὶὁαεύιιῖ
860 3898 962 3949 sup.
985 3887 1078 3935 VI.
1098 3888 1208 3934 582.
1230 3889 1381 3943 nitidi,
1403 3885 1537 3943 lauti,
1560 3895 1614 3935 ut

610 3964 715 4013 sup.
787 3984 800 3997 .
854 3983 868 3998 .
1509 4000 1512 4005 .

679 4014 784 4062 177.
822 4028 920 4077 seq.
960 4012 1020 4060 In
1056 4012 1330 4062 lautioribus
1370 4015 1611 4063 Romano·

608 4093 714 4125 rum
750 4077 990 4133 conviviis,
1029 4083 1082 4125 ut
1111 4076 1159 4123 in
1195 4077 1403 4132 theatris,
1447 4094 1608 4128 acroa-

608 4150 739 4191 mata
765 4158 866 4193 esse
896 4142 1124 4195 solebant,
1146 4140 1194 4188 h.
1217 4156 1258 4187 e.
1280 4141 1507 4199 homiues,
1530 4143 1609 4207 qui

608 4206 686 4253 uel
727 4215 885 4265 cantu,
927 4207 1003 4255 vel
1042 4205 1305 4261 saltatione,
1344 4206 1420 4255 vel
1459 4207 1610 4256 facete

606 4267 760 4327 dictis,
782 4274 857 4321 vel
877 4271 1018 4322 etiam
1049 4269 1315 4319 recitatione
1344 4270 1503 4334 aliqua
1524 4287 1606 4320 au-

606 4330 778 4383 ditores
829 4337 1134 4395 oblectarent.
1169 4352 1216 4384 v.
1264 4351 1366 4401 sup.
1407 4336 1469 4384 ad
1512 4337 1608 4385 VI.

1682 2032 1789 2072 rant
1818 2023 2128 2080 recitationes,
2149 2021 2269 2087 inpr.
2292 2011 2560 2067 carminum
2591 2019 2690 2067 Ho-

1682 2089 1796 2136 meri
1830 2091 2098 2151 (conditoris,
2149 2084 2365 2139 auctoris,
2407 2082 2595 2142 Iliados)
2642 2089 2689 2131 et

1682 2151 1883 2215 Virgilii.
1954 2152 2048 2200 Illa
2068 2151 2129 2200 ab
2151 2147 2442 2204 Homeristis,
2463 2156 2515 2197 et
2547 2146 2688 2212 pluri-

1682 2232 1810 2263 mum
1826 2216 2011 2272 Latine,
2028 2214 2416 2263 decantabantur.
2432 2230 2478 2260 v.
2498 2209 2689 2260 Werns·

1684 2279 1792 2328 dorf
1819 2280 1881 2328 ad
1912 2287 2040 2344 poet.
2072 2280 2156 2327 lat.
2176 2277 2287 2327 min.
2309 2278 2367 2325 T.
2390 2277 2487 2326 IV.
2509 2293 2561 2341 p.
2582 2277 2691 2324 567.

1682 2358 1731 2392 se
1766 2378 1779 2391 .

1733 2359 1859 2457 ql78.
1892 2407 2095 2455 Maronis
2130 2407 2322 2463 altiscmi,
2354 2404 2598 2472 praeclare,
2631 2404 2688 2451 ob

1680 2471 1972 2536 majestatem
2006 2471 2375 2536 dignitatemque
2397 2469 2583 2535 epicam
2602 2470 2687 2517 AE-

1681 2536 1847 2586 neidis.
1882 2540 2085 2585 carmina
2133 2536 2351 2592 Maronis,
2393 2537 2579 2582 dubiam
2601 2536 2685 2598 fiz-

1681 2603 1843 2649 cientia
1895 2604 2106 2663 palmam,
2147 2598 2404 2656 victoriam,
2452 2598 2685 2663 principa·

1683 2672 1798 2722 tum,
1822 2665 1923 2714 scil.
1946 2664 2229 2715 carminibus
2249 2663 2463 2712 Homeri.

1750 2732 1856 2778 180.
1887 2747 2034 2778 versus
2064 2731 2188 2785 tales,
2204 2738 2304 2776 tam
2322 2727 2553 2790 egregios,
2576 2742 2686 2790 quo·

1680 2809 1783 2843 rum
1804 2794 2119 2860 praestantiam
2135 2793 2330 2857 quisque
2344 2791 2573 2854 intelligit
2587 2793 2694 2838 seu·⁴

1680 2858 1846 2922 titque,
1869 2858 1908 2907 si
1941 2858 2017 2907 vel
2050 2874 2079 2906 a
2110 2857 2214 2906 rudi
2245 2872 2391 2923 puero
2412 2855 2541 2925 male
2575 2854 2685 2903 reci-

1681 2929 1851 2972 tentur.
2453 2936 2458 2939 ⁴

1751 2988 1859 3035 181.
1893 2986 1974 3035 Ad
2007 2986 2171 3051 epulas
2203 2985 2335 3034 adfer
2365 2982 2567 3033 hilarem
2590 2982 2685 3032 ani·

1678 3065 1808 3099 mum
1827 3050 2125 3123 omniumque
2144 3065 2359 3099 curarum
2379 3057 2638 3123 expertem.

1681 3119 1769 3226 autl
1776 3113 2686 3243 gfffiodnfiiffieffgffsstssrffzzipsssmfftiobeesi

1678 3243 1934 3292 recordatio
1966 3244 2151 3306 ingrata
2180 3242 2281 3292 scil.
2318 3242 2380 3291 sit
2410 3242 2500 3290 tibi
2517 3240 2682 3296 hodie,

1678 3308 1755 3355 vel
1774 3309 2005 3356 contrahat
2034 3309 2128 3360 tibi
2146 3309 2291 3365 bilem,
2310 3307 2430 3356 iram.
2461 3306 2550 3354 tibi
2581 3321 2676 3353 mo-

1681 3379 1788 3420 veat
1806 3379 1855 3420 et
1871 3371 2258 3436 indignationem.

1746 3438 1855 3486 184.
1888 3452 1987 3500 seq.
2007 3437 2039 3486 J
2042 3452 2154 3485 ocus
2184 3435 2326 3500 paulo
2346 3433 2537 3483 liberior
2558 3449 2680 3482 acer-

1674 3499 1884 3565 biorque,
1933 3500 2016 3549 sed
2068 3507 2205 3565 aptus
2250 3499 2345 3548 illis
2395 3499 2682 3565 temporibus

1675 3580 1948 3629 morumque
1963 3565 2262 3630 conruptelae.

1746 3632 1851 3678 185.
1876 3631 1955 3677 tibi
1976 3632 2123 3685 tacito,
2146 3627 2443 3677 dissimilanti
2463 3626 2685 3693 suspicio-

1678 3708 1786 3747 nem
1816 3693 2047 3751 adulterii,
2069 3691 2157 3742 etsi
2185 3693 2293 3742 fatis
2320 3691 2614 3757 probabilem
2629 3700 2680 3739 et

1680 3773 1738 3805 ex
1768 3758 1928 3807 multis
1959 3757 2102 3820 signis
2137 3758 2203 3820 (ν.
2238 3759 2346 3811 186,
2374 3756 2509 3821 187.)
2533 3756 2681 3828 mani-

1676 3820 2218 3960 ἷιῗὲᾚιῑὲἓὲἓθήῖῗῗι
2232 3820 2684 3950 Ρζὲἓξῗὴῖἶῖῗῗηέ

1674 3950 1957 4014 libertasque
1999 3949 2224 3998 dissoluta
2262 3951 2427 3998 acerbe
2478 3956 2681 3998 notatur.

1677 4014 1753 4063 cf.
1784 4030 1887 4078 sup.
1920 4016 1971 4126 lai
1987 4016 2065 4063 56.
2087 4015 2167 4062 57.
2189 4014 2281 4064 VI.
2311 4015 2425 4063 206.
2447 4028 2547 4078 seq.
2569 4013 2679 4061 224.

1672 4095 1849 4192 seq186.
1869 4144 2086 4199 multicia,
2104 4158 2149 4191 v.
2171 4157 2273 4207 sup.
2290 4142 2353 4191 ad
2369 4141 2445 4190 ΙΙ.
2468 4143 2551 4191 66.
2574 4140 2678 4187 Hu-

1673 4209 1813 4264 mida,
1835 4206 1983 4255 effusa
2016 4206 2231 4270 genitura
2262 4213 2399 4272 super
2431 4214 2581 4256 veste.
2603 4204 2675 4253 cf.

1671 4272 1803 4320 Suet.
1836 4273 1952 4329 Ner.
1984 4287 2029 4320 c.
2061 4273 2141 4320 28.
2172 4280 2288 4320 extr.
2318 4270 2435 4319 Alia
2469 4267 2677 4317 libidinis

1671 4332 1845 4395 indicia
1875 4343 1985 4383 sunt
2013 4351 2144 4400 ruge
2175 4335 2331 4390 vestis,
2365 4343 2561 4391 veratoe,
2584 4331 2677 4380 dis-

608 4396 718 4469 434.
750 4414 849 4464 aeq.
875 4400 1153 4453 Honestiora
1185 4401 1529 4451 oblectamenta
1560 4417 1609 4451 e·
1666 4399 1821 4464 jectae,
1844 4409 2058 4459 cometaet
2079 4401 2229 4449 vultus
2254 4411 2468 4462 auresque
2489 4400 2676 4447 calentes
