2978 4920
598 363 736 432 ³64

1311 354 2029 449 JUVENALLQ

695 545 1051 612 Bardaicus
1070 542 1278 630 judex
1309 541 1506 610 datur
1532 542 1672 606 hoec
1701 540 1930 628 punire
1958 539 2199 608 volenti
2294 551 2313 564 ‘

712 647 985 713 Calceus
1013 658 1078 710 et
1108 643 1381 730 grandes
1409 665 1645 728 magna
1664 642 1749 707 ad
1780 641 2082 710 subsellia
2111 663 2300 717 surae,

639 757 650 806 ;
714 747 1005 832 Legibus
1034 743 1318 830 antiquis
1345 755 1725 819 castrorum,
1751 754 1815 807 et
1846 764 2021 820 more
2055 740 2309 810 Camilli

715 850 1013 923 Servato,
1043 844 1225 908 miles
1251 866 1333 909 ne
1360 841 1604 907 vallum
1632 841 1842 926 litiget
1870 853 2079 920 extra,

2599 703 2747 826 [ιε’

715 951 809 1014 Ει
839 946 1065 1035 procul
1097 969 1137 1010 a
1167 944 1381 1031 signis.
1472 944 1845 1012 Justissima
1876 906 2350 1020 Centurionum

708 1046 1009 1134 Cognitio
1037 1057 1135 1110 est
1160 1045 1365 1131 igitur
1394 1045 1475 1121 de
1506 1044 1752 1118 milite;
1801 1065 1916 1108 nec
1946 1044 2106 1110 mihi
2138 1043 2340 1109 deerit

701 1150 916 1227 Ultio,
950 1148 1001 1213 si
1023 1149 1222 1234 justae
1250 1147 1542 1212 defertur
1570 1168 1763 1212 causa
1789 1145 2087 1232 quereloe.
2161 1208 2169 1215 ,

677 1313 680 1318 .
703 1252 881 1314 Tota
909 1249 1139 1315 cohors
1168 1260 1380 1313 tamen
1410 1259 1508 1313 est
1535 1246 1817 1325 inimica,
1847 1268 2201 1332 omnesque
2228 1245 2493 1330 manipli

695 1351 1026 1415 Consensu
1056 1370 1293 1434 magno
1320 1347 1627 1425 efficiunt,
1659 1346 1966 1414 curabilis
1994 1358 2073 1411 ut
2104 1348 2188 1411 sit

2570 1213 2734 1321 ’,ρο

699 1449 1005 1518 Vindicta
1032 1463 1098 1515 et
1125 1451 1406 1536 gravior,
1438 1469 1637 1535 quam
1665 1447 1922 1534 injuria.
1970 1446 2248 1533 dignuin
2276 1445 2399 1521 erit
2427 1467 2585 1531 ergo
2618 1519 2623 1524 ,

607 1598 782 1656 sutem,
822 1598 904 1647 sed
940 1598 992 1646 in
1027 1596 1114 1646 tali
1152 1596 1434 1652 conditione,
1472 1605 1529 1645 nt
1562 1598 1635 1645 nil

605 1680 635 1714 o
668 1663 709 1712 is
772 1662 1029 1726 salutisque
1091 1661 1335 1727 promittat
1405 1660 1633 1711 medicus.

565 1741 570 1747 ·
650 1726 808 1778 lurimi
850 1726 1015 1791 legunt
1050 1728 1196 1774 oculas
1231 1728 1421 1782 relictos,
1460 1741 1635 1791 eosque

608 1799 781 1858 putant
810 1791 904 1840 dici
933 1791 1012 1840 vel
1041 1789 1326 1856 deperditos,
1358 1790 1435 1839 vel
1466 1805 1634 1840 excus-

608 1871 698 1906 sos.

684 1921 759 1968 13.
792 1920 975 1993 Togato
1013 1935 1054 1967 s.
1094 1933 1298 1984 pagano,
1341 1919 1436 1966 haec
1478 1920 1642 1979 punire

612 1999 703 2047 ope
733 1983 925 2045 judicis,
958 1983 1006 2031 h.
1039 1998 1084 2032 e.
1106 1982 1260 2047 puniri
1293 1983 1471 2038 volenti,
1503 1985 1643 2031 datur

600 2049 765 2108 judex,
786 2061 882 2094 non
909 2048 1117 2095 urbanus
1145 2062 1184 2093 s.
1213 2047 1411 2102 Praetor,
1434 2046 1518 2094 sed
1552 2045 1639 2094 ini·

614 2109 782 2167 litatis,
824 2109 1053 2167 centurio,
1094 2109 1270 2173 quique
1315 2124 1410 2158 non
1451 2109 1642 2174 ingenio

608 2172 900 2238 judicioque,
937 2174 1020 2223 sed
1055 2189 1083 2222 e
1116 2172 1307 2227 calceis,
1342 2173 1512 2237 grandi
1544 2183 1641 2223 sta-

615 2246 722 2290 tura
737 2239 997 2302 crassisque
1019 2237 1137 2286 suris
1156 2238 1461 2287 estimandus
1481 2247 1571 2296 est,
1594 2248 1641 2287 et

615 2302 768 2353 facete
789 2302 898 2353 hinc
919 2302 1089 2352 dicitur
1120 2305 1354 2352 harduicus
1384 2305 1560 2353 calceus
1592 2312 1643 2354 et

610 2370 807 2433 grandes
825 2384 962 2426 sure,
985 2368 1034 2415 h.
1055 2383 1099 2417 e.
1121 2367 1256 2431 cujus
1287 2367 1493 2429 grandes
1524 2383 1645 2416 surae

609 2440 755 2482 ‘tectoe
796 2440 907 2483 sunt
945 2430 1170 2482 bardaica
1208 2430 1364 2496 caliga
1400 2447 1439 2481 s.
1479 2447 1643 2493 ocrea3

614 2497 706 2546 nisi
738 2497 878 2546 malis
912 2497 1054 2546 verba
1087 2496 1343 2544 Bardaicus
1359 2500 1508 2558 Judex
1532 2496 1645 2561 jun-

612 2577 741 2626 gere,
787 2569 837 2612 et
910 2569 984 2613 ost
1031 2562 1193 2609 volenti
1246 2559 1551 2625 distinguere,
1593 2570 1647 2611 ιιι

615 2627 789 2674 calceus
817 2642 866 2674 sc
905 2661 918 2675 .
947 2625 1161 2674 militaris
1193 2622 1349 2690 simpl.
1372 2643 1456 2690 pro
1486 2625 1645 2690 caliga

620 2691 697 2739 vel
762 2689 982 2745 hiecasim
1007 2691 1096 2756 (de
1116 2703 1211 2753 quo
1231 2705 1277 2737 v.
1306 2705 1411 2754 sup.
1446 2689 1510 2739 ad
1539 2691 1642 2740 111.

614 2756 726 2802 218.
776 2762 824 2803 et
849 2753 1022 2804 deinde
1054 2770 1139 2820 pro
1163 2751 1365 2816 caligato
1388 2753 1544 2803 dictus
1565 2755 1641 2805 sit.

615 2817 893 2867 Bardaicum
944 2819 1034 2883 (al.
1093 2817 1397 2881 Bardiacum)
1447 2816 1642 2882 quidam

617 2881 711 2931 dici
747 2889 918 2948 putant
958 2880 1141 2932 servilis
1177 2881 1446 2945 infimaeque
1481 2882 1643 2931 condi·

619 2946 760 2995 tionis
798 2947 1034 2995 hominem
1078 2947 1131 3011 (a
1172 2945 1381 2993 Bardoeis
1431 2961 1469 2996 s.
1524 2947 1646 2994 Bar-

615 3013 758 3063 dioeis.
801 3010 1086 3061 satellitibus
1133 3007 1299 3065 Mar-ii,
1344 3017 1428 3059 aut
1469 3012 1646 3076 populo

617 3073 828 3138 Illyrico,
863 3076 944 3141 qui
974 3084 1136 3127 tamen
1170 3073 1404 3138 plerisque
1442 3077 1647 3123 Vardioei

623 3147 866 3197 vocantur,
902 3148 957 3190 ut
991 3137 1205 3188 bardaici
1239 3138 1416 3186 cuculli
1447 3139 1652 3189 militare

620 3215 790 3312 wmlll'
815 3201 1288 3327 gestaffierritigffiriffl
1303 3238 1306 3241 1
1320 3210 1375 3312 gt
1410 3203 1652 3313 ξίὁιινιιίσί

618 3281 901 3315 eucuza.
999 3281 1028 3314 a
1140 3299 1200 3318 .,
1259 3281 1292 3312 ιι
1360 3280 1650 3317 ararums.

618 3283 936 3392 ,Gallumfzw
970 3328 1032 3379 ad
1063 3330 1215 3378 VIII.
1253 3329 1392 3394 145.)
1427 3330 1508 3378 alii
1540 3331 1648 3381 bar-

620 3393 735 3443 dum
766 3409 806 3442 ι.
838 3393 1108 3459 stupidum3
1155 3393 1237 3441 alii
1269 3407 1379 3442 vero
1415 3394 1646 3445 bardocu-

605 3459 817 3514 cullum,
837 3460 911 3524 (v.
930 3459 991 3508 ad
1015 3459 1108 3507 VI.
1135 3459 1241 3507 118.
1266 3465 1314 3507 et
1332 3457 1486 3507 VIII.
1511 3461 1646 3525 145.)

612 3523 661 3575 h.
702 3539 746 3572 e.
783 3523 1118 3575 bardocucullo
1155 3523 1251 3570 sive
1290 3522 1517 3575 bardaico
1560 3540 1645 3574 cu-

615 3587 741 3634 cullo
766 3592 846 3650 (ut
879 3605 956 3654 ap.
980 3587 1188 3652 Capitol.
1216 3587 1267 3635 in
1298 3586 1481 3636 Pertin.
1504 3604 1549 3637 c.
1570 3588 1644 3652 8.)

621 3650 841 3699 vestitum
866 3652 1111 3717 judicem,
1157 3651 1284 3700 unde
1316 3651 1365 3700 h.
1398 3652 1432 3699 1.
1466 3652 1536 3701 ita
1567 3667 1648 3702 ex·

619 3725 792 3777 ponere
824 3717 1001 3779 possis:
1021 3719 1171 3777 judex
1194 3719 1351 3770 datur,
1376 3723 1424 3764 et
1452 3716 1646 3780 quidem

620 3779 856 3833 harduicus
887 3780 989 3828 scil.
1027 3780 1259 3836 cucullus,
1286 3782 1368 3842 (ut
1391 3780 1475 3844 ap.
1513 3781 1647 3829 Mar-

619 3841 725 3891 tial.
745 3841 842 3889 lv.
860 3842 910 3890 4.
931 3842 1006 3903 5.)
1027 3845 1200 3891 calceus
1219 3851 1267 3891 et
1295 3847 1494 3907 grandes
1512 3858 1646 3902 ειη-ω,

622 3906 672 3957 h.
694 3920 735 3956 e.
765 3905 841 3953 cui
872 3905 1235 3954 bardocucullus
1266 3914 1355 3964 est,
1378 3915 1427 3956 et
1459 3908 1648 3959 calceus

1768 1595 1842 1643 14.
1887 1596 2105 1647 Subsellia
2148 1596 2199 1644 in
2246 1594 2439 1659 judiciis
2483 1610 2579 1643 non
2622 1604 2729 1643 sunt

1698 1659 1969 1717 tribunalia,
2017 1659 2101 1708 sed
2153 1660 2290 1708 sedes
2342 1667 2444 1708 tam
2492 1658 2722 1723 judicum,

1697 1739 1843 1787 quam
1885 1732 2207 1789 patronorum,
2281 1740 2359 1771 uae
2410 1730 2513 1770 tam
2552 1740 2724 1788 magma

1699 1796 1851 1845 erant,
1882 1797 1936 1838 ιιι
1967 1788 2110 1837 etiam
2144 1787 2227 1836 alii
2289 1786 2548 1837 onestiores
2578 1787 2725 1842 bomi-

1705 1867 1791 1902 nes
1818 1853 1870 1901 in
1901 1851 1957 1901 iis
1989 1853 2146 1902 locum
2177 1852 2423 1914 haberent.
2457 1869 2525 1900 v..
2546 1850 2729 1910 Eruesti

1706 1917 1834 1965 clav.
1875 1917 1980 1967 Cic.
2021 1916 2252 1965 Tribunal
2296 1923 2399 1965 erat
2431 1915 2735 1981 Imperatoris

1703 1997 1851 2046 prope
1891 1981 2176 2046 praetorium,
2218 1980 2445 2028 subsellia
2488 1980 2732 2029 Centurio-

1706 2061 1822 2093 num
1843 2053 1892 2093 et
1913 2046 2229 2093 Tribunorum
2262 2044 2468 2102 militum
2502 2044 2566 2092 ad
2589 2048 2730 2109 signa,

1705 2109 1756 2157 in
1786 2109 2028 2175 principiis
2061 2109 2236 2157 locata.
2709 2104 2718 2112 ’

1701 2176 1863 2236 planta
1881 2192 1922 2222 m
2067 2189 2171 2238 sup.
2194 2174 2296 2220 III.
2317 2174 2431 2220 247.
2624 2211 2628 2215 Α

1776 2240 1852 2288 15.
1876 2240 1949 2286 Μ.
1974 2237 2145 2286 Furius
2171 2238 2390 2285 Camillus
2409 2236 2460 2283 in
2494 2235 2730 2296 obsidione

1707 2302 1934 2351 Veiorum
1957 2301 2121 2357 edixit,
2145 2317 2206 2356 ne
2237 2301 2375 2349 miles
2406 2301 2457 2349 in
2484 2301 2568 2365 jus
2599 2316 2731 2363 {oca-

1709 2373 1834 2415 retur
1856 2374 1985 2415 extra
2007 2374 2179 2424 castra,
2202 2373 2256 2413 ut
2287 2365 2391 2413 scil.
2411 2373 2589 2430 praesto
2612 2375 2733 2418 ‚esset

1709 2446 1808 2480 sem
1843 2447 1895 2480 er
1936 2431 1999 2480 ad
2047 2436 2214 2481 nutum
2268 2428 2420 2488 ducis,
2463 2438 2516 2479 et
2559 2430 2735 2496 quoties

1711 2511 1798 2544 con
1834 2495 2060 2561 igendum
2081 2503 2206 2545 esset
2224 2511 2334 2544 cum
2355 2495 2509 2544 hoste.

1780 2562 1987 2609 17—19.
2010 2562 2131 2608 Haec
2162 2567 2307 2626 poeta
2325 2559 2432 2616 sibi,
2456 2560 2534 2608 vel
2569 2559 2733 2609 Gallus

1706 2633 1861 2688 poetae
1894 2624 2099 2689 objicere
2135 2624 2400 2685 censendus
2432 2631 2533 2672 est:
2569 2632 2726 2673 centu·

1707 2687 1862 2738 riones
1882 2704 1977 2736 non
2009 2689 2166 2737 minus
2201 2704 2258 2737 ac
2287 2690 2523 2736 Praetores
2553 2688 2629 2738 vel
2660 2705 2734 2736 ur»

1706 2752 1820 2811 bani
1846 2752 2030 2817 judices
2063 2752 2323 2802 secundum
2351 2753 2427 2801 fas
2453 2760 2508 2802 et
2539 2752 2730 2817 aequita-

1707 2822 1802 2865 tem
1818 2816 1900 2880 jus
1920 2817 2094 2866 dicent.
2162 2818 2454 2868 centuriones
2483 2825 2644 2867 autem
2674 2817 2731 2864 de

1706 2879 1893 2934 levibus
1928 2882 2274 2946 cognoscebant
2307 2881 2486 2939 causis,
2521 2889 2569 2930 et
2599 2880 2731 2946 primi

1707 2944 1796 3009 pili
1827 2945 1973 2994 etiam
2004 2945 2273 3011 imperatori
2302 2945 2356 2994 in
2389 2946 2587 2997 consilio
2625 2945 2730 2994 ade·

1707 3015 1818 3057 rant
1835 3025 1943 3060 cum
1964 3008 2203 3059 Tribunis-
2370 3056 2373 3059 .
2501 3064 2513 3071 ,
2570 3068 2573 3071 Α
2645 3070 2648 3071 ⁷
2712 3009 2730 3067 s

1774 3076 1856 3122 20.
1873 3089 2005 3140 seqq.
2038 3073 2320 3141 Respondet
2351 3081 2524 3139 poeta:
2559 3082 2609 3123 at
2638 3080 2732 3121 tota

1715 3135 1842 3200 legio
1858 3139 2095 3205 obstrepet
2113 3138 2381 3203 injudicio,
2405 3154 2467 3191 ne
2495 3139 2737 3187 damnetur

1715 3203 1988 3261 commilito,
2024 3211 2088 3260 et,
2125 3203 2165 3251 si
2197 3204 2315 3253 sorte
2349 3203 2607 3252 damnatus
2637 3202 2735 3251 fue·

1715 3264 1791 3322 rit,
1814 3267 1957 3315 ultrix
1979 3266 2146 3324 aderit,
2168 3276 2218 3317 et
2237 3284 2449 3317 coriscum
2467 3283 2630 3333 magno
2646 3265 2739 3330 ff·

1714 3332 1850 3387 cient,
1889 3341 1945 3379 tet
1981 3335 2199 3387 vindicta,
2240 3331 2377 3388 ultio,
2416 3346 2563 3394 quam
2602 3347 2738 3397 para·

1711 3393 1833 3445 bunt
1852 3403 1906 3444 ⁴et
1925 3412 1983 3444 ex
2004 3404 2052 3446 te
2068 3404 2235 3470 petent
2254 3404 2444 3462 propter
2467 3395 2734 3444 adcusatio·

1710 3473 1820 3507 nem
1870 3459 2222 3518 commilitonis,
2262 3464 2321 3509 sit
2371 3462 2604 3516 curabilis,
2655 3475 2734 3508 cu-

1710 3522 1878 3580 randa,
1932 3525 1981 3572 h.
2023 3540 2065 3573 e.
2118 3525 2394 3581 metuenda,
2445 3534 2490 3572 et
2538 3527 2733 3590 gratior.

1739 3603 1842 3635 uam
1860 3589 2053 3649 injuria,
2076 3604 2105 3636 a
2131 3587 2281 3637 milite
2312 3589 2400 3636 tibi
2430 3588 2545 3637 olim
2576 3588 2738 3638 inlata.

1708 3604 1776 3698 in
1796 3651 1958 3700 multis
1979 3652 2111 3702 libris
2128 3652 2326 3716 legitur:
2365 3653 2591 3702 consensu
2618 3671 2737 3717 mag-

2277 2112 2476 2173 grandes
2508 2126 2648 2166 snrae,
2685 2115 2734 2156 ιιι

1713 3731 1772 3762 no
1790 3716 2020 3777 offcium.
2091 3718 2334 3773 Ουταὸίιίε,
2355 3727 2411 3764 ut
2442 3720 2613 3766 siccet.
2634 3731 2736 3780 quae

1712 3780 1969 3842 posteriora
2000 3782 2143 3831 verba
2175 3789 2276 3830 tum
2298 3781 2372 3830 vel
2392 3780 2601 3830 militum
2632 3788 2739 3829 sunt

1713 3844 2058 3909 increpantium
2116 3853 2346 3909 togatum,
2400 3845 2482 3909 qui
2543 3845 2737 3894 militem

1712 3906 1939 3957 adcusare
1973 3909 2135 3966 audet,
2159 3911 2237 3961 vel
2270 3909 2625 3974 ipsiusqpoetae,
2658 3910 2738 3957 ob·

619 3986 660 4019 s.
681 3967 850 4033 caligae
881 3976 930 4018 et
961 3969 1165 4033 grandes
1195 3971 1431 4026 saraa-vel
1460 3970 1537 4018 cui
1561 3988 1645 4046 ca·
1704 3970 1940 4046 jurgantis
1968 3981 2220 4046 togatos-s.
2255 3975 2398 4030 cives,
2434 3974 2736 4046 adcusatiqne

616 4042 706 4101 pnt
742 4033 944 4089 cucullo,
990 4039 1040 4082 et
1070 4033 1273 4096 grandes
1316 4049 1436 4082 surae
1480 4036 1647 4100 caligis
1711 4037 1874 4085 militis
1915 4053 2090 4088 novum
2134 4038 2224 4086 sibi
2255 4038 2627 4095 incommodum,
2669 4037 2747 4095 id·-

581 4102 586 4107 ’
616 4106 755 4148 tectae
789 4106 930 4147 sunt:
977 4111 1071 4160 quo
1106 4096 1207 4172 sere
1234 4111 1373 4146 sensu
1410 4102 1645 4149 centurio-

614 4178 740 4274 ἒῗῗ.
764 4177 885 4288 ἰὲἓῑ,
905 4162 1120 4274 {51⁸5}
1128 4161 1384 4296 4²32foss
1408 4164 1645 4284 ῗὲἔξὶῒὲῑ

618 4289 713 4338 dici
728 4297 918 4355 putant,
929 4296 988 4345 ,et
1005 4290 1181 4338 Claud.
1203 4304 1252 4337 in
1276 4288 1442 4338 Rufin.
1467 4291 1643 4343 1,1..85.

613 4346 804 4417 Matrem
824 4355 1011 4414 captivet
1029 4355 1352 4420 pellitojudice
1373 4355 1505 4418 leges.

1708 4115 1803 4163 que
1835 4101 1977 4168 priori
2005 4099 2212 4165 gravius,
2234 4101 2543 4167 inportanteS.
2607 4103 2735 4152 Pm-

1712 4164 1838 4214 clare
1872 4175 2027 4217 autem
2058 4165 2113 4215 h..
2132 4167 2166 4213 l.
2187 4174 2378 4217 notatur
2409 4166 2734 4221 ferocia’mili-

1712 4235 1829 4301 ¹¹}m’
1862 4230 1958 4280 inis
1988 4229 2285 4303 potissimum
2320 4230 2609 4305 temporibus
2638 4228 2735 4280 ‹nn-

1707 4307 1790 4342 ma
1831 4309 1913 4358 per
1957 4308 2048 4345 vim
2101 4295 2359 4358 agentium,
2404 4296 2738 4360 licentiamque

1706 4356 2048 4411 inmoderatam
2072 4358 2414 4427 usurpantium.
