2978 4920
1027 325 1469 397 sA-Tnz'A
1530 327 1662 395 x1.
2138 412 2148 421 ‚
2259 331 2379 399 m

941 886 1510 970 SATIRA
1585 885 1744 967 XI.

1016 1467 1021 1473 .
1037 1406 1653 1467 ARGUMENTUM.

295 1549 339 1599 J
335 1551 535 1599 uvenalis
543 1552 602 1599 ad
607 1537 845 1616 frugalem
856 1564 1022 1599 coenam
1034 1550 1282 1607 Persicum,
1295 1552 1487 1599 amicum
1500 1566 1646 1606 suum,
1659 1549 1951 1607 invitaturus,
1961 1550 2154 1611 privtum
2172 1551 2385 1612 perstn‘n-

359 1632 435 1695 git
447 1631 684 1678 stultitiam
699 1645 863 1687 eorum,
878 1633 955 1694 qui
965 1632 1174 1680 lautiores
1179 1637 1346 1693 parent
1361 1632 1514 1693 epulas
1525 1647 1658 1693 quam
1658 1630 1944 1695 facultatum
1956 1646 2141 1677 suarum
2152 1630 2383 1695 modusfe·

364 1719 456 1767 rat,
472 1713 607 1760 donec
625 1713 821 1759 absumta
837 1715 955 1759 omni
970 1714 1237 1777 patrimonio
1253 1714 1523 1776 redigantur
1535 1713 1595 1759 ad
1613 1713 1954 1767 mendicitatem,
1967 1727 2069 1774 quoe
2089 1712 2158 1758 vel
2178 1712 2314 1758 vitam
2332 1727 2386 1759 ac

361 1794 633 1854 potissimum
649 1802 908 1841 senectutem
925 1795 1019 1855 ipsa
1034 1802 1170 1841 morte
1181 1795 1429 1859 graviorem
1444 1791 1624 1856 efficiat,
1636 1793 1706 1840 vel
1720 1808 1787 1840 eos
1801 1800 1927 1856 cogat
1946 1794 2097 1853 patria
2108 1793 2273 1846 cedere,
2286 1808 2343 1839 ne
2357 1809 2388 1839 a

363 1875 650 1939 creditoribus
665 1890 784 1937 saepe
801 1874 932 1923 elusis
946 1870 1388 1937 comprehendantur.
1397 1891 1439 1922 v.
1458 1874 1636 1922 1—55.
1674 1872 1845 1927 Quibus
1855 1875 2093 1935 premissis
2093 1873 2285 1938 fercula
2301 1891 2331 1921 a
2345 1889 2389 1922 se

358 1964 541 2016 parata,
564 1972 657 2003 una
672 1972 774 2005 cum
794 1958 1063 2017 supellectile
1081 1973 1135 2005 ac
1153 1958 1382 2013 ministris,
1402 1963 1608 2003 recenset.
1678 1954 1805 2001 Cibos
1830 1956 1942 2002 dicit
1970 1970 2055 2002 esse
2073 1955 2254 2002 inemtas
2272 1962 2315 2002 et
2334 1955 2385 2001 in

317 2054 331 2060 ·
364 2036 476 2083 villa
492 2036 731 2083 »Tiburtina
748 2044 889 2093 natos,
908 2037 1150 2091 haedulum,
1170 2037 1404 2101 gallim,
1420 2051 1519 2093 ova,
1532 2049 1783 2099 asparagos,
1803 2049 1928 2090 uvas,
1947 2035 2050 2095 pira
2070 2042 2114 2081 et
2133 2033 2269 2090 mla,
2282 2049 2387 2097 que

311 2178 319 2184 ²
363 2117 469 2163 olim
487 2117 711 2165 luxuriosa
716 2117 875 2181 fuerit
893 2134 1013 2165 coena
1027 2117 1285 2165 Senatorum
1298 2117 1724 2178 clarissimorumque
1745 2114 1958 2163 Romana·
1976 2117 2125 2179 gentis
2138 2117 2383 2171 nominum,

368 2196 516 2256 Curii,
533 2197 786 2254 Fabiorum,
805 2198 999 2255 Catonis,
1011 2192 1297 2253 Scaurorum,
1313 2198 1357 2245 F
1352 2187 1634 2252 abvit-iorum,
1646 2183 1941 2261 aliorumque.-
1970 2197 2228 2263 (56-92.)
2239 2198 2385 2260 supel-

363 2280 551 2327 lectilem
571 2296 658 2326 non
677 2278 976 2343 magnificam,
994 2280 1298 2333 testudineum,
1319 2286 1591 2342 argenteam,
1608 2293 1808 2334 auream,
1826 2280 2025 2333 citream,
2044 2279 2114 2325 vel
2132 2280 2384 2336 eburneam,

314 2379 321 2384 ·
365 2362 441 2408 sed
470 2361 724 2421 simplicem,
753 2374 925 2415 aeream,
955 2359 1165 2422 ligneam,
1185 2359 1395 2421 fictilem,
1422 2374 1599 2416 osseam,
1626 2374 1793 2406 mensas
1823 2374 1985 2407 nuceas
2012 2368 2056 2406 et
2086 2361 2203 2407 domi
2230 2369 2359 2407 natas
2370 2376 2404 2406 .·-

310 2445 315 2446 ’
366 2439 664 2506 (93-135.)
678 2457 840 2509 servos,
860 2458 947 2489 non
963 2435 1300 2506 perite'opsonia
1319 2442 1577 2507 scindentes,
1598 2457 1679 2489 nec
1690 2443 1942 2507 peregrinos
1960 2458 2013 2490 ac
2031 2457 2134 2490 care
2151 2450 2295 2499 emtus,
2318 2442 2404 2490 vel*

308 2510 313 2513 v
364 2525 472 2572 bene
489 2532 661 2587 comtos,
677 2507 849 2570 amiatos
867 2531 912 2570 et
930 2524 1089 2578 doctos,
1108 2525 1191 2577 sed,
1199 2525 1332 2571 rudes
1350 2522 1566 2579 etItalos,
1584 2525 1769 2584 pastoris
1784 2531 1826 2570 et
1848 2523 2024 2571 bubulci
2043 2523 2187 2586 filios,
2207 2525 2387 2572 indutos

361 2604 744 2665 crassoeodemque
751 2603 928 2657 vestitu,
942 2619 1023 2651 nec
1034 2604 1120 2651 nisi
1131 2619 1254 2653 nunc
1265 2611 1443 2664 propter
1451 2605 1651 2651 convivia
1661 2618 1803 2663 penos,
1816 2612 1864 2651 at
1874 2605 2062 2666 ingenui
2069 2604 2225 2651 vultus
2236 2618 2290 2651 ac
2297 2619 2389 2664 pu·

363 2686 513 2746 doris,
525 2693 660 2732 castos
686 2693 730 2732 et
762 2685 958 2732 libidinis
987 2686 1181 2750 ignaros,
1203 2687 1282 2748 qui
1311 2685 1418 2733 viles
1447 2684 1604 2732 calices
1622 2692 1664 2731 et
1695 2685 1801 2732 vina
1828 2686 1981 2746 patria
2009 2686 2261 2747 porrecturi
2282 2686 2420 2732 sint-‘-

367 2764 640 2815 136-161.
706 2763 933 2813 Proeterea
952 2783 1040 2813 non
1061 2767 1245 2814 lascivas
1266 2766 1517 2813 saltationes
1534 2774 1577 2812 et
1596 2765 1840 2813 cantilenas
1858 2758 2190 2812 Gaditanorum
2211 2765 2387 2826 puella-

362 2862 486 2902 rum,
507 2848 580 2893 sed
595 2847 836 2894 honestiora
857 2846 1035 2895 Persico
1052 2848 1273 2909 promittit
1288 2856 1558 2905 acroamata,
1578 2848 1852 2895 recitationes
1870 2847 2119 2894 carminum
2140 2845 2325 2894 Homeri
2346 2856 2389 2895 et

361 2926 543 2973 altisoni
560 2924 779 2972 Maronis.
804 2927 1074 2974 162—180.
1120 2927 1322 2989 Denique
1335 2929 1549 2975 ab5amico
1565 2927 1692 2987 petit,
1704 2934 1758 2975 ut
1771 2927 1971 2974 omnibus
1981 2926 2169 2974 dimissis
2185 2927 2308 2974 curis
2317 2925 2390 2974 hi-

365 3006 460 3052 lari
476 3005 637 3058 animo,
650 3012 709 3060 et,
721 3007 828 3065 dum
847 3008 985 3053 omnis
1005 3005 1146 3052 Roma
1165 3009 1224 3054 ad
1245 3008 1370 3055 ludos
1384 3007 1694 3071 Megalesiacos
1712 3007 1963 3068 spectandos
1981 3007 2030 3052 in
2049 3004 2231 3052 Circum
2246 3003 2389 3068 effusa

314 3146 317 3149 Ι
362 3085 441 3139 sit,
449 3085 559 3153 jam>
571 3092 688 3130 serta
706 3084 812 3130 hora
829 3087 1004 3133 veniat:
1024 3082 1150 3148 91ωά
1169 3088 1263 3135 sine
1276 3089 1448 3149 pudore
1452 3087 1568 3149 fieri
1582 3101 1700 3148 posse
1720 3094 1879 3143 monet,
1901 3101 2037 3148 quum
2057 3099 2387 3153 nonnumquam

345 3163 438 3230 fas
454 3165 514 3212 sit
528 3163 660 3225 genio
680 3164 928 3226 indulgere,
949 3174 992 3212 et
1011 3166 1181 3213 rariori.
1193 3182 1280 3214 usu
1298 3167 1541 3230 voluptates
1557 3168 1928 3215 commendentur.
1964 3165 2235 3214 181—208.

316 3396 323 3400 ·
392 3348 855 3445 ATTICUS
885 3380 1111 3445 eximie
1140 3383 1193 3446 si
1222 3393 1448 3461 coenat‚
1480 3355 1695 3448 lautus
1723 3340 2064 3457 habetur}
2123 3358 2128 3361 .

392 3480 461 3543 Si
495 3480 779 3560 Rutilus,
810 3481 1083 3547 demens.
1129 3482 1289 3569 quid
1318 3483 1481 3547 enim
1512 3485 1749 3580 majore
1779 3483 2084 3549 cachinno

391 3583 735 3671 Excipitur
761 3582 963 3671 vulgi,
995 3607 1189 3672 quam
1218 3606 1463 3673 pauper
1494 3585 1813 3681 Apicius?
1856 3583 2057 3648 omnis

368 3783 525 3833 Satira
576 3785 872 3851 pulcerrima,
923 3802 1020 3851 qua
1072 3785 1317 3851 frugalitas
1383 3787 1494 3835 182.
1528 3788 1705 3835 Atticus
1731 3785 1781 3835 h.
1803 3786 1837 3834 1.
1859 3800 1943 3851 pro
1962 3784 2127 3850 quovis
2159 3785 2303 3834 nobili
2333 3801 2389 3835 ac

299 3847 601 3914 praedicatur,
623 3858 672 3899 et
702 3849 951 3899 damnatur
981 3852 1138 3906 luxus,
1167 3850 1326 3899 maxi-³
1379 3850 1555 3912 divite;
1589 3851 1743 3915 qualis
1773 3851 1866 3899 fuit
1894 3850 1975 3899 ille
2005 3851 2065 3900 T.
2086 3850 2389 3918 PomponiuS,

301 3929 382 3961 me
410 3929 586 3969 eorum,
613 3913 695 3978 qui
731 3914 1005 3964 inmemores
1037 3915 1166 3965 aurei
1196 3932 1317 3982 prae·
1379 3916 1461 3979 qui
1496 3917 1569 3964 vel
1606 3915 1832 3966 tironibus
1864 3932 1923 3965 ex
1951 3916 2138 3982 Nepote
2167 3924 2215 3964 et
2248 3915 2389 3964 Cice-

300 3977 446 4044 cepti,
482 3980 624 4042 yuzse
660 3979 855 4036 eunucis,
893 3980 1168 4030 facultatum
1209 3996 1317 4030 sua·
1380 3997 1492 4029 rone
1522 3980 1788 4030 notissimus
1808 3989 1893 4030 est.
1928 3982 2093 4037 lautus,
2116 3977 2390 4046 splendidus

302 4042 409 4090 rum
442 4043 635 4092 modum
660 4051 916 4094 transeant.
983 4046 1113 4094 Cave
1134 4046 1316 4102 credas„
1379 4052 1428 4093 et
1457 4045 1751 4111 magnificus,
1781 4047 1862 4110 qui
1894 4046 1961 4095 ita
1993 4045 2132 4100 vivit,
2149 4050 2202 4090 ut
2238 4041 2392 4088 solent

304 4106 683 4175 ,Iuvenalem-vel
713 4108 762 4156 in
784 4107 976 4173 Epicuri
996 4118 1170 4158 sectam
1190 4111 1318 4158 inve·
1380 4111 1563 4159 nobiles
1584 4125 1639 4159 ac
1660 4111 1843 4168 divites,
1866 4120 2010 4174 utque
2030 4125 2111 4158 eos
2132 4106 2283 4155 decet.
2341 4106 2394 4153 2.

303 4170 374 4229 hi,
402 4173 478 4220 vel
514 4173 661 4223 otium
693 4181 741 4221 et
772 4172 1086 4237 frugalitatem
1121 4174 1316 4223 laudare
1379 4174 1585 4232 Rutilus,
1640 4193 1691 4225 ro
1712 4176 1875 4240 quovis
1892 4187 2114 4239 paupere.

302 4236 567 4286 secundum
627 4245 861 4304 praecepta
920 4238 1060 4303 hujus
1109 4239 1315 4304 philoso·
1443 4242 1491 4289 2.
1515 4241 1561 4288 3.
1597 4193 1678 4307 gf,
1697 4255 1798 4348 sup.
1823 4239 1884 4287 ad
1906 4238 2007 4285 ΙΙΙ.
2033 4235 2143 4283 152.
2208 4232 2396 4292 Apicius

300 4299 406 4366 Phi·
676 4313 683 4319 ”
1379 4319 1463 4368 pro
1515 4304 1703 4352 homine
1776 4301 1991 4350 uxurioso
2044 4315 2085 4347 s,
2124 4294 2301 4359 guloso.
2343 4312 2390 4343 v.

315 4391 329 4409 ⁴
348 4367 423 4421 ,1
445 4365 493 4414 2.
527 4364 608 4417 Cf.
630 4381 733 4431 sup.
756 4366 852 4417 IV.
882 4366 959 4416 13.
987 4366 1064 4415 14.
1093 4373 1144 4416 et
1165 4367 1320 4415 VIII.
1382 4381 1487 4433 sup.
1516 4369 1580 4418 ad.
1611 4368 1704 4415 IV.
1729 4367 1808 4414 23.
1876 4366 1924 4414 4.
1949 4364 2199 4421 Convictus,
2232 4360 2391 4413 convi-
