2978 4920
985 336 1114 399 SA
1143 334 1439 402 T³IRA
1472 330 1621 400 ’1v.

350 505 621 593 Figebat
637 538 641 542 ·
657 505 988 585 Numidas,
1021 506 1276 571 Aibana
1303 503 1518 573 nudus
1547 530 1737 574 arena

736 609 896 690 Quis
923 607 1092 672 enim
1113 610 1249 693 jam
1278 631 1405 672 non
1433 608 1747 693 intelligat
1775 621 1942 678 artes

351 608 644 672 Venator.

2265 345 2345 405 si

2224 512 2357 575 100

351 705 704 770 Patricias?
750 707 896 792 quis
923 706 1203 792 priscum
1233 705 1394 771 illud
1424 705 1690 771 miretur
1716 729 2002 785 acumen,

349 807 575 885 Brute,
606 813 830 873 tuum?
878 807 1090 875 Facile
1118 821 1214 873 est
1242 809 1557 874 barbato·
1538 830 1837 896 inponere
1867 811 2018 896 regi.

349 909 416 971 N
415 931 484 971 ec
507 909 727 973 melior
757 909 967 986 vultu,
997 907 1291 995 quamvis
1319 908 1638 996 ignobilis,
1668 909 1802 975 ibat

352 1009 664 1088 Rubrius,
694 1012 971 1077 obfensae
998 1010 1227 1076 veteris
1255 1033 1402 1075 reus
1429 1021 1626 1097 atque
1655 1012 1958 1091 tacende,

2220 1015 2341 1078 105

274 1128 278 1137 ”
346 1113 438 1175 Et
467 1123 677 1175 tamen
705 1113 1032 1199 inprobior
1054 1112 1309 1189 satiram
1339 1111 1648 1176 scribente
1676 1111 1935 1176 cinaedo.

345 1215 641 1278 Montani
671 1238 928 1301 quoque
955 1227 1174 1279 venter
1203 1214 1380 1280 adest
1411 1214 1747 1279 abdomine
1774 1215 2033 1289 tardus;

344 1318 437 1380 Et
464 1317 777 1382 matutino
806 1318 1039 1383 sudans
1069 1317 1404 1404 Crispinus
1430 1340 1699 1395 amomo,

254 1485 448 1540 dentes,
488 1485 623 1545 gigni
662 1484 712 1530 in
758 1483 913 1546 Libya
945 1492 994 1532 et
1039 1486 1264 1533 inveniri.

255 1547 351 1595 Sed
372 1555 429 1593 ut
450 1555 656 1606 taceam,
694 1549 926 1595 Romanis
949 1549 1154 1610 Libyam
1177 1564 1262 1609 pa-

255 1624 370 1660 rum
393 1620 555 1658 notam
590 1614 757 1666 fuisse,
779 1615 981 1677 etlferas
1012 1615 1062 1659 in
1095 1615 1263 1659 multis

255 1683 470 1736 repertas
491 1690 595 1722 esse
615 1678 754 1723 terris
774 1689 831 1722 ac
853 1679 989 1735 locis,
1011 1680 1058 1723 in
1085 1680 1263 1736 quihus

252 1747 422 1802 postea
441 1743 613 1788 deletae
636 1743 751 1794 sint,
789 1754 886 1787 non
920 1750 1021 1788 tam
1043 1756 1263 1801 quaeren·

252 1807 377 1864 dum
415 1805 625 1864 videtur,
660 1806 901 1852 fuerintne
919 1809 980 1852 ¹in
1018 1807 1107 1852 hac
1134 1808 1264 1852 orbis

252 1875 493 1915 terrarum
509 1882 643 1929 parte
656 1873 775 1927 ursi,
790 1884 936 1933 quam
950 1872 1063 1929 quid
1081 1876 1264 1916 veteres

252 1933 574 1987 crediderintg
601 1944 650 1982 et
673 1944 814 1994 poeta
834 1937 896 1980 ad
920 1936 1054 1992 vulgi
1076 1935 1261 1992 opinio-

253 2011 393 2053 nem,
416 2011 509 2042 non
527 2002 587 2046 ad
604 2000 913 2058 physicorum
935 2000 1145 2045 rationes
1161 1999 1262 2044 exi·

249 2063 444 2122 gendus
460 2069 553 2109 est.
620 2063 725 2109 100.
762 2070 950 2108 venator
970 2063 1136 2117 nudus,
1161 2064 1265 2108 sine

252 2125 487 2180 vestibus,
503 2134 556 2172 ut
573 2128 839 2186 expeditior
851 2135 994 2179 esset,
1009 2128 1086 2171 vel
1098 2139 1264 2172 amen-

250 2190 376 2236 tiam
399 2190 650 2238 similaret.
706 2191 821 2244 Alii,
846 2191 948 2236 sine
967 2191 1139 2236 armis:
1178 2204 1265 2236 nec

250 2255 447 2314 ignoro,
499 2256 569 2301 ita
609 2256 856 2301 bestiarios
900 2257 1132 2314 quosdam
1175 2267 1264 2312 pu-

247 2330 430 2378 gnasse
451 2325 502 2364 et
522 2320 829 2378 potissimum
861 2332 959 2373 eos,
983 2318 1063 2377 qui
1096 2319 1268 2377 capitis

246 2383 476 2428 damnati
493 2391 670 2430 essent.
690 2397 737 2430 v.
754 2383 851 2428 Dio
875 2384 1010 2428 Cass.
1044 2381 1167 2427 Lx.
1190 2382 1265 2428 13.

248 2443 494 2493 LXXVI.
520 2446 595 2492 10.
630 2454 680 2491 et
710 2448 872 2493 Senec.
910 2446 1064 2506 Epist.
1085 2446 1129 2492 7.
1171 2445 1262 2493 Sed

245 2511 562 2571 ursosflaeisse
582 2511 772 2557 dicitur.
825 2511 933 2557 101.
954 2524 1054 2569 seq.
1078 2509 1264 2555 Profuit

248 2574 379 2619 nihil
400 2575 559 2619 Acilio
580 2574 846 2627 Glabrioni,
866 2576 994 2635 quod
1015 2586 1126 2619 cum
1149 2574 1263 2618 feris

246 2639 505 2697 pugnavit,
525 2647 579 2683 ut
595 2639 801 2697 gratiam
825 2638 1016 2699 tyranni
1032 2643 1263 2695 captaret,

246 2703 499 2763 quodque,
535 2704 759 2761 exemplo
786 2704 953 2760 Bruti,
989 2704 1055 2755 (v.
1091 2700 1197 2746 Liv.
1220 2700 1259 2749 1.

243 2764 328 2812 56.
342 2766 462 2827 seq.)
476 2767 787 2813 stoliditatem
801 2767 1051 2823 similavit,
1066 2772 1121 2811 ut
1138 2779 1263 2811 mor-

242 2836 351 2877 tem
366 2832 699 2890 saevitiamque
715 2831 1226 2890 Domitianieffugeret
1243 2846 1257 2875 ε

247 2893 337 2956 (cf.
368 2896 431 2941 ad
463 2909 509 2941 v.
543 2893 622 2943 94.
654 2893 780 2954 seq.)
813 2897 922 2955 quis
957 2897 1088 2941 enim
1129 2908 1260 2941 nunc

249 2972 352 3005 nou
378 2960 619 3021 inlelligit,
641 2962 746 3005 haec
780 2968 829 3005 et
861 2961 1037 3005 similia
1068 2962 1170 3005 arie
1204 2972 1260 3005 ac

245 3023 370 3069 dolo·
400 3024 498 3070 fieri
517 3024 541 3069 ἲ
594 3031 825 3083 preterea
856 3031 982 3070 artes
1012 3024 1121 3069 istae
1154 3030 1255 3068 tam

249 3089 476 3147 vulgares
509 3096 646 3147 sunt,
676 3095 729 3133 ut
764 3101 906 3133 nemo
940 3102 1019 3133 eas
1048 3088 1257 3145 amplius

249 3151 520 3197 admiretur
536 3168 554 3211 3
591 3166 747 3211 neque
763 3152 1073 3197 Domitianus
1086 3156 1136 3195 et
1159 3151 1257 3196 Ro·

249 3216 387 3261 mani
411 3230 540 3262 nunc
570 3222 671 3262 tam
693 3217 833 3261 facile
854 3216 1176 3272 decipiuntur,
1207 3220 1263 3259 ut

252 3276 549 3339 Tarqumim
572 3281 813 3340 Superbus
835 3287 883 3325 et
915 3279 1135 3325 hominm
1160 3279 1262 3337 pri·
1326 3308 1410 3390 sus
1444 3351 1545 3390 erat
1629 3350 1678 3388 et
1720 3344 1887 3389 acerbe
1919 3347 2122 3391 ventrem
2153 3346 2338 3403 pounb

1294 3366 1304 3377 ν
1561 3360 1578 3403 3

247 3344 340 3389 seis
381 3345 675 3403 temporibus
710 3346 942 3402 viventes,
981 3342 1132 3406 (unde
1158 3343 1261 3401 pri-

243 3418 383 3453 vum
409 3416 634 3466 mnu>
643 3409 728 3468 qui
752 3409 896 3455 rudes
928 3422 984 3454 ac
1023 3407 1263 3466 simplices

252 3477 407 3518 arant.
446 3472 555 3520 103.
580 3471 1264 3533 Ιὴροηενσαέἰοκίιὶὶςαίᾱρτο

252 3549 388 3589 veto,
401 3543 601 3583 esteum
619 3538 863 3593 seducere,
873 3537 1059 3591 fallare,
1074 3533 1157 3598 (ut
1178 3548 1264 3580 no·

251 3605 446 3646 atrum.
481 3598 1266 3663 cinemetmaeaujmnden,a1fhqf

250 3662 352 3725 ten)
377 3664 509 3710 unde
525 3665 773 3725 §apostom
795 3671 1028 3711 vocantur
1043 3664 1264 3710 homines

254 3728 568 3774 fraudulenti.
624 3728 731 3789 regi
770 3727 967 3782 barbato,
1001 3727 1265 3787 Tarquinio

253 3792 491 3851 Superbo,
513 3792 668 3851 prisca
690 3805 746 3839 ac
759 3793 876 3838 rudi
898 3798 1042 3839 aetate
1062 3791 1262 3847 viventi,

249 3869 351 3917 qua
374 3856 583 3902 Romani
604 3856 764 3903 adhuc
780 3862 887 3902 tum
910 3856 1095 3902 barbati
1127 3862 1266 3900 erant

253 3934 310 3967 ac
343 3919 546 3975 intonsi,
573 3918 639 3979 (v.
662 3922 723 3967 ad
757 3917 1126 3981 vl.105.)tum
1148 3920 1263 3963 sim-

252 3984 404 4043 plices
426 3985 582 4044 magis
599 3992 652 4031 et
669 3985 859 4039 sinceri,
882 3992 1029 4074 quam
1050 3983 1198 4030 astuti
1214 3988 1263 4029 et

254 4048 472 4096 fallaces.

323 4110 435 4158 104.
476 4111 577 4157 Nec
610 4114 721 4158 metr·
704 4127 790 4170 ror,
821 4114 994 4167 loetior,
1021 4112 1256 4158 hilarior·
1240 4143 1259 4169 ‚

253 4189 353 4223 non
378 4176 541 4230 minus
564 4177 716 4222 tristis
737 4178 1010 4239 acpallidus
1026 4183 1183 4233 metu,
1204 4189 1265 4222 ne

253 4240 525 4288 Domitiani
528 4238 634 4302 jam
642 4243 849 4290 sedeatis
857 4240 1263 4301 exspectationem

255 4305 459 4359 diutius,
480 4313 628 4366 quam
651 4318 737 4365 par
764 4314 908 4366 esset,
929 4311 1197 4356 moraretur
1216 4310 1265 4349 et

258 4370 328 4414 ita
363 4376 628 4430 tyrannum
663 4370 955 4417 obfenderet.
989 4369 1074 4415 ef.
1108 4381 1154 4415 v.
1189 4366 1268 4415 73.

1326 1498 1462 1545 seqq.
1505 1487 1741 1531 Proeterea
1764 1499 1869 1532 reus
1885 1493 1986 1532 erat
2008 1487 2174 1533 veteris
2188 1479 2339 1548 obsea-

1325 1564 1390 1595 sae
1405 1557 1499 1596 cet.
1526 1548 1753 1604 Quamvis
1766 1549 1981 1608 ignobilis
1989 1558 2113 1598 esset
2125 1553 2339 1611 adeoque

1327 1614 1479 1660 tutior
1496 1615 1557 1660 ab
1573 1615 1966 1673 insidiistyranni
1977 1615 2129 1661 videri
2146 1623 2336 1675 possete

1328 1685 1492 1724 tamen
1526 1691 1623 1723 non
1656 1678 1820 1724 minus
1859 1678 2197 1725 Domitianum
2235 1692 2341 1726 mo-

1328 1744 1511 1797 tuebat,
1528 1744 1760 1801 quoniam
1777 1743 1820 1786 is
1835 1743 1886 1788 in
1901 1742 2093 1788 infimos
2111 1744 2341 1790 seviebat

1326 1819 1465 1866 aeque
1487 1821 1544 1853 ac
1560 1807 1610 1850 in
1635 1819 1867 1852 summos.
1920 1805 2337 1861 Rubriuscanuo,

1328 1875 1384 1916 ut
1414 1871 1559 1930 vulgo
1581 1877 1771 1929 putant,
1806 1872 1866 1916 de
1899 1883 1996 1930 quo
2017 1877 2182 1917 tamen
2215 1871 2344 1921 nihii

1326 1936 1482 1994 legere
1500 1934 1700 1980 memini
1705 1942 1913 1992 ,preter
1933 1947 2008 1986 αι.
2026 1948 2132 1994 quo
2150 1947 2337 1982 memo-

1327 2005 1401 2044 rat
1421 1998 1539 2044 Tac.
1564 1999 1694 2044 Hist.
1720 1996 1789 2046 11.
1805 1999 1886 2045 51.
1906 2006 1954 2044 et
1977 1998 2055 2044 99.
2074 1998 2212 2056 Idem
2226 2012 2336 2045 me.

1326 2063 1469 2107 minit
1495 2064 1733 2109 Rubrium
1767 2063 2147 2123 equitemssAnn.
2167 2062 2222 2110 ·1.
2256 2061 2337 2111 ⁷3.

1328 2134 1376 2172 et
1411 2128 1651 2172 Rubrium
1692 2125 1931 2173 Fabatum
1965 2127 2099 2173 Anu.
2130 2126 2220 2174 v1.
2256 2125 2334 2174 14.

1329 2189 1566 2243 Quaenam
1591 2194 1720 2236 vetus
1752 2187 1859 2252 ejus
1889 2190 2069 2253 olffensa
2104 2196 2242 2251 atque
2262 2196 2333 2236 ta-

1328 2255 1466 2300 cenda
1499 2256 1661 2309 fuerit,
1698 2268 1793 2299 non
1826 2261 2033 2308 constat.
2095 2255 2337 2303 Nonnulli

1329 2320 1457 2364 male
1479 2319 1806 2377 suspicantur,
1821 2321 1949 2378 quod
1961 2318 2164 2365 Coecinae
2177 2320 2338 2377 prodi·

1329 2382 1474 2427 tionis
1497 2384 1718 2428 minister
1731 2383 1909 2438 fuerit3
1945 2382 2011 2446 (v.
2045 2383 2163 2430 Tac.
2199 2383 2333 2432 Hist.

1328 2446 1398 2495 11.
1437 2446 1537 2504 99.)
1577 2447 1772 2503 rectius,
1814 2447 2002 2506 opinor,
2043 2453 2141 2495 vet.
2175 2447 2335 2495 Schol.

1327 2513 1455 2570 quod
1478 2513 1737 2570 aliquando
1765 2511 1947 2556 Tibiam
1965 2511 2111 2575 (forte
2125 2513 2331 2567 Julian.

1326 2577 1388 2622 de
1409 2587 1506 2633 qua
1529 2589 1572 2619 v.
1590 2587 1698 2632 sup.
1716 2576 1777 2619 ad
1802 2574 1866 2620 11.
1884 2574 1962 2621 29.
1982 2589 2113 2634 seqq.
2130 2577 2208 2621 vel
2232 2576 2335 2623 Tm

1309 2639 1469 2699 filiam
1485 2654 1499 2683 ε
1536 2652 1648 2683 nam
1656 2638 1820 2697 filiam
1842 2652 1928 2696 pro
1956 2638 2136 2685 Tibiam
2159 2640 2207 2683 in
2226 2643 2333 2687 cod.

1328 2702 1586 2759 Schurzfl.)
1607 2702 1658 2747 in
1692 2703 1896 2761 pueritia
1916 2702 2221 2760 conruperitg
2260 2705 2336 2750 vel

1326 2767 1481 2812 Gloss.
1533 2775 1582 2812 et
1631 2768 1906 2813 Comment.
1962 2764 2159 2820 Lubini,
2207 2770 2335 2825 quod

1324 2844 1437 2877 cum
1471 2831 1742 2876 Domitiani
1774 2826 1980 2891 conjuge
2007 2832 2333 2878 concubuerit.

1326 2895 1435 2943 106.
1470 2896 1591 2941 Haec
1611 2895 1858 2941 referenda
1877 2896 1938 2940 ad
1961 2893 2223 2948 Neronem,
2249 2898 2335 2955 qui

1323 2961 1427 3017 ipse
1446 2960 1651 3005 cinaedus
1671 2960 1784 3013 fuit,
1808 2964 1858 3004 et
1884 2967 2050 3004 tamen
2074 2959 2332 3007 Afranium

1322 3023 1687 3077 Quinctianum,
1733 3023 1938 3069 mollitia
1969 3025 2180 3082 corporis
2210 3024 2334 3071 infa-

1322 3100 1474 3144 mem,
1518 3089 1747 3147 probroso
1789 3088 2002 3133 carmine
2047 3087 2334 3136 diffamavit.

1323 3164 1372 3199 v.
1398 3152 1515 3198 Tac.
1540 3153 1671 3197 Ann.
1702 3150 1822 3196 XV.
1846 3150 1929 3199 49.
1958 3151 2221 3211 Inprobior,
2246 3167 2332 3201 ue-

1326 3218 1485 3275 quior‚
1502 3217 1578 3262 vel
1600 3215 1973 3261 maledicentior.

1395 3280 1506 3327 107.
1538 3279 1795 3325 Montanus
1818 3279 2011 3339 pinguis
2039 3286 2089 3324 et
2120 3282 2337 3327 ventrio-

1326 3422 1474 3467 quam
1497 3409 1658 3468 ipsum
1682 3407 1844 3452 venire
1865 3408 2017 3461 dicitg
2054 3414 2146 3453 vet.
2172 3407 2335 3455 Schol.

1329 3472 1408 3519 Cf.
1428 3485 1539 3528 sup.
1557 3474 1618 3517 ad
1640 3485 1688 3516 v.
1710 3469 1791 3517 39.
1856 3469 2000 3518 Forte
2021 3471 2064 3515 is
2094 3470 2191 3517 fuit
2213 3471 2338 3519 Cur·

1327 3538 1423 3582 tius
1455 3536 1729 3589 Montanus,
1753 3536 1813 3580 de
1846 3547 1943 3592 quo
1975 3533 2171 3582 v.'1'ac.
2202 3536 2334 3585 Anu.

1329 3600 1477 3647 XVI.
1501 3598 1671 3646 2829.
1693 3596 1773 3644 33.
1791 3604 1841 3642 et
1860 3596 1989 3642 Hist-
2006 3598 2093 3645 IV.
2110 3596 2188 3647 40.
2208 3598 2336 3648 forte

1327 3671 1377 3710 et
1399 3664 1494 3710 inf.
1503 3663 1602 3709 XI.
1613 3661 1693 3708 34.
1709 3662 1785 3706 vel
1797 3660 2336 3724 Momanmatticinm,

1328 3741 1474 3787 quem
1498 3726 1726 3776 meminit
1746 3725 1868 3772 Plin.
1886 3723 1977 3785 Ep.
2001 3726 2090 3773 VI.
2108 3726 2190 3776 22.
2223 3729 2339 3776 Plu-

1328 3806 1406 3837 res
1428 3791 1690 3837 Montanos
1720 3796 1962 3835 memorat
1981 3789 2180 3838 Tacitus
2201 3795 2335 3842 Aim-

1330 3856 1424 3903 1v.
1453 3855 1659 3903 42..X1.
1681 3855 1763 3903 36.
1794 3852 1943 3901 xm.
1974 3853 2055 3903 25.
2083 3856 2217 3906 nist.
2239 3856 2340 3907 m

1327 3919 1522 3966 35.‘1V.
1537 3918 1616 3965 31.
1637 3919 1704 3967 V.
1722 3918 1803 3967 19.
1821 3920 1885 3966 al.
1921 3918 2030 3966 108.
2053 3921 2128 3968 De
2152 3921 2335 3979 &ispi-

1326 3998 1387 4030 πο
1402 3981 1603 4046 ejusque
1619 3983 1822 4030 mollitie
1835 3984 1898 4029 cf.
1916 3996 1963 4028 v.
1981 3983 2025 4029 1.
2039 3994 2189 4045 semet
2210 3984 2334 4032 136-

1329 4062 1426 4108 seq.
1459 4048 1710 4095 Amomum
1725 4048 1914 4094 fruticis
1930 4048 2089 4095 Indici
2102 4062 2272 4109 genus,
2286 4051 2337 4093 et

1329 4112 1802 4237 ῑῧέἔὲῗὲἱῗῖῗιῗὲῗο.
1813 4112 2339 4248 ῗῗιωεὶᾚῶῗέἓ

1320 4239 1583 4287 ·1·1er.XV.
1599 4240 1678 4287 ¹76.
1710 4240 1967 4291 matutino,
1984 4236 2192 4299 quojam
2212 4246 2343 4283 tem..

1328 4317 1443 4364 pore
1466 4296 1707 4350 matutino
1729 4309 1778 4348 et
1799 4302 1997 4368 singulo
2022 4315 2185 4357 mane,
2208 4302 2339 4361 quod

1330 4380 1539 4417 summae
1559 4367 1766 4415 luxurio
1786 4357 2018 4414 indicium
2032 4373 2126 4423 est,
2145 4377 2266 4422 non,
2281 4372 2339 4415 ut

1467 4450 1520 4491 Μ
