2978 4920
944 318 1387 383 SATIRA
1424 317 1644 380 XIV.

338 505 604 570 Sorbere
632 510 777 570 ante
799 504 1010 568 cibum
1030 503 1216 590 quod
1232 502 1474 567 'debeat
1504 514 1569 567 'et
1598 511 1783 589 pater
1803 497 1867 566 et
1896 520 2029 566 rex.

338 608 633 672 Monstro
662 608 1053 694 voluptatem
1083 605 1423 691 egregiam,
1455 606 1562 670 cui
1583 604 1778 670 nulla
1794 604 2068 682 theatra,

2210 313 2348 386 3392

2205 504 2331 566 255

337 707 536 772 Nulla
564 730 818 795 aequare
846 729 1043 793 queas
1074 705 1376 770 Praetoris
1403 705 1661 792 pulpita
1685 705 1871 785 lauti,

340 809 407 872 Si
439 822 702 895 specteS‚
734 820 977 895 quanto
1005 806 1230 893 capitis
1258 806 1617 870 discrimine
1644 820 1930 872 constent
1966 832 1971 839 ·

264 933 269 944 ²
339 911 737 976 Incrementa
762 910 1013 986 domuS,
1045 921 1242 973 aerata
1269 907 1515 972 multus
1542 908 1608 972 in
1637 909 1798 973 arca'

337 1013 581 1091 FiscuS‚
613 1027 676 1080 et
706 1014 792 1078 ad
820 1012 1076 1098 vigilem
1103 1009 1382 1097 ponendi
1416 1011 1693 1075 Castora
1704 1012 1907 1091 numi,

2147 959 2150 962 ¹
2212 1010 2338 1076 260

342 1118 450 1180 Ex
481 1141 614 1203 quo
645 1120 828 1181 Mars
859 1116 1053 1182 Ultor
1081 1114 1324 1201 galeam
1357 1137 1616 1200 quoque
1643 1113 1951 1201 perdidit,
1981 1127 2045 1181 et
2072 1139 2172 1180 res
2247 1141 2252 1148 ’

341 1220 404 1281 N
407 1242 490 1282 on
520 1219 736 1305 potuit
767 1240 1016 1283 servare
1045 1240 1209 1282 suas·
1282 1214 1478 1302 'Ergo
1508 1217 1720 1281 omnia
1752 1215 1961 1282 Florae
2025 1243 2030 1248 “

340 1319 433 1382 Et
465 1319 716 1382 Cereris
744 1318 986 1384 licetet
1020 1316 1292 1405 Cybeles
1319 1317 1525 1402 aulaea
1551 1317 1912 1406 relinquas:

268 1481 271 1482 γ
345 1421 567 1484 Tanto
595 1419 864 1505 majores
892 1419 1172 1484 humana
1200 1420 1456 1504 negotia
1483 1418 1641 1483 ludi.

429 1522 539 1584 An
569 1520 773 1606 magis
801 1521 1120 1588 oblectant
1150 1520 1428 1584 animum
1451 1521 1697 1606 jactata
1721 1534 1991 1607 petauro

255 1699 391 1749 aliud
422 1698 597 1756 videre,
633 1699 682 1747 h.
715 1714 759 1748 e.
790 1699 866 1748 vel
901 1713 1075 1746 annum
1107 1699 1277 1749 vivere.

256 1767 530 1814 medicamen
565 1762 962 1818 Mithridaticum,
997 1763 1278 1820 antidotum,

257 1828 691 1894 alexipharmacon.
741 1837 784 1875 et
813 1838 943 1889 pater
977 1837 1019 1875 et
1057 1844 1149 1886 rer,
1185 1844 1279 1877 non

257 1894 420 1943 miuus
446 1902 597 1957 pater,
630 1908 774 1955 quam
806 1908 886 1944 rex
903 1909 917 1950 3
952 1893 1174 1956 quoniam
1195 1893 1280 1941 vhis

258 1958 548 2022 temporibus
577 1957 701 2023 patri
737 1971 768 2004 a
799 1956 957 2005 liberis
994 1972 1088 2004 non
1125 1956 1284 2005 minus

259 2022 571 2072 metuendum
609 2029 697 2079 est,
732 2037 875 2085 quam
914 2029 1111 2085 tyranno
1155 2038 1186 2070 a
1215 2023 1280 2071 ci-

258 2087 415 2136 vibuS.

331 2153 448 2201 256.
499 2164 630 2213 seqq.
684 2149 920 2213 Majorem
980 2149 1089 2197 volu
1124 2156 1284 2206 tatem,

258 2232 412 2279 quam
444 2229 550 2277 quae
582 2228 641 2261 ex
674 2214 874 2268 theatris,
896 2212 945 2260 h.
967 2228 1009 2260 e.
1032 2214 1083 2261 lu
1117 2214 1158 2261 is
1188 2228 1288 2261 sce-

260 2280 389 2330 nicis
410 2277 608 2342 capitur,
628 2274 827 2341 (quibus
848 2277 1055 2325 Romani
1086 2276 1290 2325 maximts

261 2341 653 2404 delectabantur)
676 2341 903 2405 promitto·
925 2341 1028 2398 tibi,
1059 2342 1100 2389 si
1135 2341 1289 2390 consi-

262 2406 508 2457 deraveris
536 2407 734 2462 laboreS,
758 2413 806 2453 et
835 2404 1060 2471 pericula,
1084 2421 1190 2471 quae
1210 2416 1288 2454 su-

262 2474 343 2523 bit
365 2488 549 2528 avarus,
573 2482 625 2520 ut
653 2471 783 2520 omni
803 2471 942 2519 modo
974 2486 1071 2519 rem
1104 2479 1289 2535 augeat.

262 2540 386 2587 257.
421 2538 639 2586 Praetoris
666 2538 862 2597 pulpita,
897 2534 999 2583 ludi
1034 2535 1223 2590 scenici,
1262 2549 1293 2582 a

262 2611 467 2668 praetore
487 2600 601 2650 dati.
653 2601 906 2662 Pulpitum,
925 2603 1112 2662 λογεῖον,
1132 2600 1293 2648 cathe-

268 2668 376 2723 dra,
399 2666 646 2739 subgestus
675 2664 725 2712 iu
757 2664 998 2729 proscenio
1029 2681 1069 2712 s.
1096 2664 1293 2720 theatro,

267 2732 355 2789 nbi
377 2731 624 2779 histriones
645 2728 919 2778 recitabant.
950 2730 1083 2784 lauti,
1103 2729 1296 2792 elegan-

273 2794 552 2852 tis,‘divitis,
575 2794 649 2843 vel
678 2793 835 2859 potius
867 2793 1027 2857 magni
1060 2801 1109 2842 et
1140 2793 1296 2856 digni·

271 2869 370 2909 tate
402 2859 670 2925 conspicui3
717 2857 808 2906 nisi
839 2858 992 2915 malis,
1027 2857 1108 2921 qui
1149 2858 1295 2913 laute,

271 2924 525 2989 splendido
559 2923 620 2971 ad
655 2932 789 2971 aratu
821 2922 957 2970 ludos
978 2922 1109 2979 facit,
1132 2924 1208 2971 rel
1240 2922 1298 2970 iis

274 2989 327 3038 in
359 2988 480 3036 sella
510 3002 626 3036 curu
645 2986 661 3033 i
680 2995 729 3034 et
758 2994 983 3050 praetexta
1013 3002 1052 3034 s.
1080 2994 1190 3047 toga
1224 2987 1296 3052 pi-

273 3061 372 3108 cta,
397 3059 528 3100 veste
559 3049 698 3098 trium
729 3049 846 3104 hali,
873 3058 1055 3116 praeest.
1090 3051 1168 3100 cf.
1190 3066 1297 3117 sup.

274 3119 341 3167 X.
365 3117 451 3165 36.
469 3131 568 3179 seq.
590 3121 639 3163 et
658 3116 703 3161 X
737 3147 750 3161 .
778 3115 885 3162 192.

341 3183 458 3230 258.
480 3189 646 3244 quanto
677 3187 888 3234 constent,
919 3185 1162 3242 tamquam
1195 3194 1298 3244 pre-

279 3246 480 3308 tio,‚quo
503 3251 631 3292 emta
653 3242 747 3290 sint
766 3248 814 3290 et
833 3249 1014 3307 parata.
1068 3244 1145 3292 Sic
1166 3253 1302 3292 morte

277 3320 477 3359 constare
494 3307 618 3357 dixit
640 3307 768 3356 CaeS.
790 3307 853 3354 B.
873 3308 938 3356 G.
960 3307 1083 3356 VII.
1109 3309 1183 3356 19.

342 3375 457 3422 260.
492 3373 664 3428 Fiscus,
698 3370 850 3419 corbis
875 3378 1062 3436 spartea
1094 3386 1134 3419 s.
1166 3371 1300 3419 vimi-

280 3454 390 3494 nea,
411 3437 461 3486 in
489 3452 634 3502 qnam
665 3435 871 3501 pecunia
902 3434 1206 3493 condebatur,
1226 3437 1302 3484 vel

276 3503 388 3568 ipsa
418 3502 635 3567 pecunia.
681 3503 741 3548 ad
775 3501 977 3556 Castora,
1013 3498 1139 3564 apud
1172 3516 1302 3549 men·

281 3565 432 3614 sarios
463 3574 511 3614 et
548 3567 828 3614 feneratores
859 3564 909 3612 in
944 3565 1057 3620 foro,
1091 3564 1173 3613 ubi
1204 3571 1304 3613 erat

284 3629 496 3680 Castoris
522 3629 661 3687 aedes,
687 3629 760 3678 vel
785 3629 837 3677 in
866 3629 968 3678 aede
993 3627 1199 3678 Castoris
1219 3646 1304 3694 po·

283 3693 430 3742 nendi
464 3693 592 3742 numi
608 3709 771 3755 ,nam
805 3708 900 3742 non
931 3693 1072 3742 modo
1106 3694 1304 3750 foedera,

279 3755 529 3824 pactiones
559 3765 607 3806 et
638 3764 936 3815 testamenta,
977 3757 1058 3806 sed
1153 3759 1306 3807 cuniae

282 3823 431 3872 etiam
473 3822 827 3888 deponebantur
866 3823 918 3870 in
956 3829 1082 3887 temp
1104 3823 1159 3881 is,
1200 3839 1308 3887 quae

282 3894 389 3936 tuta
411 3894 547 3936 erant
576 3886 801 3950 religione
829 3886 1021 3935 deorum
1048 3893 1097 3935 et
1120 3887 1305 3953 potissi-

282 3967 418 4005 mum
476 3951 687 4000 excubiis
744 3949 963 4008 militum,
1018 3952 1144 4000 unde
1197 3953 1310 4016 vigil

284 4018 442 4064 Castor
462 4016 513 4064 h.
534 4016 569 4064 l.
592 4015 778 4064 dicitur.

351 4081 464 4128 261.
509 4080 584 4128 Ex
621 4095 718 4145 quo
753 4079 876 4127 fures
907 4078 975 4135 in*
999 4078 1101 4126 foro
1138 4078 1312 4127 Martis

286 4145 333 4191 h.
365 4162 406 4193 e.
442 4144 491 4192 in
516 4144 617 4192 foro
644 4143 866 4206 Augusti,
890 4143 1018 4207 quod
1046 4143 1148 4191 aede
1174 4145 1308 4192 Mar·

286 4208 349 4255 tis
390 4208 571 4258 Ultoris
608 4217 824 4272 ornatum
864 4214 982 4263 erat,
1025 4208 1310 4256 numularios

289 4271 541 4338 diripuere,
559 4280 610 4322 et
628 4272 716 4339 ipsi
733 4287 920 4336 quoque
940 4272 1091 4320 Marti
1111 4271 1312 4334 insignia

282 4337 340 4395 sm
362 4338 468 4391 aede
489 4353 592 4405 sua,
614 4338 689 4388 vel
711 4337 956 4405 pecuniam
981 4335 1030 4384 in
1046 4351 1106 4385 ea
1127 4334 1308 4400 deposi-

2229 1485 2354 1584 265

1342 1708 1457 1757 tam,
1502 1700 1749 1751 abstulere.
1814 1698 1892 1757 cf.
1930 1714 2033 1764 sup.
2074 1698 2138 1748 ad
2175 1698 2240 1746 X.
2276 1699 2358 1746 25.

1343 1766 1497 1814 Poeta
1514 1765 1631 1814 forte
1656 1764 1720 1814 ad
1751 1764 1824 1813 sui
1855 1763 2074 1830 temporis
2101 1762 2357 1817 historiam,

1344 1829 1478 1878 nobis
1511 1829 1734 1894 ignotam,
1768 1844 1841 1877 τω
1874 1828 1986 1888 icit;
2024 1836 2073 1877 et
2104 1827 2194 1876 hac
2221 1842 2359 1874 occa-

1343 1893 1491 1948 sione,
1511 1903 1564 1941 ut
1583 1889 1773 1959 passim,
1797 1893 1833 1940 ri
1868 1900 1917 1941 et
1947 1893 2181 1940 infirmam
2212 1890 2361 1941 divini

1347 1957 1553 2006 numinis
1592 1957 1868 2023 potentiam,
1910 1965 1960 2005 et
2005 1957 2218 2021 quidem*
2240 1956 2291 2004 h.
2331 1956 2364 2003 l.

1348 2023 1430 2085 (ut
1461 2037 1564 2086 sup.
1601 2023 1673 2070 11.
1703 2023 1809 2070 130.
1831 2022 1957 2084 seq.)
1983 2022 2163 2077 Martis,
2186 2020 2268 2085 qui
2302 2034 2364 2067 ne

1347 2103 1417 2134 res
1436 2086 1629 2150 quidem
1639 2102 1755 2142 was,
1770 2100 1856 2133 sua
1868 2085 2015 2150 ipsius
2030 2084 2247 2157 insignia,
2266 2099 2363 2131 ser-

1350 2151 1489 2207 varit,
1516 2149 1688 2198 nedum
1719 2165 1794 2199 res
1822 2149 2081 2205 hominum,
2103 2149 2208 2206 s1bi,
2245 2159 2364 2196 tam-

1352 2230 1496 2288 quam
1510 2214 1641 2327 ffit'ri
1673 2229 1730 2262 ac
1761 2214 2163 2325 tumer}tR⁰m³⁰ae
2195 2212 2367 2277 gentis,

1354 2293 1404 2325 in
1424 2293 1509 2327 cus
1591 2292 1685 2325 iam
1705 2292 1843 2325 coner
1904 2294 1919 2323 ι
1942 2292 2011 2325 as.

1400 2344 1532 2391 262.
1572 2358 1702 2406 seqq.
1757 2343 1884 2389 Licet
1932 2342 2172 2403 relinquas,
2226 2340 2364 2389 relin-

1354 2421 1514 2520 23:33
1536 2421 1772 2520 ἒέῗῖῗῗθ
1782 2404 2197 2519 ..effluam
2219 2407 2373 2534 ἒῖῗέ

1354 2551 1423 2594 ra,
1448 2552 1508 2586 ex
1526 2536 1697 2600 quibus
1719 2552 1812 2586 non
1832 2541 2016 2584 tautum
2044 2534 2269 2600 percipies
2291 2550 2371 2601 yo-

1357 2601 1569 2667 luptatiS,
1603 2610 1833 2665 quantum
1865 2615 1923 2648 ex
1952 2599 2081 2647 avari
2106 2598 2375 2658 laboribus;

1359 2666 1449 2714 nisi
1484 2665 1650 2713 malis:
1696 2669 1910 2739 quamvis
1941 2665 2015 2712 vel
2047 2679 2207 2712 omnes
2240 2665 2376 2712 ludt‘s

1358 2730 1615 2793 relinquas,
1633 2728 1749 2778 nilnl
1769 2743 1919 2784 cureS,
1936 2744 2032 2777 non
2049 2744 2224 2792 magna
2243 2743 2375 2777 care-

1358 2795 1434 2843 bis
1473 2795 1581 2843 volu
1617 2803 1732 2851 tate,
1767 2794 1908 2842 modo
1951 2793 2205 2858 respexeris
2245 2793 2377 2840 varia

1361 2859 1566 2922 negotia,
1583 2813 1793 2915 labores,
1816 2857 2150 2922 navigationes,
2171 2858 2377 2921 peregri-

1360 2923 1591 2981 nationes,
1620 2923 1918 2972 incommoda
1949 2930 1997 2970 et
2028 2922 2250 2986 pericula,
2273 2936 2379 2985 quae

1361 3004 1532 3037 avarus
1554 2989 1697 3044 subit,
1721 2996 1774 3036 ut
1794 3003 1893 3035 rem
1913 2985 2189 3034 familiarem
2210 2985 2376 3050 ampli-

1361 3053 1472 3101 ficet
1493 3052 1751 3122 opibusque
1786 3050 1993 3110 adfluat;
2026 3057 2158 3098 tanto
2191 3049 2277 3098 tibi
2298 3050 2377 3114 ju-

1362 3117 1565 3166 cundius
1602 3117 1722 3174 haec,
1759 3132 1902 3180 quam
1939 3113 2039 3163 ludi
2076 3114 2164 3172 illi,
2196 3125 2379 3180 specta·-

1362 3182 1523 3230 culum
1558 3182 1783 3231 obferent.
1850 3182 2008 3230 Poetae
2048 3180 2382 3229 obversabatur

1362 3245 1494 3295 loeus
1517 3247 1685 3297 Horat.
1705 3245 1854 3310 Epist.
1878 3246 1951 3294 II.
1977 3246 2019 3291 l.
2046 3245 2154 3293 197.
2176 3260 2274 3308 seq.
2302 3246 2381 3292 Cf.

1364 3325 1468 3376 sup.
1492 3310 1555 3358 ad
1583 3312 1682 3359 III.
1704 3313 1817 3359 223.
1848 3318 1897 3359 et
1929 3309 2025 3358 alia
2054 3309 2177 3366 loca,
2210 3307 2384 3371 quibus

1366 3375 1464 3422 vita
1498 3383 1655 3424 nostra
1685 3390 1837 3423 scenae
1866 3381 2175 3441 comparatur.
2197 3388 2244 3419 v.
2266 3372 2381 3418 Pal-

1365 3439 1488 3487 ladae
1511 3439 1671 3504 Epigr.
1692 3439 1752 3486 C.
1772 3438 1822 3485 in
1842 3437 2051 3485 Brunck.
2072 3434 2213 3483 Anal-
2231 3436 2289 3481 T.
2309 3435 2384 3481 ΙΙ).

1403 3538 1415 3550 .
1436 3505 1549 3550 427.
1582 3503 1740 3565 ibique
1773 3502 1952 3550 Jacobs
1983 3498 2046 3548 ad
2074 3498 2273 3547 Anthol.
2294 3499 2384 3547 Gr.

1366 3521 1479 3617 {soh
1498 3568 1571 3615 II.
1593 3568 1651 3615 P.
1666 3566 1768 3614 III.
1789 3582 1836 3630 p.
1849 3565 1961 3613 247.
1993 3564 2173 3617 Auloea,
2191 3563 2299 3610 vela
2313 3563 2387 3629 pi-
2431 3618 2436 3623 ‚

1368 3639 1464 3688 cta,
1500 3630 1550 3679 in
1588 3631 1785 3685 aedibus,
1808 3627 2078 3695 porticibuS,
2112 3636 2160 3677 et
2193 3627 2390 3677 theatris

1368 3694 1885 3809 ἓῖἱῆἰῗᾏῖἒῗιὲᾱῖ·
1930 3691 2389 3808 ἷὲἓῗῗὲζέᾞίιξζ

1371 3825 1600 3882 solennia,
1631 3825 1692 3874 de
1724 3794 1895 3889 quibiis
1925 3841 1970 3871 v.
2008 3823 2151 3873 Ovid.
2174 3825 2302 3873 Fast.
2322 3824 2390 3871 V.

1375 3890 1644 3938 183-378.
1684 3890 1855 3938 Cereris
1871 3889 1988 3946 ludi,
2009 3889 2092 3955 qui
2113 3888 2162 3936 in
2182 3885 2389 3936 Cereali-

1371 3953 1462 4000 bus
1483 3967 1552 4001 sc.
1573 3955 1718 4002 sacris
1738 3955 2014 4018 agebantur.
2033 3973 2078 4002 v.
2101 3952 2242 4001 Ovid.
2262 3951 2391 3997 Fast-

1374 4018 1467 4066 IV.
1485 4018 1564 4065 39.
1587 4030 1720 4083 seqq3
1768 4021 1945 4083 Cybeles
1967 4018 2083 4072 ludi,
2107 4012 2390 4075 Megalesia,

1375 4081 1561 4130 diversa
1583 4098 1612 4130 a
1632 4083 1757 4132 ludis
1790 4084 1986 4147 magnis.
2010 4099 2053 4128 v.
2077 4079 2178 4127 Liv.
2200 4078 2392 4126 X‘XIX.

1377 4146 1453 4195 14.
1477 4154 1525 4195 et
1548 4147 1692 4196 Ovid.
1715 4150 1845 4196 Fast.
1869 4148 1961 4195 IV.
1987 4145 2097 4190 179.
2114 4156 2244 4214 seqq.
2307 4152 2311 4159 ·

1439 4211 1717 4261 266-284.
1757 4215 1915 4270 Quam
1949 4221 2105 4255 vecors
2140 4211 2199 4252 sit
2230 4219 2392 4254 avaro·

1374 4291 1476 4322 rum
1519 4276 1736 4330 audacia,
1781 4275 1918 4322 docet
1961 4275 2101 4336 poeta
2153 4283 2395 4340 compara·-

1375 4341 1501 4390 tione
1534 4356 1694 4389 eorum
1730 4354 1838 4386 cum
1872 4334 1976 4386 aliis
1998 4332 2280 4391 hominibus,
2314 4335 2396 4398 qui

1521 4406 1712 4466 2212
