2978 4920
1019 318 1459 381 SATIRA
1534 319 1604 379 V.

379 506 489 570 Bis
517 506 703 582 ferat,
736 505 1083 567 Etruscum
1113 523 1313 587 puero
1344 499 1395 563 si
1425 499 1690 587 contigit
1720 523 1971 578 aurum,

374 606 493 670 Vel
521 605 729 669 nodus
758 615 1034 679 tantum,
1066 614 1127 666 et
1161 602 1413 687 signum
1443 599 1525 663 de
1553 622 1831 687 paupere
1858 600 2041 664 loro?

379 709 534 795 Spes
560 707 720 771 bene
750 703 1038 769 coenandi
1066 725 1179 767 vos
1200 701 1454 788 decipit.
1502 723 1641 764 ecoe
1670 701 1848 767 dabit
1862 702 1993 787 jam

383 811 701 873 Semesum
733 807 1032 893 leporem,
1066 817 1261 891 atque
1291 801 1536 888 aliquid
1566 801 1644 865 de
1676 802 1967 867 clunibus
1997 803 2151 890 apri.

380 911 492 973 Ad
519 934 634 974 nos
654 911 790 995 jam
811 907 1018 971 veniet
1050 909 1255 970 minor
1285 904 1498 969 altilis.

383 1015 762 1097 Intactoque
790 1033 1004 1074 omnes
1033 1021 1098 1073 et
1122 1009 1340 1073 stricto
1369 1031 1533 1094 pane
1556 1008 1792 1073 tacetis.

385 1110 506 1173 Ille
536 1111 722 1197 sapit,
754 1109 867 1196 qui
895 1121 960 1173 te
990 1109 1075 1172 sic
1105 1108 1329 1172 utitur.

327 1257 338 1275 .
389 1212 455 1274 Si
484 1216 686 1296 poteS‚
716 1222 781 1274 et
810 1211 1018 1274 debes.

2239 319 2362 382 103

2241 597 2367 664 165

1590 905 1751 969 Inde
1773 918 1996 993 parato

1420 1107 1651 1171 Omnia
1677 1107 1841 1171 ferre
2247 1109 2373 1174 170

1107 1208 1503 1272 Pulsandum
1532 1208 1764 1273 vertice
1792 1206 1933 1273 raso

298 1326 304 1333 ·
385 1309 709 1374 Praebebis
738 1304 1121 1397 quandoque
1152 1321 1367 1395 caput,
1398 1331 1512 1372 nec
1543 1309 1705 1372 dura
1735 1309 1984 1374 timebis

388 1409 623 1496 Flagra
647 1411 805 1495 pati,
835 1410 935 1473 his
964 1408 1171 1495 epulis
1199 1420 1262 1473 et
1292 1407 1404 1474 tali
1433 1407 1666 1492 dignus
1693 1409 1910 1493 amico.

301 1595 352 1636 et
364 1592 698 1643 contumelias,
717 1589 944 1651 bisferat,
962 1590 1210 1635 utiterum
1235 1590 1311 1633 in-

1372 1590 1728 1648 exspectatione
1740 1598 1787 1635 et
1799 1593 1924 1638 inter
1934 1605 2067 1651 spem
2080 1598 2378 1651 metumque,

303 1654 488 1699 vitatus
508 1657 568 1701 ad
585 1669 771 1700 coenam
797 1654 976 1711 veniat,
993 1653 1312 1699 Etruscum—
1369 1656 1593 1712 paratum
1613 1667 1802 1712 semper
1832 1662 1881 1701 et
1904 1656 1955 1703 in
1983 1662 2176 1715 promtu
2202 1657 2379 1702 haben-

301 1717 403 1764 loro
423 1719 474 1765 h.
495 1733 538 1766 e.
561 1720 601 1764 si
623 1719 861 1778 ingenuus
878 1725 952 1762 est
971 1725 1021 1762 ct
1043 1717 1217 1762 nobilis
1227 1731 1310 1776 ge-

303 1796 435 1835 nere,
462 1784 536 1828 vel
559 1789 749 1828 tantum
774 1782 1025 1826 libertinus
1044 1787 1093 1825 et
1116 1795 1310 1839 pauper.

304 1861 477 1892 aarum
489 1847 739 1892 Etruscum
754 1846 885 1890 bulla
896 1859 1060 1901 aurea,
1076 1846 1233 1890 cordis
1246 1845 1317 1890 fe.

303 1923 358 1956 re
372 1911 543 1970 figura,
556 1925 614 1956 ex
629 1911 752 1955 collo
764 1911 813 1954 in
833 1916 998 1967 pectus
1009 1909 1280 1967 dependens
1294 1923 1311 1963 3

305 1977 435 2034 quod
468 1976 655 2034 insigne
686 1986 942 2032 puerorum
977 1973 1314 2034 ingenuorum,

309 2047 367 2083 ut
410 2039 566 2083 multa
604 2039 832 2092 aliorum,
866 2038 989 2095 inpr.
1024 2049 1214 2094 regum,
1255 2038 1316 2082 ab

310 2102 530 2148 Etruscis
547 2102 754 2160 petitum
777 2102 978 2146 videtur.
1023 2100 1314 2158 Tarquinius

307 2166 500 2213 Priscus
504 2164 665 2224 fllium
686 2164 838 2210 XIII
854 2177 1100 2219 annorum,
1124 2163 1243 2222 quod
1264 2165 1317 2209 in

299 2230 468 2291 proelio
484 2230 553 2282 (in
576 2228 699 2274 bello
723 2229 845 2274 forte
866 2242 950 2287 per
966 2241 1141 2272 novem
1164 2241 1317 2273 annos

310 2306 428 2340 cnm
450 2293 669 2338 Etruscis
688 2299 846 2352 gesto)
878 2290 1050 2338 landem
1066 2292 1316 2349 percussis-

308 2361 399 2414 set,
407 2356 769 2417 pretato-bulla
775 2366 855 2416 qne
866 2355 1052 2400 donavit
1063 2355 1328 2409 {uude-haee-

308 2423 623 2482 ingenuorum
640 2434 887 2479 puerorum
902 2419 1112 2479 insignia
1127 2433 1219 2467 cue
1232 2434 1317 2467 ειτ-

302 2490 503 2546 parunt,
528 2486 693 2531 Aurel.
715 2484 885 2530 Victor
917 2484 976 2528 de
1008 2485 1095 2529 vir.
1120 2486 1187 2529 ill.
1209 2499 1253 2531 c.
1272 2489 1317 2530 6.

312 2549 460 2595 Pueri
476 2549 657 2595 nobiles
666 2563 722 2594 ac
732 2548 903 2593 divites
922 2548 1177 2593 utebantur
1189 2550 1322 2596 bulla

312 2625 477 2665 aurea,
496 2613 673 2659 humili
698 2627 808 2658 vero
830 2612 935 2657 loco
953 2612 1074 2670 nati,
1085 2625 1322 2672 pauperes

312 2686 364 2725 et
386 2678 598 2723 libertini
619 2683 828 2731 scortea,
842 2678 893 2721 h.
914 2690 955 2722 e·
978 2690 1006 2721 e
1023 2677 1155 2721 corio
1174 2678 1322 2732 facta,

312 2743 392 2794 vel
404 2741 499 2802 loro
511 2758 531 2796 ,-
557 2743 651 2787 nisi
662 2743 820 2800 potius
835 2741 988 2787 lorum
1000 2746 1072 2785 est
1088 2740 1322 2799 ligamen.-

317 2814 426 2854 tum
449 2820 564 2852 cum
588 2807 731 2859 nodo,
754 2806 855 2850 sine
877 2807 1028 2858 bulla,
1053 2818 1114 2850 ex
1131 2818 1189 2849 eo
1204 2818 1323 2863 pen-

316 2872 480 2917 dente.
511 2870 587 2915 De
608 2870 788 2928 origine
805 2882 1044 2929 causaque
1060 2864 1144 2929 huj
1152 2882 1207 2913 us
1221 2883 1324 2914 mo·

315 2936 386 2981 ris
414 2939 463 2979 et
483 2935 641 2980 forma
674 2933 818 2979 bullar
839 2946 885 2977 v.
919 2933 1025 2977 loca
1056 2934 1195 2980 class,
1217 2931 1323 2979 Ma-

317 3000 447 3044 crob.
465 2998 565 3046 Sat.
583 2998 628 3044 1.
651 2998 700 3045 6.
721 2998 845 3043 Plin.
862 2996 1121 3041 XXXIII.
1139 2996 1185 3044 l.
1199 2999 1327 3043 Plut.

318 3064 371 3110 in
398 3062 607 3109 Romulo
629 3076 675 3121 p.
698 3061 782 3108 30.
798 3066 848 3107 et
868 3059 1043 3105 Festus
1064 3061 1113 3104 h.
1130 3074 1179 3108 v.

388 3126 496 3173 166.
531 3127 652 3171 Ecce
684 3124 1042 3181 dabit—altids,
1075 3128 1219 3170 verba
1254 3124 1327 3186 rel

317 3190 481 3251 potius
512 3190 826 3250 cogitationes
860 3189 1085 3247 pauperis
1127 3188 1329 3237 clientis.

323 3254 435 3302 168.
466 3254 629 3311 aunis,
663 3254 860 3313 gallina,
893 3258 949 3296 ut
982 3264 1091 3311 sup.
1123 3266 1182 3299 ν.
1222 3252 1330 3299 115.

318 3320 494 3375 maor,
504 3326 708 3371 wmesa,
724 3315 979 3375 indes-quia
987 3317 1207 3375 speratis,
1223 3329 1332 3376 par-

322 3390 426 3429 tem
460 3384 678 3440 ciborum
715 3380 1048 3427 delicatiorum
1082 3383 1217 3427 vobis
1250 3383 1334 3430 da-

322 3452 431 3492 tum
466 3447 544 3500 iri,
562 3448 741 3503 tacetis,
766 3459 861 3490 non
887 3445 1143 3503 postulatis
1169 3459 1332 3504 panem

316 3514 558 3571 paratum,
579 3523 725 3569 quem
748 3522 938 3555 sumere
959 3509 1113 3554 cuivis
1129 3510 1261 3567 licet,
1284 3516 1333 3554 et

320 3575 560 3631 mictum,
575 3581 811 3631 secatum,
833 3572 911 3636 (ut
933 3586 1011 3632 sp.
1032 3573 1169 3633 Virg.
1185 3574 1271 3619 Ge.
1291 3572 1331 3618 1.

320 3638 386 3686 31
394 3638 463 3696 ⁷.)
484 3640 698 3699 adeoque
718 3640 769 3683 in
785 3638 929 3698 pleno
945 3638 1166 3683 convivio
1181 3639 1333 3684 esuri·

322 3704 413 3753 tis.
471 3704 556 3749 An
575 3715 745 3762 sensus
776 3707 876 3749 esta
910 3704 1096 3762 tacetie,
1112 3704 1333 3764 suspensi

1376 1724 1467 1773 tes,
1497 1730 1553 1762 ac
1591 1719 1884 1776 stringentes,
1918 1721 2263 1775 inminuenteS,
2296 1733 2380 1779 pa-

1376 1794 1511 1838 nem,
1555 1794 1669 1826 cum
1713 1782 1809 1827 illis
1857 1784 1975 1830 cibis
2013 1785 2381 1837 comedendum,

1376 1858 1524 1903 quem
1557 1851 1720 1890 tamen
1742 1859 1834 1891 non
1855 1849 2066 1907 tangitis,
2086 1848 2244 1902 editis,
2264 1861 2383 1907 quo-

1378 1909 1509 1953 niam
1547 1908 1620 1952 illi
1652 1910 1747 1955 cibi
1785 1912 1919 1956 vobis
1952 1925 2047 1957 non
2081 1912 2385 1960 exhibentur.

1380 1970 1587 2018 lvo-4.
1622 1973 1780 2019 Verba
1809 1988 1923 2021 cum
1956 1976 2285 2035 indignatione
2313 1975 2383 2021 di-

1380 2034 1487 2081 cta!
1537 2037 1630 2082 Ille
1650 2037 1794 2083 Virro
1815 2040 1954 2098 sapit,
1969 2042 2053 2100 qui
2068 2044 2110 2084 te
2126 2040 2190 2084 sic
2213 2041 2383 2094 utitur,

1378 2105 1478 2144 tam
1513 2102 1857 2147 contumeliose
1889 2116 1944 2149 ac
1976 2104 2178 2162 superbe
2210 2111 2258 2148 te
2288 2109 2386 2150 tra-

1378 2168 1507 2209 ctat:
1541 2162 1657 2210 facit
1678 2166 1727 2211 id
1760 2167 1934 2212 merito
1954 2174 2070 2221 tuo;
2105 2167 2279 2227 dignus
2311 2182 2385 2226 es,

1380 2228 1464 2287 qui
1497 2228 1566 2273 ita
1597 2230 1831 2275 tracteris.
1877 2233 1918 2275 si
1941 2235 2091 2290 potes,
2122 2237 2187 2285 et,
2219 2233 2388 2289 etiam,

1380 2290 1506 2337 debes
1520 2307 1536 2336 .-
1560 2306 1671 2351 quae
1682 2299 1796 2352 apta
1811 2300 1859 2338 et
1875 2296 2034 2352 gravis
2047 2300 2119 2340 est
2135 2296 2391 2346 sententia.

1385 2353 1497 2404 1⁷1.
1518 2369 1617 2415 seq.
1651 2356 1773 2403 Haec
1795 2365 2010 2415 spectant
2043 2361 2104 2404 ad
2128 2365 2268 2418 turpe
2301 2361 2388 2405 ho-

1382 2421 1576 2468 minum
1597 2433 1770 2480 genus,
1780 2422 1841 2467 ad
1863 2424 2206 2481 pantomimos,
2228 2436 2260 2469 a
2278 2425 2389 2484 qui·

1381 2486 1622 2541 bus‚risus
1637 2485 1791 2531 ciendi
1805 2499 2049 2544 ειπερ-οε
2057 2488 2175 2532 vitoe
2183 2489 2392 2546 quotidi-

1385 2563 1491 2595 snae
1538 2549 1784 2594 vilissimae
1822 2550 2245 2608 lascivissimaeque
2282 2559 2389 2598 tum

1384 2614 1536 2659 oculis
1548 2609 1712 2672 objici,
1728 2619 1833 2657 tum
1849 2614 2003 2659 verbis
2019 2615 2295 2660 scurrilibus
2308 2618 2392 2662 ob-

1387 2676 1877 2735 scaenisque-exprimi
1902 2678 2135 2730 solebant,
2158 2678 2272 2723 etin
2293 2689 2392 2725 sce-

1388 2754 1505 2790 nam
1528 2741 1812 2799 plerumque
1826 2741 1991 2787 induci
2010 2743 2238 2800 servi,qui
2251 2743 2396 2801 cupite

1387 2818 1493 2851 raso
1504 2811 1552 2858 et
1564 2805 1647 2858 ,vili
1665 2807 1954 2852 centunculo
1968 2807 2127 2854 induti
2143 2812 2298 2860 erant,
2316 2810 2392 2854 vel

1388 2868 1468 2914 alii
1492 2869 1673 2914 infimae
1693 2868 1979 2915 conditionis
1993 2870 2233 2928 homines,
2246 2873 2397 2931 capita

1390 2945 1475 2978 sua
1487 2934 1738 2993 pulsantes,
1754 2934 1805 2980 h.
1829 2947 1872 2979 e.
1891 2935 2104 2993 colaphis
2125 2937 2395 2994 percutien-

1392 3005 1484 3053 tes,
1520 2998 1670 3050 (uode
1711 2997 2059 3044 Mamercorum
2113 2999 2262 3059 0101)oe
2307 2999 2393 3046 inf.

1391 3060 1536 3109 vm.
1562 3059 1695 3118 192.)
1728 3067 1814 3106 aut
1845 3064 2194 3110 contundentes
2220 3077 2270 3109 se
2301 3077 2396 3111 cae-

1392 3123 1640 3184 stibusque
1653 3126 1952 3186 mutilantes,
1971 3132 2057 3171 aut
2078 3134 2394 3176 scortatorum

1389 3190 1786 3250 ‚cinaedorumque
1815 3192 2147 3250 turpitudinem
2173 3206 2398 3244 exercen-

1395 3259 1468 3297 tes
1491 3251 1583 3298 cet.
1619 3249 1693 3300 cf.
1723 3253 1934 3302 Maniai.
1968 3255 2036 3301 11.
2056 3256 2137 3303 72.
2160 3262 2208 3301 et
2232 3256 2294 3302 v.
2315 3245 2397 3302 62.

1394 3316 1495 3363 Alii
1517 3318 1623 3363 haec
1643 3318 1857 3363 referunt
1877 3321 1939 3364 ad
1967 3320 2137 3365 duram
2170 3319 2399 3377 parasito-

1368 3413 1372 3418 ·
1394 3382 1861 3439 rumconditionem,
1872 3384 1957 3441 qui
1971 3390 2079 3428 tum
2090 3383 2279 3428 ridiculi
2299 3380 2401 3444 (⁴7⁸-

1399 3442 1651 3505 λατοποιοὶ)
1671 3452 1777 3491 tum
1796 3447 2103 3505 plagipatidae
2129 3447 2333 3499 fuerint5
2350 3451 2400 3492 et

1397 3522 1473 3567 eo,
1485 3510 1614 3568 quod
1632 3510 1705 3554 vel
1716 3511 1839 3554 servi
1851 3517 1905 3554 ut
1917 3510 2182 3568 plurimum
2197 3510 2311 3560 olim
2323 3509 2401 3557 fu·

1396 3574 1522 3619 erint
1534 3574 1678 3628 tonsi,
1699 3573 1776 3618 vel
1794 3571 1969 3620 scurris
1985 3573 2147 3632 potius
2161 3579 2208 3619 et
2224 3573 2400 3620 'morio-

1396 3638 1542 3683 nibus
1563 3638 1720 3695 capita
1742 3639 1801 3683 ad
1825 3631 2088 3684 ludibrium
2101 3638 2228 3686 rasa.
2256 3651 2401 3697 quan·
2486 3681 2489 3684 .

1397 3702 1560 3764 doque,
1572 3701 1852 3763 aliquando,
1873 3703 1951 3749 vel
1973 3703 2359 3764 nonnumquam.
