2978 4920
1345 340 2019 406 JUVENALIS

732 617 967 694 Arbor,
1002 628 1069 680 et
1100 615 1314 702 ejectis
1343 614 1659 679 mendicat
1689 613 1846 677 silva
1878 614 2187 678 Camenis.

734 721 812 784 In
842 718 1067 783 vallem
1099 717 1352 805 Egeriae
1381 716 1821 781 descendimus
1850 729 1914 781 et
1945 717 2274 803 speluncas

733 820 1086 885 Dissimiles
1112 819 1290 883 veris.

732 515 953 580 Omnis
979 515 1144 578 enim
1176 512 1415 600 populo
1444 512 1794 577 mercedem
1823 511 2098 599 pendere
2119 514 2302 598 jussa
2329 526 2428 579 est
2651 515 2733 578 15

1380 820 1637 896 Quanto
1666 818 2075 905 praestantius
2102 831 2264 883 esset

733 923 988 987 Numen
1017 943 1227 1007 aquae,
1257 919 1445 983 viridi
1478 919 1530 982 si
1560 920 1844 1005 margine
1873 918 2156 983 eluderet
2187 920 2391 984 undas

2649 1025 2734 1085 20

736 1025 980 1102 Herba,
1011 1046 1125 1088 nec
1153 1023 1501 1109 ingenuum
1534 1021 1838 1087 violarent
1870 1044 2186 1086 marmora
2212 1022 2482 1109 tophum
2507 1028 2534 1085 Ρ

737 1128 865 1193 Hic
896 1145 1047 1194 tunc
1077 1126 1466 1203 Umbricius,
1501 1125 1781 1201 Quando
1810 1126 2078 1203 artibuS,
2108 1126 2343 1213 inquit,
2374 1125 2652 1191 honestis

738 1230 974 1295 Nullus
1001 1230 1067 1294 in
1099 1229 1281 1292 Urbe
1308 1228 1506 1310 locuS,
1536 1226 1714 1291 nulla
1741 1226 2164 1293 emolumenta
2191 1228 2505 1305 laborum,

738 1334 870 1397 Res
897 1330 1084 1396 hodie
1112 1329 1315 1394 minor
1344 1342 1461 1408 est,
1494 1329 1642 1393 here
1672 1352 1866 1415 quam
1896 1329 2046 1405 fuit,
2078 1341 2273 1416 atque
2296 1328 2513 1393 eadem
2545 1353 2683 1393 cras

739 1435 1001 1499 Deteret
1029 1413 1287 1516 exiguis
1306 1430 1586 1517 aliquid:
1634 1429 2049 1516 proponimus
2068 1428 2217 1495 illuc

656 1718 861 1774 pientes,
884 1725 932 1764 et
966 1718 1143 1765 tributa
1175 1719 1420 1780 exigerent
1453 1733 1480 1763 a
1512 1716 1659 1777 sylva,

656 1783 705 1828 b.
725 1796 766 1828 e.
788 1782 992 1836 Judaeis,
1016 1784 1064 1828 in
1083 1785 1218 1844 sylva
1237 1797 1276 1829 s.
1297 1785 1404 1829 luco
1427 1784 1660 1830 Camena-

654 1859 763 1892 rum
810 1848 1154 1898 habitantibus.
1189 1849 1345 1908 iisque
1385 1847 1664 1893 bominibus

653 1913 987 1971 pauperrimis,
1002 1913 1086 1972 qui
1105 1912 1224 1957 nihil
1242 1913 1472 1957 haberent
1491 1918 1663 1969 praeter

654 1974 898 2033 cophinum
914 1974 1202 2035 foennmque,
1225 1989 1282 2023 ac
1304 1988 1446 2021 mane
1468 1988 1531 2020 ex
1553 1977 1662 2020 luco

656 2040 705 2083 in
733 2039 902 2084 Urbem
927 2039 1236 2085 mdicatnm
1250 2040 1662 2098 vaticinatumque

654 2104 893 2159 venirent,
907 2104 1089 2149 similes
1104 2104 1346 2150 hodiernis
1359 2103 1596 2165 AEgyptiis
1613 2109 1661 2148 et

654 2167 887 2213 Bobemis
904 2179 942 2213 s,
968 2167 1211 2227 Zigeunis.
1271 2166 1465 2214 Ordinis
1485 2180 1559 2212 res
1578 2170 1662 2218 est.

657 2237 712 2277 ut
732 2232 999 2292 [Egyptius
1022 2231 1212 2278 Pharao
1230 2232 1410 2278 incedat
1430 2246 1534 2277 cnm
1558 2231 1659 2276 dia-

658 2298 852 2351 demate,
875 2296 1088 2341 Israelita
1121 2309 1224 2341 cum
1256 2296 1464 2354 cophino,
1496 2296 1660 2341 Sidon.

658 2360 813 2419 Epist.
851 2360 964 2406 v11.
1004 2360 1052 2406 6.
1117 2359 1190 2405 Cf.
1212 2361 1300 2406 inf.
1340 2375 1386 2406 v.
1420 2360 1533 2407 296.
1568 2358 1664 2405 VI.

655 2424 767 2472 542.
785 2438 884 2485 seq.
908 2432 957 2471 et
975 2424 1137 2484 Intpp.
1158 2425 1290 2472 Suet.
1318 2425 1501 2471 Domit.
1525 2439 1568 2471 c.
1587 2423 1661 2471 12.

660 2490 906 2549 Cophinus,
945 2490 1128 2550 κὸφινος.
1162 2492 1445 2542 canistrum.
1486 2490 1664 2544 corbis,

655 2567 895 2615 omneque
918 2569 1001 2601 vas
1034 2555 1319 2601 vimineum.
1382 2554 1564 2609 sudaei,
1585 2554 1667 2598 iti-

655 2633 770 2666 nera
782 2619 1012 2666 facientes
1028 2633 1114 2678 per
1127 2621 1382 2678 gentilium
1397 2628 1480 2664 aut
1496 2618 1663 2665 Sama-

656 2686 921 2731 ritanorum
938 2692 1106 2741 terras,
1121 2684 1338 2744 cophinis
1357 2697 1521 2730 secum
1543 2683 1663 2728 fere-

657 2751 771 2795 bant
791 2754 839 2793 et
861 2749 1142 2808 quisquilias
1165 2762 1292 2801 suas,
1317 2756 1367 2793 et
1398 2748 1578 2803 edulia,
1604 2760 1664 2792 ne

654 2813 911 2873 gentilium
934 2814 1052 2857 cibis
1069 2812 1414 2870 polluerentur.
1446 2812 1662 2864 Pernam,

658 2889 755 2935 quo
771 2873 997 2936 jumenta
1029 2888 1117 2920 sua
1150 2876 1342 2921 alebant
1371 2875 1553 2928 Judaei,
1587 2875 1663 2920 vel

658 2940 817 2997 potius
832 2940 1010 2983 durum
1028 2938 1204 2992 cubile,
1219 2940 1382 2997 quoin
1395 2940 1540 2999 sylvis
1559 2952 1660 2997 per·

660 3009 906 3049 noctantes
945 3003 1234 3047 utebantur:
1289 3004 1417 3048 unde
1451 3004 1541 3049 inf.
1574 3004 1665 3050 Vl.

659 3067 770 3113 542.
809 3066 944 3127 soeno
975 3066 1132 3111 πιέσω
1165 3067 1370 3112 Romam
1408 3069 1568 3113 venire
1592 3069 1665 3114 di-

657 3138 836 3178 cuntur
912 3129 1213 3176 mendicandi
1279 3132 1666 3192 vaticinandique

658 3209 816 3241 causa.
902 3196 1081 3240 Contra
1118 3207 1219 3251 eos,
1272 3196 1357 3254 qui
1411 3197 1667 3256 vectigales

658 3260 804 3305 etiam
823 3260 1013 3306 arbores
1030 3258 1195 3310 fuisse,
1209 3273 1267 3304 ex
1281 3260 1329 3303 b.
1348 3260 1382 3302 1.
1396 3261 1666 3319 conligunt,

657 3325 725 3370 ita
763 3325 977 3383 disputat
1015 3323 1185 3368 Burm.
1221 3324 1282 3368 de
1325 3323 1513 3383 Vectig.
1546 3325 1665 3383 Pop.

658 3388 799 3434 Rom.
824 3403 864 3435 c.
888 3389 934 3435 2.
960 3401 1007 3447 p.
1044 3386 1119 3433 15.
1188 3389 1226 3415 ‘⁸
1252 3386 1364 3432 Non
1399 3388 1448 3433 id
1481 3396 1672 3434 senten·

658 3454 741 3500 tiae
785 3460 940 3514 poetae
984 3452 1228 3508 convenit,
1263 3453 1345 3497 sed
1389 3455 1565 3499 melius
1607 3454 1670 3498 ab

660 3519 820 3579 Intpp.
852 3518 913 3563 ad
943 3516 975 3565 J
981 3519 1144 3563 udoeos
1172 3517 1399 3572 refertur,
1420 3519 1505 3577 qui
1540 3517 1667 3563 Urbe

658 3585 845 3641 expulsi
868 3584 1185 3641 vagabantur,
1209 3587 1258 3627 et
1292 3581 1340 3626 in
1375 3583 1523 3642 sylvis
1553 3594 1662 3640 per-

658 3648 932 3699 noctabant,
944 3638 1193 3692 conductis
1209 3646 1474 3699 arboribus,
1487 3646 1664 3706 quibus

657 3716 713 3755 ut
735 3712 918 3756 aedibus
940 3715 989 3754 et
1020 3711 1162 3755 tectis
1194 3711 1469 3764 utebantur,
1492 3716 1543 3757 et
1573 3712 1664 3758 sub

657 3787 862 3833 quarum
887 3774 1057 3818 umbra
1077 3773 1309 3829 latebant,
1332 3782 1381 3820 et
1404 3788 1539 3821 sacra
1552 3788 1661 3834 per-

658 3838 908 3884 ficiebant=
959 3839 1090 3895 quod
1122 3844 1170 3883 et
1205 3850 1266 3882 ex
1301 3851 1414 3885 voce
1449 3838 1668 3888 mercedis

659 3902 821 3961 colligi
841 3906 1020 3960 potest,
1040 3915 1151 3962 quoe
1184 3902 1263 3947 hic
1295 3904 1506 3959 pretium
1539 3902 1665 3950 loca-

655 3967 824 4022 tionis,
845 3978 940 4011 non
965 3967 1219 4022 pecuniam
1241 3978 1327 4022 pro
1350 3964 1571 4024 vectigali
1594 3981 1667 4013 so·

656 4030 811 4076 lutam
835 4035 992 4083 notat,
1015 4030 1075 4073 de
1097 4043 1195 4088 quo
1211 4043 1259 4073 v.
1278 4031 1453 4089 cuper.
1469 4029 1602 4075 Obss.
1627 4031 1668 4078 1.

657 4095 733 4148 17.
758 4099 806 4140 et
830 4095 960 4140 Suet.
985 4091 1106 4139 Caes.
1125 4093 1202 4140 20.
1236 4093 1345 4139 Non
1365 4092 1536 4139 inscite
1551 4107 1663 4142 vero

653 4160 842 4207 Ruben.
877 4157 1082 4204 Elector.
1116 4158 1184 4204 11.
1221 4156 1302 4204 26.
1333 4158 1466 4203 hunc
1501 4158 1661 4207 locum

653 4226 715 4270 ad
736 4224 1018 4269 Judaeorum
1050 4234 1201 4275 sacra,
1224 4236 1335 4280 quae
1367 4221 1418 4267 in
1440 4222 1589 4281 sylvis
1611 4231 1661 4270 et

653 4291 743 4335 snb
764 4287 1013 4332 arboribus
1037 4288 1399 4345 peragebantur,
1426 4288 1589 4343 refert,
1609 4296 1657 4335 et

652 4356 832 4402 Braun.
853 4351 1010 4404 sulcet.
1035 4357 1155 4397 sacr.
1180 4353 1240 4397 de
1275 4352 1582 4399 Sambatheio
1607 4366 1655 4412 p.

1729 1717 1835 1765 775.
1858 1718 1888 1764 J
1896 1720 2057 1764 udaeos
2071 1716 2324 1783 προσευχὰς
2341 1717 2388 1763 in
2408 1716 2544 1768 locis.
2559 1716 2640 1760 ubi
2657 1729 2733 1760 ar-

1728 1784 1864 1827 bores
1896 1790 2055 1839 erant,
2087 1797 2274 1828 amasse
2307 1784 2462 1828 docet.
2530 1779 2672 1829 Quod
2693 1781 2735 1822 si

1727 1860 1895 1892 verum
1919 1849 1999 1900 sit,
2028 1848 2330 1892 referendum
2354 1847 2415 1892 ad
2440 1845 2737 1902 templorum

1727 1911 1975 1970 vectigalia
2009 1913 2189 1970 opima.
2213 1912 2390 1971 quibus
2419 1908 2652 1954 sacrificia
2684 1915 2734 1952 et

1724 1978 1988 2022 sacerdotes
2022 1977 2298 2026 tuebantur.
2321 1974 2448 2020 unde
2481 1980 2531 2017 et
2562 1984 2740 2034 magno.

1723 2039 1928 2085 sacerdos
1947 2039 2121 2085 arboris
2141 2040 2230 2086 inf.
2255 2040 2345 2085 VI.
2366 2035 2518 2086 544⁶„

1794 2103 1867 2150 17.
1901 2103 2208 2150 descendimus
2230 2103 2510 2152 Umbricius
2541 2108 2594 2146 et
2626 2114 2735 2160 ego.

1725 2167 1980 2229 speluncas.
1987 2167 2383 2232 antra,(Grottm)
2399 2165 2645 2212 diesim-'les
2661 2179 2734 2209 uc·

1726 2234 1812 2288 rie,
1829 2234 2126 2279 naturalibus
2140 2247 2195 2279 ac
2210 2232 2531 2292 simplicibus,
2549 2237 2606 2276 ut
2622 2242 2741 2276 mox
2834 2225 2840 2231 ’

1726 2299 1978 2356 ingenuum
1991 2297 2195 2355 tophum.
2228 2296 2303 2344 18.
2320 2295 2505 2350 Quanto
2515 2298 2737 2353 proeston-

1727 2363 1820 2407 tius
1836 2364 1947 2406 esset
1961 2374 2129 2406 numen
2150 2375 2303 2421 aquoe,
2321 2362 2369 2406 h.
2393 2373 2440 2406 e.
2451 2360 2564 2404 fons
2585 2371 2740 2410 sacer.

1730 2432 1783 2472 ut
1803 2436 1909 2484 sup.
1934 2439 1982 2472 v.
2001 2424 2078 2473 13.
2123 2424 2216 2473 Sed
2238 2425 2497 2486 legendum
2518 2424 2738 2470 videtur:

1728 2496 1895 2550 quanto
1924 2492 2205 2549 proesentiue
2242 2490 2420 2554 (magis
2451 2483 2740 2547 propitium)

1726 2560 1837 2600 esset
1847 2567 2017 2600 atamen
2026 2568 2160 2615 aqua.-
2170 2563 2261 2602 cet.
2285 2553 2458 2602 ceint.
2474 2553 2564 2598 xl.
2584 2551 2739 2598 111--.

1732 2618 1838 2665 117.
1879 2618 2043 2677 ibique
2062 2626 2174 2666 not.
2214 2619 2397 2674 Quanto
2408 2618 2738 2675 prestantem,

1727 2684 1897 2743 purius
1919 2684 2232 2744 suaviusque,
2250 2685 2357 2729 isset
2376 2682 2582 2729 Flumen
2605 2695 2736 2743 σφωε

1729 2748 1917 2793 emend.
1959 2748 2148 2795 Wakef.
2187 2749 2250 2794 ad
2294 2746 2489 2792 Lucret.
2538 2746 2582 2792 1.
2627 2745 2734 2793 231.

1732 2810 1809 2857 19.
1830 2810 1907 2857 20.
1944 2813 2022 2859 ef.
2042 2812 2186 2859 ovid.
2206 2812 2329 2859 Met.
2347 2810 2444 2857 111.
2464 2810 2738 2857 157—162.

1728 2876 1892 2933 viridi,
1932 2877 2202 2936 gramineo,
2242 2877 2477 2932 naar-gine,
2512 2883 2567 2921 ut
2602 2876 2737 2928 olim,

1729 2953 1843 2993 non,
1886 2948 1939 2986 ut
1972 2954 2121 2993 nunc,
2158 2955 2300 2988 muro
2336 2953 2627 2988 marmoreo.
2660 2951 2737 2985 nec

1729 3005 2002 3063 ingenuum,
2040 3007 2332 3061 naturalem,
2376 3002 2597 3063 αὖτιφυὶῖ,
2643 3017 2736 3049 non

1724 3081 1868 3127 opere
1900 3067 1987 3115 aut
2017 3075 2121 3114 arte
2152 3070 2339 3116 factum
2377 3076 2525 3127 atque
2556 3068 2737 3128 expoli-

1729 3139 1857 3190 tum,
1888 3132 2075 3193 tophum
2097 3132 2202 3195 (qui
2224 3134 2344 3193 lapis
2365 3146 2427 3180 ex
2459 3133 2601 3191 aquis
2619 3132 2738 3179 calci

1730 3196 1897 3242 mixtis
1928 3210 1985 3242 ac
2007 3197 2361 3243 destillantibus
2376 3197 2552 3254 oritur,
2572 3197 2742 3250 miras·

1732 3274 1823 3319 que
1866 3274 1994 3319 saepe
2028 3261 2206 3320 figuras
2247 3258 2458 3321 effingit)
2489 3273 2740 3311 marmora,

1729 3331 1832 3370 arte
1868 3325 2041 3384 posita,
2085 3325 2326 3381 violarent,
2367 3326 2740 3372 dedecor-arent:

1736 3402 1849 3436 nam
1872 3403 1950 3434 ars
1986 3395 2208 3435 naturam
2232 3397 2281 3436 et
2313 3390 2586 3435 adscititius
2610 3390 2742 3436 color

1734 3453 1950 3518 nativum
1971 3450 2147 3517 φθείροι,
2167 3453 2457 3512 ωηνωηρίτς
2480 3455 2612 3499 unde
2634 3453 2745 3498 ebur

1729 3522 1852 3562 osu-o
1882 3518 2057 3564 violare
2088 3519 2214 3565 dixit
2237 3519 2368 3576 virg.
2384 3517 2500 3566 AEn.
2519 3518 2593 3563 XI
2599 3518 2643 3566 1.
2660 3518 2741 3568 6⁷.

1729 3589 1779 3627 et
1813 3583 1966 3628 Hom.
1991 3583 2049 3628 11.
2074 3578 2111 3628 ἶ.
2140 3582 2249 3634 141.
2296 3579 2474 3640 μιαίνειν
2514 3579 2742 3643 ilio-wa

1730 3644 1900 3705 φοίνικι.
2265 3681 2268 3686 .

1793 3711 1872 3758 21.
1908 3711 2010 3760 Hic
2041 3715 2151 3757 tunc
2190 3710 2453 3758 Umbricius
2483 3713 2594 3759 haec
2616 3711 2738 3757 mihi

1728 3776 1867 3822 dixit.

1796 3839 2002 3888 21-25.
2038 3840 2223 3887 imitat.
2246 3841 2404 3887 Plaut.
2440 3841 2651 3890 Mercati
2679 3841 2739 3888 V.

1736 3910 1778 3948 l.
1815 3906 1858 3953 7.
1884 3917 1981 3964 seq.
2048 3904 2128 3953 23.
2160 3904 2256 3951 Res
2282 3905 2535 3952 familiaris
2570 3907 2740 3965 probo·

1730 3981 1842 4015 rum
1877 3969 2133 4017 hominum
2166 3967 2299 4015 hodie
2328 3969 2486 4014 minor
2516 3974 2603 4026 est,
2632 3969 2738 4015 Iners

1731 4032 2014 4092 quamfiaite
2050 4047 2163 4081 nam
2195 4040 2323 4078 artes
2342 4033 2629 4093 laboresque
2650 4035 2736 4080 bo·-

1728 4097 1854 4143 nesti
1868 4097 2041 4144 Romae
2065 4111 2220 4157 neque
2240 4096 2290 4141 in
2304 4098 2487 4144 honore
2509 4112 2566 4145 ac
2583 4099 2738 4158 pretio

1727 4168 1859 4214 sunt,
1881 4175 2034 4221 neque
2051 4160 2306 4208 commoda
2325 4174 2381 4206 ac
2402 4164 2607 4218 praemia
2623 4176 2739 4209 eon-

1726 4232 2009 4285 sequuntur.
2064 4225 2172 4271 lacre
2204 4224 2448 4289 ἄρχαῖκὸς
2501 4232 2553 4272 et
2593 4226 2738 4272 metri

1720 4302 1865 4336 causa
1889 4303 1974 4347 pro
2012 4289 2127 4335 heri.
2193 4292 2404 4347 Deteret,
2426 4291 2640 4348 minuet,
2663 4292 2737 4338 in.-

1723 4355 1925 4404 minuet.
1981 4354 2173 4416 Proprie
2190 4368 2266 4401 res
2288 4355 2540 4402 familiaris
2559 4354 2734 4403 deteri-
