<?xml version="1.0" encoding="UTF-8"?>
<!DOCTYPE html PUBLIC "-//W3C//DTD XHTML 1.0 Transitional//EN"
    "http://www.w3.org/TR/xhtml1/DTD/xhtml1-transitional.dtd">
<html xmlns="http://www.w3.org/1999/xhtml" xml:lang="en" lang="en">
 <head>
  <title>
</title>
<meta http-equiv="Content-Type" content="text/html;charset=utf-8" />
  <meta name='ocr-system' content='tesseract 3.04.00' />
  <meta name='ocr-capabilities' content='ocr_page ocr_carea ocr_par ocr_line ocrx_word'/>
</head>
<body>
  <div class='ocr_page' id='page_1' title='image "./satiraexviadopt00juvegoog_0172.png"; bbox 0 0 2978 4920; ppageno 0'>
   <div class='ocr_carea' id='block_1_1' title="bbox 1081 258 1737 323">
    <p class='ocr_par' dir='ltr' id='par_1_1' title="bbox 1081 258 1737 323">
     <span class='ocr_line' id='line_1_1' title="bbox 1081 258 1737 323; baseline -0.008 -1"><span class='ocrx_word' id='word_1_1' title='bbox 1081 263 1125 322; x_wconf 89' lang='lat' dir='ltr'>S</span> <span class='ocrx_word' id='word_1_2' title='bbox 1146 261 1212 321; x_wconf 95' lang='lat' dir='ltr'>A</span> <span class='ocrx_word' id='word_1_3' title='bbox 1236 260 1355 323; x_wconf 90' lang='lat' dir='ltr'>T·1</span> <span class='ocrx_word' id='word_1_4' title='bbox 1378 258 1525 321; x_wconf 50' lang='lat' dir='ltr'>R‘A</span> <span class='ocrx_word' id='word_1_5' title='bbox 1572 270 1579 274; x_wconf 84' lang='grc'><strong>’</strong></span> <span class='ocrx_word' id='word_1_6' title='bbox 1604 259 1737 319; x_wconf 85' lang='lat' dir='ltr'><strong>VI..</strong></span> 
     </span>
    </p>
   </div>
   <div class='ocr_carea' id='block_1_2' title="bbox 2330 256 2455 341">
    <p class='ocr_par' dir='ltr' id='par_1_2' title="bbox 2330 256 2455 341">
     <span class='ocr_line' id='line_1_2' title="bbox 2330 256 2455 341; baseline 0.008 -23"><span class='ocrx_word' id='word_1_7' title='bbox 2330 256 2455 341; x_wconf 71' lang='lat'>117</span> 
     </span>
    </p>
   </div>
   <div class='ocr_carea' id='block_1_3' title="bbox 450 426 2534 819">
    <p class='ocr_par' dir='ltr' id='par_1_3' title="bbox 450 426 2534 819">
     <span class='ocr_line' id='line_1_3' title="bbox 451 426 2534 516; baseline -0.003 -20"><span class='ocrx_word' id='word_1_8' title='bbox 451 437 608 511; x_wconf 85' lang='lat' dir='ltr'>Quae</span> <span class='ocrx_word' id='word_1_9' title='bbox 632 432 949 496; x_wconf 88' lang='lat' dir='ltr'>moechum</span> <span class='ocrx_word' id='word_1_10' title='bbox 973 429 1287 516; x_wconf 89' lang='lat' dir='ltr'>sequitur,</span> <span class='ocrx_word' id='word_1_11' title='bbox 1307 428 1631 493; x_wconf 78' lang='lat' dir='ltr'><strong>stomacho</strong></span> <span class='ocrx_word' id='word_1_12' title='bbox 1648 426 1834 491; x_wconf 85' lang='lat' dir='ltr'>valet.</span> <span class='ocrx_word' id='word_1_13' title='bbox 1866 427 1977 490; x_wconf 85' lang='lat' dir='ltr'>illa</span> <span class='ocrx_word' id='word_1_14' title='bbox 1996 428 2296 495; x_wconf 74' lang='lat' dir='ltr'>maritum</span> <span class='ocrx_word' id='word_1_15' title='bbox 2327 429 2455 491; x_wconf 85' lang='grc'>100</span> <span class='ocrx_word' id='word_1_16' title='bbox 2520 428 2534 441; x_wconf 59' lang='grc'>“</span> 
     </span>
     <span class='ocr_line' id='line_1_4' title="bbox 451 528 2151 615; baseline -0.003 -17"><span class='ocrx_word' id='word_1_17' title='bbox 451 533 814 598; x_wconf 89' lang='lat' dir='ltr'>Convomit:</span> <span class='ocrx_word' id='word_1_18' title='bbox 863 532 999 596; x_wconf 83' lang='lat' dir='ltr'>haec</span> <span class='ocrx_word' id='word_1_19' title='bbox 1022 532 1186 596; x_wconf 90' lang='lat' dir='ltr'>inter</span> <span class='ocrx_word' id='word_1_20' title='bbox 1215 542 1442 595; x_wconf 83' lang='lat' dir='ltr'><strong>nautas</strong></span> <span class='ocrx_word' id='word_1_21' title='bbox 1471 541 1537 593; x_wconf 88' lang='lat' dir='ltr'>et</span> <span class='ocrx_word' id='word_1_22' title='bbox 1567 528 1859 615; x_wconf 87' lang='lat' dir='ltr'><strong>prandet,</strong></span> <span class='ocrx_word' id='word_1_23' title='bbox 1890 540 1954 592; x_wconf 90' lang='lat' dir='ltr'>et</span> <span class='ocrx_word' id='word_1_24' title='bbox 1984 542 2151 594; x_wconf 85' lang='lat' dir='ltr'>errat</span> 
     </span>
     <span class='ocr_line' id='line_1_5' title="bbox 451 630 2150 721; baseline -0.002 -23"><span class='ocrx_word' id='word_1_25' title='bbox 451 637 575 698; x_wconf 88' lang='lat' dir='ltr'>Per</span> <span class='ocrx_word' id='word_1_26' title='bbox 604 656 912 721; x_wconf 87' lang='lat' dir='ltr'>puppem,</span> <span class='ocrx_word' id='word_1_27' title='bbox 945 645 1009 699; x_wconf 90' lang='lat' dir='ltr'>et</span> <span class='ocrx_word' id='word_1_28' title='bbox 1040 633 1235 697; x_wconf 88' lang='lat' dir='ltr'>duros</span> <span class='ocrx_word' id='word_1_29' title='bbox 1262 631 1504 718; x_wconf 88' lang='lat' dir='ltr'>gaudet</span> <span class='ocrx_word' id='word_1_30' title='bbox 1533 642 1804 695; x_wconf 90' lang='lat' dir='ltr'>tractare</span> <span class='ocrx_word' id='word_1_31' title='bbox 1833 630 2150 695; x_wconf 88' lang='lat' dir='ltr'>rudentes.</span> 
     </span>
     <span class='ocr_line' id='line_1_6' title="bbox 450 733 2137 819; baseline -0.003 -19"><span class='ocrx_word' id='word_1_32' title='bbox 450 740 593 814; x_wconf 85' lang='lat' dir='ltr'>Qua</span> <span class='ocrx_word' id='word_1_33' title='bbox 621 738 832 800; x_wconf 82' lang='lat' dir='ltr'>tamen</span> <span class='ocrx_word' id='word_1_34' title='bbox 862 734 1097 799; x_wconf 84' lang='lat' dir='ltr'>exarsit</span> <span class='ocrx_word' id='word_1_35' title='bbox 1119 735 1347 809; x_wconf 86' lang='lat' dir='ltr'>forma,</span> <span class='ocrx_word' id='word_1_36' title='bbox 1378 757 1510 819; x_wconf 91' lang='lat' dir='ltr'>qua</span> <span class='ocrx_word' id='word_1_37' title='bbox 1539 744 1726 819; x_wconf 88' lang='lat' dir='ltr'>capta</span> <span class='ocrx_word' id='word_1_38' title='bbox 1745 733 2015 817; x_wconf 85' lang='lat' dir='ltr'>juventa</span> <span class='ocrx_word' id='word_1_39' title='bbox 2043 744 2137 796; x_wconf 87' lang='lat' dir='ltr'>est</span> 
     </span>
    </p>
   </div>
   <div class='ocr_carea' id='block_1_4' title="bbox 444 833 2058 1127">
    <p class='ocr_par' dir='ltr' id='par_1_4' title="bbox 444 833 2058 1127">
     <span class='ocr_line' id='line_1_7' title="bbox 452 833 2058 924; baseline -0.001 -25"><span class='ocrx_word' id='word_1_40' title='bbox 452 836 738 924; x_wconf 86' lang='lat' dir='ltr'>Hippia?</span> <span class='ocrx_word' id='word_1_41' title='bbox 784 836 945 922; x_wconf 92' lang='lat' dir='ltr'>quid</span> <span class='ocrx_word' id='word_1_42' title='bbox 975 836 1160 914; x_wconf 87' lang='lat' dir='ltr'>vidit,</span> <span class='ocrx_word' id='word_1_43' title='bbox 1191 848 1452 923; x_wconf 88' lang='lat' dir='ltr'>propter</span> <span class='ocrx_word' id='word_1_44' title='bbox 1483 834 1661 920; x_wconf 92' lang='lat' dir='ltr'>quod</span> <span class='ocrx_word' id='word_1_45' title='bbox 1693 833 1906 897; x_wconf 81' lang='lat' dir='ltr'>Ludia</span> <span class='ocrx_word' id='word_1_46' title='bbox 1934 834 2058 898; x_wconf 82' lang='lat' dir='ltr'>dici</span> 
     </span>
     <span class='ocr_line' id='line_1_8' title="bbox 449 936 2026 1024; baseline -0.002 -21"><span class='ocrx_word' id='word_1_47' title='bbox 449 939 809 1004; x_wconf 79' lang='lat' dir='ltr'>Sustinuit?</span> <span class='ocrx_word' id='word_1_48' title='bbox 855 962 1002 1003; x_wconf 89' lang='lat' dir='ltr'>nam</span> <span class='ocrx_word' id='word_1_49' title='bbox 1036 938 1358 1024; x_wconf 88' lang='lat' dir='ltr'>Sergiolus</span> <span class='ocrx_word' id='word_1_50' title='bbox 1378 938 1516 1023; x_wconf 83' lang='lat' dir='ltr'>jam</span> <span class='ocrx_word' id='word_1_51' title='bbox 1544 936 1764 1000; x_wconf 91' lang='lat' dir='ltr'>radere</span> <span class='ocrx_word' id='word_1_52' title='bbox 1796 949 2026 1022; x_wconf 83' lang='lat' dir='ltr'>guttur</span> 
     </span>
     <span class='ocr_line' id='line_1_9' title="bbox 444 1037 1943 1127; baseline -0.003 -23"><span class='ocrx_word' id='word_1_53' title='bbox 444 1043 765 1127; x_wconf 83' lang='lat' dir='ltr'>Coeperat,</span> <span class='ocrx_word' id='word_1_54' title='bbox 797 1051 860 1104; x_wconf 91' lang='lat' dir='ltr'>et</span> <span class='ocrx_word' id='word_1_55' title='bbox 893 1052 1064 1104; x_wconf 91' lang='lat' dir='ltr'>secto</span> <span class='ocrx_word' id='word_1_56' title='bbox 1094 1039 1382 1125; x_wconf 90' lang='lat' dir='ltr'>requiem</span> <span class='ocrx_word' id='word_1_57' title='bbox 1413 1060 1664 1124; x_wconf 90' lang='lat' dir='ltr'>sperare</span> <span class='ocrx_word' id='word_1_58' title='bbox 1693 1037 1943 1102; x_wconf 88' lang='lat' dir='ltr'>lacert0.</span> 
     </span>
    </p>
   </div>
   <div class='ocr_carea' id='block_1_5' title="bbox 2330 941 2451 1004">
    <p class='ocr_par' dir='ltr' id='par_1_5' title="bbox 2330 941 2451 1004">
     <span class='ocr_line' id='line_1_10' title="bbox 2330 941 2451 1004; baseline 0.008 -1"><span class='ocrx_word' id='word_1_59' title='bbox 2330 941 2451 1004; x_wconf 89' lang='grc'>105</span> 
     </span>
    </p>
   </div>
   <div class='ocr_carea' id='block_1_6' title="bbox 446 1138 2083 1427">
    <p class='ocr_par' dir='ltr' id='par_1_6' title="bbox 446 1138 2083 1427">
     <span class='ocr_line' id='line_1_11' title="bbox 448 1138 1864 1212; baseline -0.001 -8"><span class='ocrx_word' id='word_1_60' title='bbox 448 1142 769 1204; x_wconf 77' lang='lat' dir='ltr'>Praeterea</span> <span class='ocrx_word' id='word_1_61' title='bbox 797 1140 1004 1204; x_wconf 83' lang='lat' dir='ltr'>multa</span> <span class='ocrx_word' id='word_1_62' title='bbox 1031 1140 1096 1203; x_wconf 90' lang='lat' dir='ltr'>in</span> <span class='ocrx_word' id='word_1_63' title='bbox 1125 1140 1288 1203; x_wconf 85' lang='lat' dir='ltr'>facie</span> <span class='ocrx_word' id='word_1_64' title='bbox 1318 1138 1652 1212; x_wconf 80' lang='lat' dir='ltr'>deformia3</span> <span class='ocrx_word' id='word_1_65' title='bbox 1703 1138 1864 1202; x_wconf 91' lang='lat' dir='ltr'>sicut</span> 
     </span>
     <span class='ocr_line' id='line_1_12' title="bbox 448 1238 1998 1328; baseline 0 -26"><span class='ocrx_word' id='word_1_66' title='bbox 448 1239 754 1305; x_wconf 89' lang='lat' dir='ltr'>Adtritus</span> <span class='ocrx_word' id='word_1_67' title='bbox 783 1240 987 1328; x_wconf 82' lang='lat' dir='ltr'>galea,</span> <span class='ocrx_word' id='word_1_68' title='bbox 1011 1240 1361 1324; x_wconf 88' lang='lat' dir='ltr'>mediisque</span> <span class='ocrx_word' id='word_1_69' title='bbox 1392 1238 1458 1302; x_wconf 85' lang='lat' dir='ltr'>in</span> <span class='ocrx_word' id='word_1_70' title='bbox 1488 1239 1748 1303; x_wconf 91' lang='lat' dir='ltr'>naribus</span> <span class='ocrx_word' id='word_1_71' title='bbox 1778 1238 1998 1325; x_wconf 86' lang='lat' dir='ltr'>ingens</span> 
     </span>
     <span class='ocr_line' id='line_1_13' title="bbox 446 1341 2083 1427; baseline -0.001 -21"><span class='ocrx_word' id='word_1_72' title='bbox 446 1343 720 1421; x_wconf 86' lang='lat' dir='ltr'>Gibbus‚</span> <span class='ocrx_word' id='word_1_73' title='bbox 752 1356 814 1408; x_wconf 89' lang='lat' dir='ltr'>et</span> <span class='ocrx_word' id='word_1_74' title='bbox 848 1366 990 1408; x_wconf 90' lang='lat' dir='ltr'>acre</span> <span class='ocrx_word' id='word_1_75' title='bbox 1021 1342 1259 1407; x_wconf 89' lang='lat' dir='ltr'>malum</span> <span class='ocrx_word' id='word_1_76' title='bbox 1291 1363 1535 1426; x_wconf 86' lang='lat' dir='ltr'>semper</span> <span class='ocrx_word' id='word_1_77' title='bbox 1565 1341 1855 1427; x_wconf 80' lang='lat' dir='ltr'>stillantis</span> <span class='ocrx_word' id='word_1_78' title='bbox 1884 1342 2083 1407; x_wconf 84' lang='lat' dir='ltr'>ocelli.</span> 
     </span>
    </p>
   </div>
   <div class='ocr_carea' id='block_1_7' title="bbox 441 1443 2074 1530">
    <p class='ocr_par' dir='ltr' id='par_1_7' title="bbox 441 1443 2074 1530">
     <span class='ocr_line' id='line_1_14' title="bbox 441 1443 2074 1530; baseline 0.001 -23"><span class='ocrx_word' id='word_1_79' title='bbox 441 1443 565 1508; x_wconf 90' lang='lat' dir='ltr'>Sed</span> <span class='ocrx_word' id='word_1_80' title='bbox 591 1444 907 1530; x_wconf 88' lang='lat' dir='ltr'>gladiator</span> <span class='ocrx_word' id='word_1_81' title='bbox 936 1457 1088 1509; x_wconf 88' lang='lat' dir='ltr'>erat.</span> <span class='ocrx_word' id='word_1_82' title='bbox 1133 1444 1287 1508; x_wconf 85' lang='lat' dir='ltr'>facit</span> <span class='ocrx_word' id='word_1_83' title='bbox 1316 1443 1436 1506; x_wconf 91' lang='lat' dir='ltr'>hoc</span> <span class='ocrx_word' id='word_1_84' title='bbox 1464 1443 1607 1507; x_wconf 91' lang='lat' dir='ltr'>illos</span> <span class='ocrx_word' id='word_1_85' title='bbox 1640 1444 2074 1530; x_wconf 87' lang='lat' dir='ltr'>Hyacinthos:</span> 
     </span>
    </p>
   </div>
   <div class='ocr_carea' id='block_1_8' title="bbox 345 1706 1364 2280">
    <p class='ocr_par' dir='ltr' id='par_1_8' title="bbox 347 1706 1364 1881">
     <span class='ocr_line' id='line_1_15' title="bbox 349 1706 1364 1766; baseline -0.002 -14"><span class='ocrx_word' id='word_1_86' title='bbox 349 1707 605 1752; x_wconf 87' lang='lat' dir='ltr'>oculorum</span> <span class='ocrx_word' id='word_1_87' title='bbox 646 1707 911 1765; x_wconf 86' lang='lat' dir='ltr'>animique,</span> <span class='ocrx_word' id='word_1_88' title='bbox 946 1721 1057 1766; x_wconf 84' lang='lat' dir='ltr'>quoe</span> <span class='ocrx_word' id='word_1_89' title='bbox 1101 1706 1261 1762; x_wconf 74' lang='lat' dir='ltr'>faciat,</span> <span class='ocrx_word' id='word_1_90' title='bbox 1309 1711 1364 1751; x_wconf 90' lang='lat' dir='ltr'>ut</span> 
     </span>
     <span class='ocr_line' id='line_1_16' title="bbox 347 1768 1364 1831; baseline -0.001 -16"><span class='ocrx_word' id='word_1_91' title='bbox 347 1771 528 1818; x_wconf 83' lang='lat' dir='ltr'>coelum</span> <span class='ocrx_word' id='word_1_92' title='bbox 550 1773 671 1815; x_wconf 86' lang='lat' dir='ltr'>verti</span> <span class='ocrx_word' id='word_1_93' title='bbox 693 1784 981 1830; x_wconf 87' lang='lat' dir='ltr'>summaque</span> <span class='ocrx_word' id='word_1_94' title='bbox 1003 1768 1108 1831; x_wconf 88' lang='lat' dir='ltr'>ejus</span> <span class='ocrx_word' id='word_1_95' title='bbox 1131 1784 1241 1830; x_wconf 89' lang='lat' dir='ltr'>pars</span> <span class='ocrx_word' id='word_1_96' title='bbox 1265 1771 1364 1815; x_wconf 91' lang='lat' dir='ltr'>ima</span> 
     </span>
     <span class='ocr_line' id='line_1_17' title="bbox 351 1831 845 1881; baseline -0.002 -1"><span class='ocrx_word' id='word_1_97' title='bbox 351 1835 458 1880; x_wconf 81' lang='lat' dir='ltr'>fieri</span> <span class='ocrx_word' id='word_1_98' title='bbox 481 1835 569 1880; x_wconf 87' lang='lat' dir='ltr'>sibi</span> <span class='ocrx_word' id='word_1_99' title='bbox 589 1831 845 1881; x_wconf 80' lang='lat' dir='ltr'>videatur.‘</span> 
     </span>
    </p>

    <p class='ocr_par' dir='ltr' id='par_1_9' title="bbox 345 1898 1364 2280">
     <span class='ocr_line' id='line_1_18' title="bbox 419 1898 1364 1958; baseline 0 -15"><span class='ocrx_word' id='word_1_100' title='bbox 419 1898 526 1945; x_wconf 90' lang='lat'><strong>100.</strong></span> <span class='ocrx_word' id='word_1_101' title='bbox 560 1900 743 1958; x_wconf 86' lang='lat' dir='ltr'>Hippia</span> <span class='ocrx_word' id='word_1_102' title='bbox 764 1900 993 1946; x_wconf 78' lang='lat' dir='ltr'>stomacho</span> <span class='ocrx_word' id='word_1_103' title='bbox 1015 1901 1149 1954; x_wconf 84' lang='lat' dir='ltr'>valet,</span> <span class='ocrx_word' id='word_1_104' title='bbox 1172 1913 1268 1944; x_wconf 87' lang='lat' dir='ltr'>non</span> <span class='ocrx_word' id='word_1_105' title='bbox 1295 1899 1364 1944; x_wconf 87' lang='lat' dir='ltr'>la-</span> 
     </span>
     <span class='ocr_line' id='line_1_19' title="bbox 347 1964 1363 2023; baseline 0 -15"><span class='ocrx_word' id='word_1_106' title='bbox 347 1965 490 2008; x_wconf 88' lang='lat' dir='ltr'>borat</span> <span class='ocrx_word' id='word_1_107' title='bbox 512 1965 775 2011; x_wconf 80' lang='lat' dir='ltr'>vomitione</span> <span class='ocrx_word' id='word_1_108' title='bbox 797 1965 873 2009; x_wconf 90' lang='lat' dir='ltr'>vel</span> <span class='ocrx_word' id='word_1_109' title='bbox 898 1977 1092 2017; x_wconf 85' lang='lat' dir='ltr'>nausea,</span> <span class='ocrx_word' id='word_1_110' title='bbox 1112 1977 1223 2023; x_wconf 85' lang='lat' dir='ltr'>quae</span> <span class='ocrx_word' id='word_1_111' title='bbox 1248 1964 1363 2008; x_wconf 88' lang='lat' dir='ltr'>viris</span> 
     </span>
     <span class='ocr_line' id='line_1_20' title="bbox 348 2028 1361 2087; baseline -0.002 -14"><span class='ocrx_word' id='word_1_112' title='bbox 348 2028 499 2073; x_wconf 85' lang='lat' dir='ltr'>etiam</span> <span class='ocrx_word' id='word_1_113' title='bbox 549 2029 890 2087; x_wconf 85' lang='lat' dir='ltr'>navigantibus</span> <span class='ocrx_word' id='word_1_114' title='bbox 945 2032 1170 2086; x_wconf 86' lang='lat' dir='ltr'>obrepere</span> <span class='ocrx_word' id='word_1_115' title='bbox 1224 2029 1361 2073; x_wconf 87' lang='lat' dir='ltr'>solet.</span> 
     </span>
     <span class='ocr_line' id='line_1_21' title="bbox 347 2088 1363 2153; baseline -0.002 -15"><span class='ocrx_word' id='word_1_116' title='bbox 347 2092 445 2138; x_wconf 80' lang='lat' dir='ltr'>Illa</span> <span class='ocrx_word' id='word_1_117' title='bbox 463 2093 655 2147; x_wconf 86' lang='lat' dir='ltr'>mulier,</span> <span class='ocrx_word' id='word_1_118' title='bbox 670 2107 781 2151; x_wconf 85' lang='lat' dir='ltr'>quae</span> <span class='ocrx_word' id='word_1_119' title='bbox 798 2092 951 2138; x_wconf 87' lang='lat' dir='ltr'>invita</span> <span class='ocrx_word' id='word_1_120' title='bbox 972 2100 1019 2137; x_wconf 89' lang='lat' dir='ltr'>et</span> <span class='ocrx_word' id='word_1_121' title='bbox 1030 2088 1171 2152; x_wconf 77' lang='lat' dir='ltr'>jussu</span> <span class='ocrx_word' id='word_1_122' title='bbox 1196 2089 1363 2153; x_wconf 86' lang='lat' dir='ltr'>conju-</span> 
     </span>
     <span class='ocr_line' id='line_1_22' title="bbox 345 2157 1359 2217; baseline 0.001 -18"><span class='ocrx_word' id='word_1_123' title='bbox 345 2157 424 2214; x_wconf 80' lang='lat' dir='ltr'>gis</span> <span class='ocrx_word' id='word_1_124' title='bbox 447 2159 661 2217; x_wconf 82' lang='lat' dir='ltr'>navigat,</span> <span class='ocrx_word' id='word_1_125' title='bbox 686 2170 924 2203; x_wconf 88' lang='lat' dir='ltr'>nauseans</span> <span class='ocrx_word' id='word_1_126' title='bbox 948 2158 1173 2202; x_wconf 77' lang='lat' dir='ltr'>maritum</span> <span class='ocrx_word' id='word_1_127' title='bbox 1199 2168 1359 2201; x_wconf 80' lang='lat' dir='ltr'>convo-</span> 
     </span>
     <span class='ocr_line' id='line_1_23' title="bbox 345 2219 1361 2280; baseline -0.001 -14"><span class='ocrx_word' id='word_1_128' title='bbox 345 2222 457 2277; x_wconf 73' lang='lat' dir='ltr'>mit,</span> <span class='ocrx_word' id='word_1_129' title='bbox 499 2223 687 2267; x_wconf 86' lang='lat' dir='ltr'>vomitu</span> <span class='ocrx_word' id='word_1_130' title='bbox 732 2231 1034 2280; x_wconf 85' lang='lat' dir='ltr'>conspurcat.</span> <span class='ocrx_word' id='word_1_131' title='bbox 1100 2219 1216 2276; x_wconf 78' lang='lat' dir='ltr'>haec,</span> <span class='ocrx_word' id='word_1_132' title='bbox 1253 2235 1361 2278; x_wconf 83' lang='lat' dir='ltr'>quae</span> 
     </span>
    </p>
   </div>
   <div class='ocr_carea' id='block_1_9' title="bbox 2314 1452 2438 1513">
    <p class='ocr_par' dir='ltr' id='par_1_10' title="bbox 2314 1452 2438 1513">
     <span class='ocr_line' id='line_1_24' title="bbox 2314 1452 2438 1513; baseline -0.008 0"><span class='ocrx_word' id='word_1_133' title='bbox 2314 1452 2438 1513; x_wconf 90' lang='lat'>110</span> 
     </span>
    </p>
   </div>
   <div class='ocr_carea' id='block_1_10' title="bbox 1426 1694 2447 2283">
    <p class='ocr_par' dir='ltr' id='par_1_11' title="bbox 1426 1694 2447 2283">
     <span class='ocr_line' id='line_1_25' title="bbox 1429 1694 2445 1781; baseline 0.002 -29"><span class='ocrx_word' id='word_1_134' title='bbox 1429 1702 1596 1770; x_wconf 70' lang='lat' dir='ltr'>xsa&#39;guv,</span> <span class='ocrx_word' id='word_1_135' title='bbox 1621 1707 1694 1752; x_wconf 88' lang='lat' dir='ltr'>vel</span> <span class='ocrx_word' id='word_1_136' title='bbox 1720 1707 1863 1781; x_wconf 83' lang='lat' dir='ltr'>paulo</span> <span class='ocrx_word' id='word_1_137' title='bbox 1884 1707 2122 1766; x_wconf 86' lang='lat' dir='ltr'>longiusa</span> <span class='ocrx_word' id='word_1_138' title='bbox 2143 1716 2272 1760; x_wconf 82' lang='lat' dir='ltr'>cute,</span> <span class='ocrx_word' id='word_1_139' title='bbox 2297 1694 2445 1754; x_wconf 72' lang='lat' dir='ltr'>inter·</span> 
     </span>
     <span class='ocr_line' id='line_1_26' title="bbox 1429 1772 2447 1831; baseline 0.004 -18"><span class='ocrx_word' id='word_1_140' title='bbox 1429 1772 1586 1828; x_wconf 73' lang='lat' dir='ltr'>posito</span> <span class='ocrx_word' id='word_1_141' title='bbox 1608 1772 1817 1830; x_wconf 88' lang='lat' dir='ltr'>pectine,</span> <span class='ocrx_word' id='word_1_142' title='bbox 1837 1773 1967 1828; x_wconf 91' lang='lat' dir='ltr'>quod</span> <span class='ocrx_word' id='word_1_143' title='bbox 1989 1785 2150 1831; x_wconf 90' lang='lat' dir='ltr'>propr.</span> <span class='ocrx_word' id='word_1_144' title='bbox 2167 1779 2240 1817; x_wconf 85' lang='lat' dir='ltr'>est</span> <span class='ocrx_word' id='word_1_145' title='bbox 2264 1773 2447 1817; x_wconf 74' lang='lat' dir='ltr'>tondere</span> 
     </span>
     <span class='ocr_line' id='line_1_27' title="bbox 1428 1834 2444 1896; baseline 0.004 -18"><span class='ocrx_word' id='word_1_146' title='bbox 1428 1842 1477 1880; x_wconf 85' lang='lat' dir='ltr'>et</span> <span class='ocrx_word' id='word_1_147' title='bbox 1497 1836 1581 1881; x_wconf 82' lang='lat' dir='ltr'>Gr.</span> <span class='ocrx_word' id='word_1_148' title='bbox 1600 1835 1754 1887; x_wconf 60' lang='grc' dir='ltr'><strong>κῆτος.</strong></span> <span class='ocrx_word' id='word_1_149' title='bbox 1781 1836 1856 1880; x_wconf 83' lang='lat' dir='ltr'><strong>Cf.</strong></span> <span class='ocrx_word' id='word_1_150' title='bbox 1874 1834 2031 1880; x_wconf 84' lang='lat' dir='ltr'>Plaut.</span> <span class='ocrx_word' id='word_1_151' title='bbox 2054 1839 2194 1896; x_wconf 85' lang='lat' dir='ltr'>Capt.</span> <span class='ocrx_word' id='word_1_152' title='bbox 2215 1837 2282 1882; x_wconf 89' lang='lat'><strong>11.</strong></span> <span class='ocrx_word' id='word_1_153' title='bbox 2303 1838 2346 1883; x_wconf 77' lang='grc'>2.</span> <span class='ocrx_word' id='word_1_154' title='bbox 2365 1837 2444 1882; x_wconf 83' lang='grc'>10.</span> 
     </span>
     <span class='ocr_line' id='line_1_28' title="bbox 1429 1895 2444 1961; baseline 0.003 -18"><span class='ocrx_word' id='word_1_155' title='bbox 1429 1912 1528 1959; x_wconf 83' lang='lat' dir='ltr'>seq.</span> <span class='ocrx_word' id='word_1_156' title='bbox 1561 1902 1674 1946; x_wconf 80' lang='lat' dir='ltr'>Jam</span> <span class='ocrx_word' id='word_1_157' title='bbox 1701 1901 1836 1959; x_wconf 88' lang='lat' dir='ltr'>pueri</span> <span class='ocrx_word' id='word_1_158' title='bbox 1860 1913 1915 1944; x_wconf 90' lang='lat' dir='ltr'>ac</span> <span class='ocrx_word' id='word_1_159' title='bbox 1930 1895 2138 1959; x_wconf 82' lang='lat' dir='ltr'>juvenes</span> <span class='ocrx_word' id='word_1_160' title='bbox 2163 1901 2444 1961; x_wconf 79' lang='lat' dir='ltr'>lanuginem</span> 
     </span>
     <span class='ocr_line' id='line_1_29' title="bbox 1429 1964 2443 2024; baseline 0 -15"><span class='ocrx_word' id='word_1_161' title='bbox 1429 1978 1513 2009; x_wconf 89' lang='lat' dir='ltr'>seu</span> <span class='ocrx_word' id='word_1_162' title='bbox 1527 1965 1778 2010; x_wconf 88' lang='lat' dir='ltr'>barbulam</span> <span class='ocrx_word' id='word_1_163' title='bbox 1802 1964 1993 2011; x_wconf 82' lang='lat' dir='ltr'>alebant</span> <span class='ocrx_word' id='word_1_164' title='bbox 2010 1979 2161 2024; x_wconf 87' lang='lat' dir='ltr'>usque</span> <span class='ocrx_word' id='word_1_165' title='bbox 2174 1968 2233 2011; x_wconf 89' lang='lat' dir='ltr'>ad</span> <span class='ocrx_word' id='word_1_166' title='bbox 2258 1979 2443 2010; x_wconf 87' lang='lat' dir='ltr'>annum</span> 
     </span>
     <span class='ocr_line' id='line_1_30' title="bbox 1428 2028 2444 2088; baseline 0.001 -14"><span class='ocrx_word' id='word_1_167' title='bbox 1428 2031 1584 2074; x_wconf 83' lang='lat' dir='ltr'>aetatis</span> <span class='ocrx_word' id='word_1_168' title='bbox 1622 2028 1773 2073; x_wconf 88' lang='lat' dir='ltr'><strong>XXI.</strong></span> <span class='ocrx_word' id='word_1_169' title='bbox 1809 2039 1906 2086; x_wconf 90' lang='lat' dir='ltr'>quo</span> <span class='ocrx_word' id='word_1_170' title='bbox 1950 2042 2006 2072; x_wconf 87' lang='lat' dir='ltr'>ea</span> <span class='ocrx_word' id='word_1_171' title='bbox 2052 2032 2164 2088; x_wconf 89' lang='lat' dir='ltr'>poni</span> <span class='ocrx_word' id='word_1_172' title='bbox 2213 2044 2307 2074; x_wconf 88' lang='lat' dir='ltr'>non</span> <span class='ocrx_word' id='word_1_173' title='bbox 2341 2030 2444 2075; x_wconf 89' lang='lat' dir='ltr'>sine</span> 
     </span>
     <span class='ocr_line' id='line_1_31' title="bbox 1428 2093 2442 2141; baseline 0.003 -4"><span class='ocrx_word' id='word_1_174' title='bbox 1428 2094 1715 2139; x_wconf 86' lang='lat' dir='ltr'>solennitate</span> <span class='ocrx_word' id='word_1_175' title='bbox 1738 2098 1786 2137; x_wconf 89' lang='lat' dir='ltr'>et</span> <span class='ocrx_word' id='word_1_176' title='bbox 1816 2093 1906 2137; x_wconf 90' lang='lat' dir='ltr'>deo</span> <span class='ocrx_word' id='word_1_177' title='bbox 1939 2094 2082 2138; x_wconf 85' lang='lat' dir='ltr'>alicui</span> <span class='ocrx_word' id='word_1_178' title='bbox 2117 2094 2289 2141; x_wconf 81' lang='lat' dir='ltr'>sacrari</span> <span class='ocrx_word' id='word_1_179' title='bbox 2321 2095 2442 2140; x_wconf 88' lang='lat' dir='ltr'>sole-</span> 
     </span>
     <span class='ocr_line' id='line_1_32' title="bbox 1426 2155 2442 2214; baseline 0.003 -12"><span class='ocrx_word' id='word_1_180' title='bbox 1426 2159 1527 2204; x_wconf 89' lang='lat' dir='ltr'>bat.</span> <span class='ocrx_word' id='word_1_181' title='bbox 1547 2173 1592 2203; x_wconf 90' lang='lat' dir='ltr'><strong>v.</strong></span> <span class='ocrx_word' id='word_1_182' title='bbox 1608 2171 1713 2214; x_wconf 87' lang='lat' dir='ltr'>sup.</span> <span class='ocrx_word' id='word_1_183' title='bbox 1738 2157 1796 2201; x_wconf 89' lang='lat' dir='ltr'>ad</span> <span class='ocrx_word' id='word_1_184' title='bbox 1824 2155 2050 2205; x_wconf 85' lang='lat'><strong>111.186.</strong></span> <span class='ocrx_word' id='word_1_185' title='bbox 2086 2160 2442 2206; x_wconf 81' lang='lat' dir='ltr'>Hincnondum</span> 
     </span>
     <span class='ocr_line' id='line_1_33' title="bbox 1426 2216 2440 2283; baseline 0.001 -17"><span class='ocrx_word' id='word_1_186' title='bbox 1426 2216 1636 2267; x_wconf 79' lang='lat' dir='ltr'>barbatus</span> <span class='ocrx_word' id='word_1_187' title='bbox 1657 2221 1833 2266; x_wconf 86' lang='lat' dir='ltr'>dicitur</span> <span class='ocrx_word' id='word_1_188' title='bbox 1846 2234 1964 2279; x_wconf 89' lang='lat' dir='ltr'>puer</span> <span class='ocrx_word' id='word_1_189' title='bbox 1983 2235 2089 2283; x_wconf 91' lang='lat' dir='ltr'>sup.</span> <span class='ocrx_word' id='word_1_190' title='bbox 2111 2223 2281 2270; x_wconf 87' lang='lat'><strong>15.16.</strong></span> <span class='ocrx_word' id='word_1_191' title='bbox 2305 2223 2440 2268; x_wconf 82' lang='lat' dir='ltr'>barba</span> 
     </span>
    </p>
   </div>
   <div class='ocr_carea' id='block_1_11' title="bbox 344 2280 2438 2360">
    <p class='ocr_par' dir='ltr' id='par_1_12' title="bbox 344 2280 2438 2360">
     <span class='ocr_line' id='line_1_34' title="bbox 344 2280 2438 2360; baseline 0.002 -32"><span class='ocrx_word' id='word_1_192' title='bbox 344 2286 597 2331; x_wconf 83' lang='lat' dir='ltr'>moechum</span> <span class='ocrx_word' id='word_1_193' title='bbox 632 2286 864 2344; x_wconf 85' lang='lat' dir='ltr'>sequitur.</span> <span class='ocrx_word' id='word_1_194' title='bbox 894 2285 1105 2331; x_wconf 76' lang='lat' dir='ltr'>rudentes</span> <span class='ocrx_word' id='word_1_195' title='bbox 1142 2288 1360 2339; x_wconf 79' lang='lat' dir='ltr'>tractare,</span> <span class='ocrx_word' id='word_1_196' title='bbox 1418 2280 1760 2357; x_wconf 40' lang='lat' dir='ltr'>juven-tusinf.</span> <span class='ocrx_word' id='word_1_197' title='bbox 1780 2299 1825 2329; x_wconf 83' lang='lat' dir='ltr'><strong>v.</strong></span> <span class='ocrx_word' id='word_1_198' title='bbox 1849 2284 1959 2331; x_wconf 88' lang='grc'><strong>215.</strong></span> <span class='ocrx_word' id='word_1_199' title='bbox 1985 2285 2174 2348; x_wconf 84' lang='lat' dir='ltr'>(senior,</span> <span class='ocrx_word' id='word_1_200' title='bbox 2192 2289 2322 2360; x_wconf 80' lang='lat' dir='ltr'>qu&#39;us</span> <span class='ocrx_word' id='word_1_201' title='bbox 2335 2288 2438 2332; x_wconf 79' lang='lat' dir='ltr'>Imr-</span> 
     </span>
    </p>
   </div>
   <div class='ocr_carea' id='block_1_12' title="bbox 330 2349 1370 2795">
    <p class='ocr_par' dir='ltr' id='par_1_13' title="bbox 345 2349 706 2395">
     <span class='ocr_line' id='line_1_35' title="bbox 345 2349 706 2395; baseline 0.003 -1"><span class='ocrx_word' id='word_1_202' title='bbox 345 2349 497 2395; x_wconf 84' lang='lat' dir='ltr'>funes</span> <span class='ocrx_word' id='word_1_203' title='bbox 518 2350 706 2395; x_wconf 85' lang='lat' dir='ltr'>ducere·</span> 
     </span>
    </p>

    <p class='ocr_par' dir='ltr' id='par_1_14' title="bbox 330 2412 1370 2795">
     <span class='ocr_line' id='line_1_36' title="bbox 423 2412 1364 2473; baseline -0.002 -15"><span class='ocrx_word' id='word_1_204' title='bbox 423 2412 695 2463; x_wconf 47' lang='lat'><strong>1034-112.</strong></span> <span class='ocrx_word' id='word_1_205' title='bbox 730 2414 911 2473; x_wconf 90' lang='lat' dir='ltr'>Hippia</span> <span class='ocrx_word' id='word_1_206' title='bbox 935 2413 1086 2473; x_wconf 79' lang='lat' dir='ltr'>Sergii</span> <span class='ocrx_word' id='word_1_207' title='bbox 1108 2425 1273 2457; x_wconf 86' lang='lat' dir='ltr'>amore</span> <span class='ocrx_word' id='word_1_208' title='bbox 1287 2426 1364 2457; x_wconf 88' lang='lat' dir='ltr'>ca-</span> 
     </span>
     <span class='ocr_line' id='line_1_37' title="bbox 347 2472 1364 2538; baseline -0.001 -15"><span class='ocrx_word' id='word_1_209' title='bbox 347 2486 435 2538; x_wconf 88' lang='lat' dir='ltr'>pta</span> <span class='ocrx_word' id='word_1_210' title='bbox 460 2485 552 2531; x_wconf 89' lang='lat' dir='ltr'>est,</span> <span class='ocrx_word' id='word_1_211' title='bbox 585 2492 681 2524; x_wconf 89' lang='lat' dir='ltr'>non</span> <span class='ocrx_word' id='word_1_212' title='bbox 716 2481 779 2524; x_wconf 92' lang='lat' dir='ltr'>ob</span> <span class='ocrx_word' id='word_1_213' title='bbox 812 2479 1019 2524; x_wconf 83' lang='lat' dir='ltr'>formam</span> <span class='ocrx_word' id='word_1_214' title='bbox 1055 2484 1102 2522; x_wconf 89' lang='lat' dir='ltr'>et</span> <span class='ocrx_word' id='word_1_215' title='bbox 1129 2472 1364 2536; x_wconf 88' lang='lat' dir='ltr'>juventu-</span> 
     </span>
     <span class='ocr_line' id='line_1_38' title="bbox 343 2535 1366 2603; baseline -0.004 -14"><span class='ocrx_word' id='word_1_216' title='bbox 343 2551 448 2589; x_wconf 85' lang='lat' dir='ltr'>tem</span> <span class='ocrx_word' id='word_1_217' title='bbox 453 2544 600 2600; x_wconf 87' lang='lat' dir='ltr'>‚quod</span> <span class='ocrx_word' id='word_1_218' title='bbox 607 2535 1083 2603; x_wconf 81' lang='lat' dir='ltr'>justiorem‘haberet</span> <span class='ocrx_word' id='word_1_219' title='bbox 1100 2542 1366 2587; x_wconf 83' lang='lat' dir='ltr'>excusatio·</span> 
     </span>
     <span class='ocr_line' id='line_1_39' title="bbox 342 2607 1370 2664; baseline -0.002 -11"><span class='ocrx_word' id='word_1_220' title='bbox 342 2621 480 2663; x_wconf 88' lang='lat' dir='ltr'>nem,</span> <span class='ocrx_word' id='word_1_221' title='bbox 500 2610 635 2659; x_wconf 89' lang='lat' dir='ltr'>(nam</span> <span class='ocrx_word' id='word_1_222' title='bbox 659 2608 890 2656; x_wconf 84' lang='lat' dir='ltr'>deformis</span> <span class='ocrx_word' id='word_1_223' title='bbox 904 2607 983 2651; x_wconf 88' lang='lat' dir='ltr'>ille</span> <span class='ocrx_word' id='word_1_224' title='bbox 997 2612 1070 2651; x_wconf 88' lang='lat' dir='ltr'>est</span> <span class='ocrx_word' id='word_1_225' title='bbox 1080 2613 1129 2651; x_wconf 92' lang='lat' dir='ltr'>et</span> <span class='ocrx_word' id='word_1_226' title='bbox 1147 2613 1370 2664; x_wconf 84' lang='lat' dir='ltr'>provecta</span> 
     </span>
     <span class='ocr_line' id='line_1_40' title="bbox 330 2669 1354 2733; baseline -0.002 -16"><span class='ocrx_word' id='word_1_227' title='bbox 330 2669 444 2733; x_wconf 88' lang='lat' dir='ltr'>jam</span> <span class='ocrx_word' id='word_1_228' title='bbox 467 2669 636 2729; x_wconf 81' lang='lat' dir='ltr'>aetate)</span> <span class='ocrx_word' id='word_1_229' title='bbox 670 2673 755 2718; x_wconf 88' lang='lat' dir='ltr'>sed</span> <span class='ocrx_word' id='word_1_230' title='bbox 784 2672 899 2730; x_wconf 88' lang='lat' dir='ltr'>quia</span> <span class='ocrx_word' id='word_1_231' title='bbox 928 2672 1166 2729; x_wconf 81' lang='lat' dir='ltr'>gladiator</span> <span class='ocrx_word' id='word_1_232' title='bbox 1199 2675 1272 2715; x_wconf 88' lang='lat' dir='ltr'>est</span> <span class='ocrx_word' id='word_1_233' title='bbox 1304 2677 1354 2715; x_wconf 89' lang='lat' dir='ltr'>et</span> 
     </span>
     <span class='ocr_line' id='line_1_41' title="bbox 346 2730 1366 2795; baseline -0.003 -13"><span class='ocrx_word' id='word_1_234' title='bbox 346 2750 487 2782; x_wconf 86' lang='lat' dir='ltr'>arma</span> <span class='ocrx_word' id='word_1_235' title='bbox 509 2741 698 2785; x_wconf 74' lang='lat' dir='ltr'>tractat.</span> <span class='ocrx_word' id='word_1_236' title='bbox 737 2735 914 2782; x_wconf 74' lang='lat' dir='ltr'>exarsit</span> <span class='ocrx_word' id='word_1_237' title='bbox 923 2734 1107 2795; x_wconf 77' lang='lat' dir='ltr'>jbrma,</span> <span class='ocrx_word' id='word_1_238' title='bbox 1130 2748 1175 2780; x_wconf 84' lang='lat' dir='ltr'><strong>v.</strong></span> <span class='ocrx_word' id='word_1_239' title='bbox 1198 2735 1258 2779; x_wconf 87' lang='lat' dir='ltr'>ad</span> <span class='ocrx_word' id='word_1_240' title='bbox 1281 2730 1366 2786; x_wconf 86' lang='lat' dir='ltr'>Sil.</span> 
     </span>
    </p>
   </div>
   <div class='ocr_carea' id='block_1_13' title="bbox 243 2798 1365 2872">
    <p class='ocr_par' dir='ltr' id='par_1_15' title="bbox 243 2798 1365 2872">
     <span class='ocr_line' id='line_1_42' title="bbox 243 2798 1365 2872; baseline -0.001 -26"><span class='ocrx_word' id='word_1_241' title='bbox 243 2851 265 2865; x_wconf 59' lang='lat'><strong>·</strong></span> <span class='ocrx_word' id='word_1_242' title='bbox 346 2801 411 2847; x_wconf 87' lang='lat' dir='ltr'>V.</span> <span class='ocrx_word' id='word_1_243' title='bbox 439 2798 515 2845; x_wconf 87' lang='lat'>15.</span> <span class='ocrx_word' id='word_1_244' title='bbox 545 2799 709 2872; x_wconf 83' lang='lat' dir='ltr'>forma</span> <span class='ocrx_word' id='word_1_245' title='bbox 731 2807 780 2845; x_wconf 90' lang='lat' dir='ltr'>et</span> <span class='ocrx_word' id='word_1_246' title='bbox 800 2802 1000 2861; x_wconf 78' lang='lat' dir='ltr'>juventa</span> <span class='ocrx_word' id='word_1_247' title='bbox 1033 2812 1121 2858; x_wconf 87' lang='lat' dir='ltr'>pro</span> <span class='ocrx_word' id='word_1_248' title='bbox 1149 2800 1365 2845; x_wconf 85' lang='lat' dir='ltr'>formoso</span> 
     </span>
    </p>
   </div>
   <div class='ocr_carea' id='block_1_14' title="bbox 283 2861 1360 4294">
    <p class='ocr_par' dir='ltr' id='par_1_16' title="bbox 341 2861 1357 3105">
     <span class='ocr_line' id='line_1_43' title="bbox 344 2861 1357 2925; baseline -0.002 -14"><span class='ocrx_word' id='word_1_249' title='bbox 344 2865 545 2911; x_wconf 88' lang='lat' dir='ltr'>homine</span> <span class='ocrx_word' id='word_1_250' title='bbox 576 2872 626 2910; x_wconf 89' lang='lat' dir='ltr'>et</span> <span class='ocrx_word' id='word_1_251' title='bbox 649 2861 848 2925; x_wconf 86' lang='lat' dir='ltr'>juvene.</span> <span class='ocrx_word' id='word_1_252' title='bbox 918 2863 1093 2922; x_wconf 59' lang='lat' dir='ltr'>Ludus,</span> <span class='ocrx_word' id='word_1_253' title='bbox 1116 2878 1247 2910; x_wconf 89' lang='lat' dir='ltr'>nunc</span> <span class='ocrx_word' id='word_1_254' title='bbox 1279 2865 1357 2909; x_wconf 88' lang='lat' dir='ltr'>lu-</span> 
     </span>
     <span class='ocr_line' id='line_1_44' title="bbox 342 2928 1357 2989; baseline -0.003 -13"><span class='ocrx_word' id='word_1_255' title='bbox 342 2931 414 2977; x_wconf 88' lang='lat' dir='ltr'>dii</span> <span class='ocrx_word' id='word_1_256' title='bbox 449 2943 591 2985; x_wconf 84' lang='lat' dir='ltr'>uxor,</span> <span class='ocrx_word' id='word_1_257' title='bbox 614 2943 767 2989; x_wconf 89' lang='lat' dir='ltr'>quum</span> <span class='ocrx_word' id='word_1_258' title='bbox 790 2935 932 2975; x_wconf 87' lang='lat' dir='ltr'>antea</span> <span class='ocrx_word' id='word_1_259' title='bbox 954 2928 1196 2974; x_wconf 86' lang='lat' dir='ltr'>Senatoris</span> <span class='ocrx_word' id='word_1_260' title='bbox 1217 2935 1357 2974; x_wconf 87' lang='lat' dir='ltr'>esset.</span> 
     </span>
     <span class='ocr_line' id='line_1_45' title="bbox 341 2991 1358 3053; baseline -0.002 -12"><span class='ocrx_word' id='word_1_261' title='bbox 341 3010 393 3041; x_wconf 85' lang='lat' dir='ltr'><strong>v.</strong></span> <span class='ocrx_word' id='word_1_262' title='bbox 416 3007 522 3053; x_wconf 88' lang='lat' dir='ltr'>sup.</span> <span class='ocrx_word' id='word_1_263' title='bbox 547 2995 607 3040; x_wconf 85' lang='lat' dir='ltr'>ad</span> <span class='ocrx_word' id='word_1_264' title='bbox 640 3008 687 3040; x_wconf 88' lang='lat' dir='ltr'><strong>v.</strong></span> <span class='ocrx_word' id='word_1_265' title='bbox 720 2991 801 3040; x_wconf 85' lang='grc'>82.</span> <span class='ocrx_word' id='word_1_266' title='bbox 832 2993 1071 3050; x_wconf 72' lang='lat' dir='ltr'>sustinuit,</span> <span class='ocrx_word' id='word_1_267' title='bbox 1095 3006 1236 3051; x_wconf 87' lang='lat' dir='ltr'>passa</span> <span class='ocrx_word' id='word_1_268' title='bbox 1268 3000 1358 3048; x_wconf 88' lang='lat' dir='ltr'>est,</span> 
     </span>
     <span class='ocr_line' id='line_1_46' title="bbox 342 3058 726 3105; baseline -0.008 0"><span class='ocrx_word' id='word_1_269' title='bbox 342 3073 445 3105; x_wconf 87' lang='lat' dir='ltr'>non</span> <span class='ocrx_word' id='word_1_270' title='bbox 472 3058 726 3104; x_wconf 88' lang='lat' dir='ltr'>recusavit.</span> 
     </span>
    </p>

    <p class='ocr_par' dir='ltr' id='par_1_17' title="bbox 283 3122 1360 3954">
     <span class='ocr_line' id='line_1_47' title="bbox 412 3122 1359 3183; baseline -0.001 -14"><span class='ocrx_word' id='word_1_271' title='bbox 412 3123 523 3169; x_wconf 83' lang='grc'><strong>105.</strong></span> <span class='ocrx_word' id='word_1_272' title='bbox 536 3122 772 3183; x_wconf 75' lang='lat' dir='ltr'>Sergiolus</span> <span class='ocrx_word' id='word_1_273' title='bbox 783 3122 954 3168; x_wconf 83' lang='lat' dir='ltr'>festive</span> <span class='ocrx_word' id='word_1_274' title='bbox 967 3122 1236 3181; x_wconf 90' lang='lat' dir='ltr'>adpellatur</span> <span class='ocrx_word' id='word_1_275' title='bbox 1251 3122 1359 3168; x_wconf 87' lang='lat' dir='ltr'>Ser·</span> 
     </span>
     <span class='ocr_line' id='line_1_48' title="bbox 331 3186 1359 3261; baseline -0.001 -28"><span class='ocrx_word' id='word_1_276' title='bbox 331 3190 474 3248; x_wconf 75' lang='lat' dir='ltr'>gius,</span> <span class='ocrx_word' id='word_1_277' title='bbox 506 3195 555 3234; x_wconf 85' lang='lat' dir='ltr'>et</span> <span class='ocrx_word' id='word_1_278' title='bbox 584 3186 761 3233; x_wconf 89' lang='lat' dir='ltr'>blando</span> <span class='ocrx_word' id='word_1_279' title='bbox 794 3188 1014 3243; x_wconf 87' lang='lat' dir='ltr'>nomine,</span> <span class='ocrx_word' id='word_1_280' title='bbox 1046 3200 1169 3261; x_wconf 42' lang='lat' dir='ltr'>quon</span> <span class='ocrx_word' id='word_1_281' title='bbox 1176 3187 1359 3246; x_wconf 88' lang='lat' dir='ltr'>Hippia</span> 
     </span>
     <span class='ocr_line' id='line_1_49' title="bbox 341 3249 1359 3315; baseline 0 -17"><span class='ocrx_word' id='word_1_282' title='bbox 341 3268 478 3299; x_wconf 87' lang='lat' dir='ltr'>nunc</span> <span class='ocrx_word' id='word_1_283' title='bbox 520 3252 594 3298; x_wconf 90' lang='lat' dir='ltr'>uti</span> <span class='ocrx_word' id='word_1_284' title='bbox 627 3253 828 3309; x_wconf 80' lang='lat' dir='ltr'>solebat,</span> <span class='ocrx_word' id='word_1_285' title='bbox 865 3253 937 3296; x_wconf 91' lang='lat' dir='ltr'>vel</span> <span class='ocrx_word' id='word_1_286' title='bbox 973 3249 1210 3315; x_wconf 55' lang='lat' dir='ltr'>signaculis,</span> <span class='ocrx_word' id='word_1_287' title='bbox 1245 3253 1359 3310; x_wconf 87' lang='lat' dir='ltr'>quia</span> 
     </span>
     <span class='ocr_line' id='line_1_50' title="bbox 339 3313 1357 3382; baseline 0 -20"><span class='ocrx_word' id='word_1_288' title='bbox 339 3331 441 3363; x_wconf 85' lang='lat' dir='ltr'>non</span> <span class='ocrx_word' id='word_1_289' title='bbox 462 3313 705 3376; x_wconf 86' lang='lat' dir='ltr'>amplius</span> <span class='ocrx_word' id='word_1_290' title='bbox 683 3317 902 3376; x_wconf 85' lang='lat' dir='ltr'>Juveuis</span> <span class='ocrx_word' id='word_1_291' title='bbox 913 3323 1049 3370; x_wconf 78' lang='lat' dir='ltr'>erat.</span> <span class='ocrx_word' id='word_1_292' title='bbox 1084 3329 1197 3361; x_wconf 80' lang='lat' dir='ltr'>nam</span> <span class='ocrx_word' id='word_1_293' title='bbox 1203 3329 1357 3382; x_wconf 81' lang='lat' dir='ltr'>coepe·</span> 
     </span>
     <span class='ocr_line' id='line_1_51' title="bbox 338 3368 1360 3443; baseline -0.002 -16"><span class='ocrx_word' id='word_1_294' title='bbox 338 3387 417 3427; x_wconf 79' lang='lat' dir='ltr'>rat</span> <span class='ocrx_word' id='word_1_295' title='bbox 438 3384 548 3443; x_wconf 84' lang='lat' dir='ltr'>J&#39;am</span> <span class='ocrx_word' id='word_1_296' title='bbox 562 3384 752 3441; x_wconf 77' lang='lat' dir='ltr'>guttur,</span> <span class='ocrx_word' id='word_1_297' title='bbox 777 3386 1020 3437; x_wconf 88' lang='lat' dir='ltr'>mentum,</span> <span class='ocrx_word' id='word_1_298' title='bbox 1043 3368 1259 3432; x_wconf 74' lang='lat' dir='ltr'>barbam,</span> <span class='ocrx_word' id='word_1_299' title='bbox 1282 3394 1360 3425; x_wconf 82' lang='lat' dir='ltr'>ra-</span> 
     </span>
     <span class='ocr_line' id='line_1_52' title="bbox 339 3444 1358 3505; baseline -0.003 -13"><span class='ocrx_word' id='word_1_300' title='bbox 339 3446 471 3502; x_wconf 77' lang='lat' dir='ltr'>dere,</span> <span class='ocrx_word' id='word_1_301' title='bbox 493 3446 624 3505; x_wconf 87' lang='lat' dir='ltr'>quod</span> <span class='ocrx_word' id='word_1_302' title='bbox 645 3444 737 3490; x_wconf 88' lang='lat' dir='ltr'>viri</span> <span class='ocrx_word' id='word_1_303' title='bbox 759 3451 951 3491; x_wconf 89' lang='lat' dir='ltr'>tantum</span> <span class='ocrx_word' id='word_1_304' title='bbox 972 3445 1173 3490; x_wconf 84' lang='lat' dir='ltr'>faciunt.</span> <span class='ocrx_word' id='word_1_305' title='bbox 1231 3444 1358 3494; x_wconf 83' lang='lat' dir='ltr'>Quae</span> 
     </span>
     <span class='ocr_line' id='line_1_53' title="bbox 341 3509 1360 3569; baseline -0.001 -14"><span class='ocrx_word' id='word_1_306' title='bbox 341 3513 489 3557; x_wconf 86' lang='lat' dir='ltr'>verba</span> <span class='ocrx_word' id='word_1_307' title='bbox 526 3522 670 3556; x_wconf 86' lang='lat' dir='ltr'>nemo</span> <span class='ocrx_word' id='word_1_308' title='bbox 702 3510 857 3569; x_wconf 86' lang='lat' dir='ltr'>intpp.</span> <span class='ocrx_word' id='word_1_309' title='bbox 881 3510 1011 3568; x_wconf 90' lang='lat' dir='ltr'>quod</span> <span class='ocrx_word' id='word_1_310' title='bbox 1045 3509 1255 3566; x_wconf 88' lang='lat' dir='ltr'>mireris,</span> <span class='ocrx_word' id='word_1_311' title='bbox 1284 3510 1360 3554; x_wconf 87' lang='lat' dir='ltr'>in-</span> 
     </span>
     <span class='ocr_line' id='line_1_54' title="bbox 343 3575 1355 3632; baseline 0.001 -14"><span class='ocrx_word' id='word_1_312' title='bbox 343 3576 560 3621; x_wconf 76' lang='lat' dir='ltr'>tellexit:</span> <span class='ocrx_word' id='word_1_313' title='bbox 587 3587 758 3632; x_wconf 74' lang='lat' dir='ltr'>‚quare</span> <span class='ocrx_word' id='word_1_314' title='bbox 803 3575 909 3619; x_wconf 79' lang='lat' dir='ltr'>haec</span> <span class='ocrx_word' id='word_1_315' title='bbox 965 3575 1173 3618; x_wconf 87' lang='lat' dir='ltr'>tenenda</span> <span class='ocrx_word' id='word_1_316' title='bbox 1227 3581 1355 3619; x_wconf 88' lang='lat' dir='ltr'>sunt.</span> 
     </span>
     <span class='ocr_line' id='line_1_55' title="bbox 341 3638 1357 3697; baseline -0.002 -12"><span class='ocrx_word' id='word_1_317' title='bbox 341 3638 767 3692; x_wconf 80' lang='lat' dir='ltr'>PrisciRomaniin</span> <span class='ocrx_word' id='word_1_318' title='bbox 774 3639 898 3683; x_wconf 89' lang='lat' dir='ltr'>tonsi</span> <span class='ocrx_word' id='word_1_319' title='bbox 914 3644 1053 3683; x_wconf 86' lang='lat' dir='ltr'>erant</span> <span class='ocrx_word' id='word_1_320' title='bbox 1064 3638 1357 3697; x_wconf 84' lang='lat' dir='ltr'>barbamque</span> 
     </span>
     <span class='ocr_line' id='line_1_56' title="bbox 340 3702 1357 3764; baseline -0.002 -15"><span class='ocrx_word' id='word_1_321' title='bbox 340 3704 539 3764; x_wconf 79' lang='lat' dir='ltr'>alebant</span> <span class='ocrx_word' id='word_1_322' title='bbox 562 3716 716 3761; x_wconf 87' lang='lat' dir='ltr'>usque</span> <span class='ocrx_word' id='word_1_323' title='bbox 736 3703 799 3748; x_wconf 85' lang='lat' dir='ltr'>ad</span> <span class='ocrx_word' id='word_1_324' title='bbox 822 3716 866 3750; x_wconf 88' lang='lat' dir='ltr'>a.</span> <span class='ocrx_word' id='word_1_325' title='bbox 887 3702 945 3749; x_wconf 88' lang='lat' dir='ltr'><strong>U.</strong></span> <span class='ocrx_word' id='word_1_326' title='bbox 964 3702 1017 3748; x_wconf 90' lang='lat' dir='ltr'><strong>C.</strong></span> <span class='ocrx_word' id='word_1_327' title='bbox 1045 3702 1357 3760; x_wconf 87' lang='lat' dir='ltr'>CCCCLIV,</span> 
     </span>
     <span class='ocr_line' id='line_1_57' title="bbox 337 3767 1358 3829; baseline -0.001 -17"><span class='ocrx_word' id='word_1_328' title='bbox 337 3781 441 3829; x_wconf 89' lang='lat' dir='ltr'>quo</span> <span class='ocrx_word' id='word_1_329' title='bbox 463 3769 677 3828; x_wconf 82' lang='lat' dir='ltr'>primum</span> <span class='ocrx_word' id='word_1_330' title='bbox 691 3773 908 3812; x_wconf 86' lang='lat' dir='ltr'>tonsores</span> <span class='ocrx_word' id='word_1_331' title='bbox 931 3768 1139 3813; x_wconf 86' lang='lat' dir='ltr'>Romam</span> <span class='ocrx_word' id='word_1_332' title='bbox 1155 3767 1358 3813; x_wconf 87' lang='lat' dir='ltr'>adduxit</span> 
     </span>
     <span class='ocr_line' id='line_1_58' title="bbox 337 3830 1356 3884; baseline -0.002 -6"><span class='ocrx_word' id='word_1_333' title='bbox 337 3846 371 3878; x_wconf 83' lang='lat' dir='ltr'>e</span> <span class='ocrx_word' id='word_1_334' title='bbox 406 3831 565 3878; x_wconf 87' lang='lat' dir='ltr'>Sicilia</span> <span class='ocrx_word' id='word_1_335' title='bbox 596 3830 656 3877; x_wconf 88' lang='lat' dir='ltr'><strong>P.</strong></span> <span class='ocrx_word' id='word_1_336' title='bbox 684 3831 901 3878; x_wconf 86' lang='lat' dir='ltr'>Ticinius</span> <span class='ocrx_word' id='word_1_337' title='bbox 940 3831 1108 3884; x_wconf 87' lang='lat' dir='ltr'>Meno,</span> <span class='ocrx_word' id='word_1_338' title='bbox 1143 3832 1202 3884; x_wconf 79' lang='lat' dir='ltr'><strong>(f.</strong></span> <span class='ocrx_word' id='word_1_339' title='bbox 1233 3832 1356 3878; x_wconf 87' lang='lat' dir='ltr'>Titi-</span> 
     </span>
     <span class='ocr_line' id='line_1_59' title="bbox 283 3895 1356 3954; baseline 0 -13"><span class='ocrx_word' id='word_1_340' title='bbox 283 3949 286 3950; x_wconf 9' lang='lat'>,</span> <span class='ocrx_word' id='word_1_341' title='bbox 341 3896 457 3941; x_wconf 85' lang='lat' dir='ltr'>nius</span> <span class='ocrx_word' id='word_1_342' title='bbox 481 3896 537 3941; x_wconf 87' lang='lat' dir='ltr'><strong>M</strong></span> <span class='ocrx_word' id='word_1_343' title='bbox 541 3901 667 3952; x_wconf 88' lang='lat' dir='ltr'>aena)</span> <span class='ocrx_word' id='word_1_344' title='bbox 683 3895 810 3941; x_wconf 91' lang='lat' dir='ltr'>unde</span> <span class='ocrx_word' id='word_1_345' title='bbox 827 3897 900 3941; x_wconf 90' lang='lat' dir='ltr'>illi</span> <span class='ocrx_word' id='word_1_346' title='bbox 920 3903 1151 3943; x_wconf 86' lang='lat' dir='ltr'>vocantur</span> <span class='ocrx_word' id='word_1_347' title='bbox 1168 3897 1356 3954; x_wconf 70' lang='lat' dir='ltr'>interni,</span> 
     </span>
    </p>

    <p class='ocr_par' dir='ltr' id='par_1_18' title="bbox 336 3960 1358 4277">
     <span class='ocr_line' id='line_1_60' title="bbox 337 3960 1358 4018; baseline -0.001 -12"><span class='ocrx_word' id='word_1_348' title='bbox 337 3960 522 4007; x_wconf 70' lang='lat' dir='ltr'>barbati</span> <span class='ocrx_word' id='word_1_349' title='bbox 543 3968 592 4005; x_wconf 90' lang='lat' dir='ltr'>et</span> <span class='ocrx_word' id='word_1_350' title='bbox 609 3960 830 4018; x_wconf 75' lang='lat' dir='ltr'>capillati.</span> <span class='ocrx_word' id='word_1_351' title='bbox 868 3960 943 4006; x_wconf 81' lang='lat' dir='ltr'>cf.</span> <span class='ocrx_word' id='word_1_352' title='bbox 966 3962 1028 4006; x_wconf 88' lang='lat' dir='ltr'>ad</span> <span class='ocrx_word' id='word_1_353' title='bbox 1052 3960 1139 4005; x_wconf 88' lang='lat' dir='ltr'><strong>1v.</strong></span> <span class='ocrx_word' id='word_1_354' title='bbox 1164 3960 1271 4006; x_wconf 86' lang='lat'><strong>103.</strong></span> <span class='ocrx_word' id='word_1_355' title='bbox 1297 3962 1358 4008; x_wconf 91' lang='lat' dir='ltr'><strong>V.</strong></span> 
     </span>
     <span class='ocr_line' id='line_1_61' title="bbox 337 4023 1357 4072; baseline -0.001 -1"><span class='ocrx_word' id='word_1_356' title='bbox 337 4025 424 4071; x_wconf 85' lang='lat'><strong>30.</strong></span> <span class='ocrx_word' id='word_1_357' title='bbox 446 4033 497 4070; x_wconf 91' lang='lat' dir='ltr'>et</span> <span class='ocrx_word' id='word_1_358' title='bbox 513 4024 642 4070; x_wconf 89' lang='lat' dir='ltr'>Plin.</span> <span class='ocrx_word' id='word_1_359' title='bbox 665 4023 780 4070; x_wconf 82' lang='lat' dir='ltr'>vn.</span> <span class='ocrx_word' id='word_1_360' title='bbox 802 4025 879 4071; x_wconf 87' lang='lat'><strong>59.</strong></span> <span class='ocrx_word' id='word_1_361' title='bbox 906 4025 1050 4070; x_wconf 83' lang='lat' dir='ltr'>Ratio</span> <span class='ocrx_word' id='word_1_362' title='bbox 1070 4035 1235 4070; x_wconf 86' lang='lat' dir='ltr'>autem</span> <span class='ocrx_word' id='word_1_363' title='bbox 1252 4025 1357 4072; x_wconf 80' lang='lat' dir='ltr'>bar·</span> 
     </span>
     <span class='ocr_line' id='line_1_62' title="bbox 339 4089 1358 4152; baseline 0.003 -18"><span class='ocrx_word' id='word_1_364' title='bbox 339 4089 406 4134; x_wconf 77' lang='lat' dir='ltr'>1&gt;oe</span> <span class='ocrx_word' id='word_1_365' title='bbox 427 4089 662 4135; x_wconf 74' lang='lat' dir='ltr'>tondenda:</span> <span class='ocrx_word' id='word_1_366' title='bbox 680 4104 721 4137; x_wconf 87' lang='lat' dir='ltr'>s.</span> <span class='ocrx_word' id='word_1_367' title='bbox 741 4089 954 4136; x_wconf 73' lang='lat' dir='ltr'>metenda:</span> <span class='ocrx_word' id='word_1_368' title='bbox 974 4092 1110 4152; x_wconf 87' lang='lat' dir='ltr'>(sup.</span> <span class='ocrx_word' id='word_1_369' title='bbox 1116 4090 1208 4135; x_wconf 89' lang='lat'><strong>111.</strong></span> <span class='ocrx_word' id='word_1_370' title='bbox 1227 4089 1358 4148; x_wconf 77' lang='lat'><strong>186.)</strong></span> 
     </span>
     <span class='ocr_line' id='line_1_63' title="bbox 337 4153 1357 4212; baseline 0 -13"><span class='ocrx_word' id='word_1_371' title='bbox 337 4154 524 4212; x_wconf 84' lang='lat' dir='ltr'>duplex</span> <span class='ocrx_word' id='word_1_372' title='bbox 545 4160 668 4208; x_wconf 89' lang='lat' dir='ltr'>erat,</span> <span class='ocrx_word' id='word_1_373' title='bbox 694 4153 770 4198; x_wconf 92' lang='lat' dir='ltr'>vel</span> <span class='ocrx_word' id='word_1_374' title='bbox 793 4154 999 4199; x_wconf 85' lang='lat' dir='ltr'>strictim</span> <span class='ocrx_word' id='word_1_375' title='bbox 1024 4168 1062 4197; x_wconf 87' lang='lat' dir='ltr'>s.</span> <span class='ocrx_word' id='word_1_376' title='bbox 1087 4155 1149 4199; x_wconf 90' lang='lat' dir='ltr'>ad</span> <span class='ocrx_word' id='word_1_377' title='bbox 1171 4161 1357 4211; x_wconf 80' lang='lat' dir='ltr'>cutem,</span> 
     </span>
     <span class='ocr_line' id='line_1_64' title="bbox 336 4217 1354 4294; baseline 0.001 -31"><span class='ocrx_word' id='word_1_378' title='bbox 336 4218 469 4275; x_wconf 84' lang='lat' dir='ltr'>quod</span> <span class='ocrx_word' id='word_1_379' title='bbox 485 4220 675 4294; x_wconf 82' lang='lat' dir='ltr'>proprie</span> <span class='ocrx_word' id='word_1_380' title='bbox 692 4217 850 4263; x_wconf 82' lang='lat' dir='ltr'>radere</span> <span class='ocrx_word' id='word_1_381' title='bbox 866 4218 1060 4274; x_wconf 85' lang='lat' dir='ltr'>dicitur,</span> <span class='ocrx_word' id='word_1_382' title='bbox 1081 4226 1131 4265; x_wconf 89' lang='lat' dir='ltr'>et</span> <span class='ocrx_word' id='word_1_383' title='bbox 1142 4219 1225 4263; x_wconf 89' lang='lat' dir='ltr'>Gr.</span> <span class='ocrx_word' id='word_1_384' title='bbox 1241 4235 1354 4265; x_wconf 71' lang='grc' dir='ltr'>σκα-</span> 
     </span>
    </p>
   </div>
   <div class='ocr_carea' id='block_1_15' title="bbox 1421 2346 2443 4279">
    <p class='ocr_par' dir='ltr' id='par_1_19' title="bbox 1424 2346 2443 2603">
     <span class='ocr_line' id='line_1_65' title="bbox 1428 2346 2443 2426; baseline 0.004 -32"><span class='ocrx_word' id='word_1_385' title='bbox 1428 2349 1548 2404; x_wconf 84' lang='lat' dir='ltr'>bam,</span> <span class='ocrx_word' id='word_1_386' title='bbox 1551 2346 1958 2426; x_wconf 59' lang='lat' dir='ltr'>juventutem,h5</span> <span class='ocrx_word' id='word_1_387' title='bbox 1977 2366 2016 2396; x_wconf 86' lang='lat' dir='ltr'>e.</span> <span class='ocrx_word' id='word_1_388' title='bbox 2029 2366 2172 2424; x_wconf 78' lang='lat' dir='ltr'>quem</span> <span class='ocrx_word' id='word_1_389' title='bbox 2185 2349 2443 2412; x_wconf 86' lang='lat' dir='ltr'>juvenem,</span> 
     </span>
     <span class='ocr_line' id='line_1_66' title="bbox 1428 2412 2438 2477; baseline 0.006 -19"><span class='ocrx_word' id='word_1_390' title='bbox 1428 2417 1511 2458; x_wconf 75' lang='lat' dir='ltr'>tua</span> <span class='ocrx_word' id='word_1_391' title='bbox 1531 2415 1682 2475; x_wconf 75' lang='lat' dir='ltr'>jemna</span> <span class='ocrx_word' id='word_1_392' title='bbox 1705 2412 1845 2467; x_wconf 66' lang='lat' dir='ltr'>vidit,</span> <span class='ocrx_word' id='word_1_393' title='bbox 1869 2415 1954 2472; x_wconf 92' lang='lat' dir='ltr'>qui</span> <span class='ocrx_word' id='word_1_394' title='bbox 1986 2429 2015 2459; x_wconf 85' lang='lat' dir='ltr'>a</span> <span class='ocrx_word' id='word_1_395' title='bbox 2036 2412 2297 2477; x_wconf 85' lang='lat' dir='ltr'>juventute</span> <span class='ocrx_word' id='word_1_396' title='bbox 2329 2423 2438 2464; x_wconf 87' lang='lat' dir='ltr'>tuas</span> 
     </span>
     <span class='ocr_line' id='line_1_67' title="bbox 1431 2475 2441 2538; baseline 0.004 -14"><span class='ocrx_word' id='word_1_397' title='bbox 1431 2480 1560 2524; x_wconf 83' lang='lat' dir='ltr'>aedes</span> <span class='ocrx_word' id='word_1_398' title='bbox 1581 2475 1926 2538; x_wconf 83' lang='lat' dir='ltr'>frequentavit)</span> <span class='ocrx_word' id='word_1_399' title='bbox 1946 2481 2103 2538; x_wconf 75' lang='lat' dir='ltr'>prima</span> <span class='ocrx_word' id='word_1_400' title='bbox 2126 2482 2259 2527; x_wconf 81' lang='lat' dir='ltr'>barba</span> <span class='ocrx_word' id='word_1_401' title='bbox 2285 2482 2441 2528; x_wconf 87' lang='lat' dir='ltr'>iniens</span> 
     </span>
     <span class='ocr_line' id='line_1_68' title="bbox 1424 2538 2442 2615; baseline 0.004 -29"><span class='ocrx_word' id='word_1_402' title='bbox 1424 2538 1634 2615; x_wconf 88' lang='lat' dir='ltr'>juventa</span> <span class='ocrx_word' id='word_1_403' title='bbox 1657 2542 1743 2587; x_wconf 83' lang='lat' dir='ltr'>inf.</span> <span class='ocrx_word' id='word_1_404' title='bbox 1763 2541 1906 2588; x_wconf 90' lang='lat' dir='ltr'><strong>v111.</strong></span> <span class='ocrx_word' id='word_1_405' title='bbox 1930 2543 2039 2590; x_wconf 91' lang='lat'><strong>166.</strong></span> <span class='ocrx_word' id='word_1_406' title='bbox 2071 2545 2244 2590; x_wconf 72' lang='lat' dir='ltr'>barbati</span> <span class='ocrx_word' id='word_1_407' title='bbox 2266 2551 2314 2589; x_wconf 86' lang='lat' dir='ltr'>et</span> <span class='ocrx_word' id='word_1_408' title='bbox 2338 2547 2442 2591; x_wconf 85' lang='lat' dir='ltr'>bar-</span> 
     </span>
    </p>

    <p class='ocr_par' dir='ltr' id='par_1_20' title="bbox 1434 2603 2442 2798">
     <span class='ocr_line' id='line_1_69' title="bbox 1435 2603 2441 2667; baseline 0.006 -16"><span class='ocrx_word' id='word_1_409' title='bbox 1435 2603 1608 2652; x_wconf 72' lang='lat' dir='ltr'>batuli·</span> <span class='ocrx_word' id='word_1_410' title='bbox 1586 2620 1810 2667; x_wconf 87' lang='lat' dir='ltr'>Juvenes,</span> <span class='ocrx_word' id='word_1_411' title='bbox 1824 2606 1908 2665; x_wconf 91' lang='lat' dir='ltr'>qui</span> <span class='ocrx_word' id='word_1_412' title='bbox 1928 2610 2141 2654; x_wconf 86' lang='lat' dir='ltr'>nondum</span> <span class='ocrx_word' id='word_1_413' title='bbox 2159 2611 2441 2666; x_wconf 81' lang='lat' dir='ltr'>lanuginem</span> 
     </span>
     <span class='ocr_line' id='line_1_70' title="bbox 1434 2672 2442 2731; baseline 0.003 -15"><span class='ocrx_word' id='word_1_414' title='bbox 1434 2672 1581 2729; x_wconf 82' lang='lat' dir='ltr'>depos</span> <span class='ocrx_word' id='word_1_415' title='bbox 1584 2685 1696 2717; x_wconf 89' lang='lat' dir='ltr'>uere</span> <span class='ocrx_word' id='word_1_416' title='bbox 1713 2672 1787 2715; x_wconf 90' lang='lat' dir='ltr'>vel</span> <span class='ocrx_word' id='word_1_417' title='bbox 1805 2673 2082 2725; x_wconf 81' lang='lat' dir='ltr'>tondentur,</span> <span class='ocrx_word' id='word_1_418' title='bbox 2102 2674 2187 2718; x_wconf 84' lang='lat' dir='ltr'>inf.</span> <span class='ocrx_word' id='word_1_419' title='bbox 2202 2672 2442 2731; x_wconf 74' lang='lat' dir='ltr'>xl11.56.</span> 
     </span>
     <span class='ocr_line' id='line_1_71' title="bbox 1434 2735 2439 2808; baseline 0.002 -27"><span class='ocrx_word' id='word_1_420' title='bbox 1434 2736 1583 2808; x_wconf 71' lang='lat' dir='ltr'>Hanc</span> <span class='ocrx_word' id='word_1_421' title='bbox 1614 2749 1728 2781; x_wconf 89' lang='lat' dir='ltr'>vero</span> <span class='ocrx_word' id='word_1_422' title='bbox 1760 2735 1959 2780; x_wconf 85' lang='lat' dir='ltr'>mollem</span> <span class='ocrx_word' id='word_1_423' title='bbox 1995 2743 2304 2798; x_wconf 85' lang='lat' dir='ltr'>teneramque</span> <span class='ocrx_word' id='word_1_424' title='bbox 2331 2741 2439 2784; x_wconf 87' lang='lat' dir='ltr'>ba&#39;r-</span> 
     </span>
    </p>

    <p class='ocr_par' dir='ltr' id='par_1_21' title="bbox 1424 2796 2443 2990">
     <span class='ocr_line' id='line_1_72' title="bbox 1433 2796 2443 2857; baseline 0.003 -11"><span class='ocrx_word' id='word_1_425' title='bbox 1433 2802 1543 2846; x_wconf 88' lang='lat' dir='ltr'>bam</span> <span class='ocrx_word' id='word_1_426' title='bbox 1561 2796 1768 2857; x_wconf 87' lang='lat' dir='ltr'>juvenes</span> <span class='ocrx_word' id='word_1_427' title='bbox 1790 2800 2054 2846; x_wconf 84' lang='lat' dir='ltr'>tondebant</span> <span class='ocrx_word' id='word_1_428' title='bbox 2076 2806 2285 2848; x_wconf 87' lang='lat' dir='ltr'>tantum</span> <span class='ocrx_word' id='word_1_429' title='bbox 2292 2799 2381 2856; x_wconf 80' lang='lat' dir='ltr'>(cf</span> <span class='ocrx_word' id='word_1_430' title='bbox 2400 2805 2443 2853; x_wconf 89' lang='lat'><strong>1.</strong></span> 
     </span>
     <span class='ocr_line' id='line_1_73' title="bbox 1425 2861 2439 2925; baseline 0.003 -14"><span class='ocrx_word' id='word_1_431' title='bbox 1425 2865 1503 2912; x_wconf 86' lang='grc'>25.</span> <span class='ocrx_word' id='word_1_432' title='bbox 1525 2866 1588 2910; x_wconf 86' lang='grc' dir='ltr'>Χ.</span> <span class='ocrx_word' id='word_1_433' title='bbox 1614 2861 1748 2925; x_wconf 77' lang='grc'><strong>226.)</strong></span> <span class='ocrx_word' id='word_1_434' title='bbox 1778 2877 1930 2923; x_wconf 87' lang='lat' dir='ltr'>usque</span> <span class='ocrx_word' id='word_1_435' title='bbox 1961 2868 2021 2910; x_wconf 89' lang='lat' dir='ltr'>ad</span> <span class='ocrx_word' id='word_1_436' title='bbox 2060 2867 2335 2914; x_wconf 85' lang='lat' dir='ltr'>virilitatem</span> <span class='ocrx_word' id='word_1_437' title='bbox 2362 2869 2439 2914; x_wconf 81' lang='lat' dir='ltr'>vel</span> 
     </span>
     <span class='ocr_line' id='line_1_74' title="bbox 1424 2927 2440 2990; baseline 0.002 -15"><span class='ocrx_word' id='word_1_438' title='bbox 1424 2943 1611 2975; x_wconf 87' lang='lat' dir='ltr'>annum</span> <span class='ocrx_word' id='word_1_439' title='bbox 1628 2929 1791 2975; x_wconf 81' lang='lat' dir='ltr'>aetatis</span> <span class='ocrx_word' id='word_1_440' title='bbox 1809 2927 1914 2976; x_wconf 90' lang='lat' dir='ltr'><strong>XL.</strong></span> <span class='ocrx_word' id='word_1_441' title='bbox 1928 2943 2045 2988; x_wconf 89' lang='lat' dir='ltr'>quo,</span> <span class='ocrx_word' id='word_1_442' title='bbox 2062 2945 2214 2990; x_wconf 90' lang='lat' dir='ltr'>quum</span> <span class='ocrx_word' id='word_1_443' title='bbox 2241 2934 2328 2979; x_wconf 74' lang='lat' dir='ltr'>riri</span> <span class='ocrx_word' id='word_1_444' title='bbox 2344 2931 2440 2978; x_wconf 86' lang='lat' dir='ltr'>vel-</span> 
     </span>
    </p>

    <p class='ocr_par' dir='ltr' id='par_1_22' title="bbox 1422 2993 2438 3376">
     <span class='ocr_line' id='line_1_75' title="bbox 1423 2993 2438 3058; baseline 0.005 -19"><span class='ocrx_word' id='word_1_445' title='bbox 1423 2996 1527 3040; x_wconf 87' lang='lat' dir='ltr'>lent</span> <span class='ocrx_word' id='word_1_446' title='bbox 1542 2995 1708 3054; x_wconf 83' lang='lat' dir='ltr'>videri,</span> <span class='ocrx_word' id='word_1_447' title='bbox 1724 2993 1933 3053; x_wconf 88' lang='lat' dir='ltr'>primum</span> <span class='ocrx_word' id='word_1_448' title='bbox 1948 2995 2268 3051; x_wconf 77' lang='lat' dir='ltr'>radebantur3</span> <span class='ocrx_word' id='word_1_449' title='bbox 2289 3001 2438 3058; x_wconf 79' lang='lat' dir='ltr'>quare</span> 
     </span>
     <span class='ocr_line' id='line_1_76' title="bbox 1423 3053 2437 3125; baseline 0.006 -22"><span class='ocrx_word' id='word_1_450' title='bbox 1423 3060 1471 3103; x_wconf 89' lang='lat' dir='ltr'><strong>h.</strong></span> <span class='ocrx_word' id='word_1_451' title='bbox 1496 3060 1528 3104; x_wconf 92' lang='lat'><strong>1.</strong></span> <span class='ocrx_word' id='word_1_452' title='bbox 1550 3060 1791 3115; x_wconf 86' lang='lat' dir='ltr'>innuitur,</span> <span class='ocrx_word' id='word_1_453' title='bbox 1804 3057 2022 3119; x_wconf 82' lang='lat' dir='ltr'>Sergium</span> <span class='ocrx_word' id='word_1_454' title='bbox 2046 3062 2103 3105; x_wconf 85' lang='lat' dir='ltr'>ad</span> <span class='ocrx_word' id='word_1_455' title='bbox 2132 3053 2351 3108; x_wconf 76' lang='lat' dir='ltr'>virilem</span> <span class='ocrx_word' id='word_1_456' title='bbox 2328 3076 2437 3125; x_wconf 87' lang='lat' dir='ltr'>Jam</span> 
     </span>
     <span class='ocr_line' id='line_1_77' title="bbox 1423 3123 2437 3187; baseline 0.005 -19"><span class='ocrx_word' id='word_1_457' title='bbox 1423 3123 1697 3182; x_wconf 87' lang='lat' dir='ltr'>pervenisse</span> <span class='ocrx_word' id='word_1_458' title='bbox 1719 3129 1929 3168; x_wconf 78' lang='lat' dir='ltr'>aetatem.</span> <span class='ocrx_word' id='word_1_459' title='bbox 1965 3123 2190 3176; x_wconf 78' lang='lat' dir='ltr'>Quotidie</span> <span class='ocrx_word' id='word_1_460' title='bbox 2213 3128 2315 3172; x_wconf 85' lang='lat' dir='ltr'>radi</span> <span class='ocrx_word' id='word_1_461' title='bbox 2341 3130 2437 3187; x_wconf 89' lang='lat' dir='ltr'>pri-</span> 
     </span>
     <span class='ocr_line' id='line_1_78' title="bbox 1425 3187 2437 3249; baseline 0.004 -16"><span class='ocrx_word' id='word_1_462' title='bbox 1425 3201 1538 3233; x_wconf 89' lang='lat' dir='ltr'>mus</span> <span class='ocrx_word' id='word_1_463' title='bbox 1560 3188 1772 3233; x_wconf 89' lang='lat' dir='ltr'>instituit</span> <span class='ocrx_word' id='word_1_464' title='bbox 1795 3187 1954 3247; x_wconf 86' lang='lat' dir='ltr'>Scipio</span> <span class='ocrx_word' id='word_1_465' title='bbox 1976 3190 2235 3235; x_wconf 84' lang='lat' dir='ltr'>Africanus</span> <span class='ocrx_word' id='word_1_466' title='bbox 2259 3194 2437 3249; x_wconf 70' lang='lat' dir='ltr'>minor,</span> 
     </span>
     <span class='ocr_line' id='line_1_79' title="bbox 1422 3252 2437 3311; baseline 0.004 -14"><span class='ocrx_word' id='word_1_467' title='bbox 1422 3256 1482 3297; x_wconf 82' lang='lat' dir='ltr'>ut</span> <span class='ocrx_word' id='word_1_468' title='bbox 1503 3252 1620 3297; x_wconf 86' lang='lat' dir='ltr'>levis</span> <span class='ocrx_word' id='word_1_469' title='bbox 1641 3258 1765 3298; x_wconf 89' lang='lat' dir='ltr'>esset</span> <span class='ocrx_word' id='word_1_470' title='bbox 1785 3252 1962 3306; x_wconf 80' lang='lat' dir='ltr'>facies,</span> <span class='ocrx_word' id='word_1_471' title='bbox 1947 3267 1961 3280; x_wconf 93' lang='lat'><strong>·</strong></span> <span class='ocrx_word' id='word_1_472' title='bbox 1988 3256 2115 3299; x_wconf 89' lang='lat' dir='ltr'>unde</span> <span class='ocrx_word' id='word_1_473' title='bbox 2139 3264 2187 3298; x_wconf 90' lang='lat' dir='ltr'>et</span> <span class='ocrx_word' id='word_1_474' title='bbox 2204 3256 2437 3311; x_wconf 87' lang='lat' dir='ltr'>psilothro</span> 
     </span>
     <span class='ocr_line' id='line_1_80' title="bbox 1424 3317 2436 3376; baseline 0.005 -15"><span class='ocrx_word' id='word_1_475' title='bbox 1424 3317 1578 3363; x_wconf 90' lang='lat' dir='ltr'>aliove</span> <span class='ocrx_word' id='word_1_476' title='bbox 1595 3317 1949 3362; x_wconf 85' lang='lat' dir='ltr'>medicamento</span> <span class='ocrx_word' id='word_1_477' title='bbox 1967 3324 2131 3375; x_wconf 85' lang='lat' dir='ltr'>postea</span> <span class='ocrx_word' id='word_1_478' title='bbox 2154 3319 2237 3376; x_wconf 86' lang='lat' dir='ltr'>pili</span> <span class='ocrx_word' id='word_1_479' title='bbox 2262 3322 2436 3365; x_wconf 84' lang='lat' dir='ltr'>exstir-</span> 
     </span>
    </p>

    <p class='ocr_par' dir='ltr' id='par_1_23' title="bbox 1423 3379 2060 3439">
     <span class='ocr_line' id='line_1_81' title="bbox 1423 3379 2060 3439; baseline 0 -13"><span class='ocrx_word' id='word_1_480' title='bbox 1423 3383 1679 3439; x_wconf 83' lang='lat' dir='ltr'>pabantur.</span> <span class='ocrx_word' id='word_1_481' title='bbox 1701 3395 1748 3425; x_wconf 88' lang='lat' dir='ltr'><strong>v.</strong></span> <span class='ocrx_word' id='word_1_482' title='bbox 1775 3381 1834 3425; x_wconf 81' lang='lat' dir='ltr'>ad</span> <span class='ocrx_word' id='word_1_483' title='bbox 1858 3379 2060 3427; x_wconf 80' lang='lat'><strong>11.107.</strong></span> 
     </span>
    </p>

    <p class='ocr_par' dir='ltr' id='par_1_24' title="bbox 1421 3444 2437 4279">
     <span class='ocr_line' id='line_1_82' title="bbox 1493 3444 2435 3500; baseline 0.005 -11"><span class='ocrx_word' id='word_1_484' title='bbox 1493 3444 1601 3490; x_wconf 88' lang='grc'><strong>106.</strong></span> <span class='ocrx_word' id='word_1_485' title='bbox 1625 3445 1791 3490; x_wconf 82' lang='lat' dir='ltr'>lacerto</span> <span class='ocrx_word' id='word_1_486' title='bbox 1811 3449 1945 3500; x_wconf 80' lang='lat' dir='ltr'>secto,</span> <span class='ocrx_word' id='word_1_487' title='bbox 1970 3446 2238 3498; x_wconf 84' lang='lat' dir='ltr'>vulnerato,</span> <span class='ocrx_word' id='word_1_488' title='bbox 2262 3448 2338 3491; x_wconf 88' lang='lat' dir='ltr'>vel</span> <span class='ocrx_word' id='word_1_489' title='bbox 2353 3460 2435 3494; x_wconf 87' lang='lat' dir='ltr'>ex</span> 
     </span>
     <span class='ocr_line' id='line_1_83' title="bbox 1424 3509 2437 3567; baseline 0.004 -13"><span class='ocrx_word' id='word_1_490' title='bbox 1424 3509 1525 3554; x_wconf 89' lang='lat' dir='ltr'>ciso</span> <span class='ocrx_word' id='word_1_491' title='bbox 1565 3522 1730 3561; x_wconf 87' lang='lat' dir='ltr'>nervo,</span> <span class='ocrx_word' id='word_1_492' title='bbox 1765 3522 1951 3567; x_wconf 80' lang='lat' dir='ltr'>sperare</span> <span class='ocrx_word' id='word_1_493' title='bbox 1991 3509 2212 3567; x_wconf 82' lang='lat' dir='ltr'>requiem,</span> <span class='ocrx_word' id='word_1_494' title='bbox 2247 3512 2437 3559; x_wconf 79' lang='lat' dir='ltr'>missio·</span> 
     </span>
     <span class='ocr_line' id='line_1_84' title="bbox 1425 3575 2437 3632; baseline 0.004 -14"><span class='ocrx_word' id='word_1_495' title='bbox 1425 3587 1568 3618; x_wconf 89' lang='lat' dir='ltr'>nem·</span> <span class='ocrx_word' id='word_1_496' title='bbox 1552 3606 1571 3632; x_wconf 87' lang='lat'>,</span> <span class='ocrx_word' id='word_1_497' title='bbox 1605 3585 1752 3631; x_wconf 88' lang='lat' dir='ltr'>quam</span> <span class='ocrx_word' id='word_1_498' title='bbox 1777 3586 1967 3631; x_wconf 88' lang='lat' dir='ltr'>sperare</span> <span class='ocrx_word' id='word_1_499' title='bbox 1994 3586 2050 3617; x_wconf 89' lang='lat' dir='ltr'>ac</span> <span class='ocrx_word' id='word_1_500' title='bbox 2083 3580 2243 3630; x_wconf 86' lang='lat' dir='ltr'>petere</span> <span class='ocrx_word' id='word_1_501' title='bbox 2262 3575 2437 3622; x_wconf 87' lang='lat' dir='ltr'>licebat</span> 
     </span>
     <span class='ocr_line' id='line_1_85' title="bbox 1421 3638 2436 3698; baseline 0.005 -17"><span class='ocrx_word' id='word_1_502' title='bbox 1421 3638 1786 3698; x_wconf 74' lang='lat' dir='ltr'>gladiatoribus,</span> <span class='ocrx_word' id='word_1_503' title='bbox 1811 3638 2032 3682; x_wconf 88' lang='lat' dir='ltr'>membro</span> <span class='ocrx_word' id='word_1_504' title='bbox 2057 3638 2218 3697; x_wconf 88' lang='lat' dir='ltr'>aliquo</span> <span class='ocrx_word' id='word_1_505' title='bbox 2238 3641 2436 3686; x_wconf 87' lang='lat' dir='ltr'>mutila·</span> 
     </span>
     <span class='ocr_line' id='line_1_86' title="bbox 1423 3701 2434 3760; baseline 0.003 -13"><span class='ocrx_word' id='word_1_506' title='bbox 1423 3703 1506 3760; x_wconf 88' lang='lat' dir='ltr'>tis,</span> <span class='ocrx_word' id='word_1_507' title='bbox 1527 3703 1599 3746; x_wconf 85' lang='lat' dir='ltr'>vel</span> <span class='ocrx_word' id='word_1_508' title='bbox 1619 3702 1756 3760; x_wconf 86' lang='lat' dir='ltr'>gravi</span> <span class='ocrx_word' id='word_1_509' title='bbox 1776 3701 1977 3746; x_wconf 80' lang='lat' dir='ltr'>vulnere</span> <span class='ocrx_word' id='word_1_510' title='bbox 1991 3701 2114 3746; x_wconf 81' lang='lat' dir='ltr'>ictis.</span> <span class='ocrx_word' id='word_1_511' title='bbox 2167 3701 2276 3750; x_wconf 82' lang='grc'><strong>107.</strong></span> <span class='ocrx_word' id='word_1_512' title='bbox 2297 3707 2434 3759; x_wconf 75' lang='lat' dir='ltr'>sicut,</span> 
     </span>
     <span class='ocr_line' id='line_1_87' title="bbox 1422 3765 2434 3827; baseline 0.003 -14"><span class='ocrx_word' id='word_1_513' title='bbox 1422 3766 1554 3813; x_wconf 86' lang='lat' dir='ltr'>verbi</span> <span class='ocrx_word' id='word_1_514' title='bbox 1569 3765 1887 3813; x_wconf 77' lang='lat' dir='ltr'>causa.108·</span> <span class='ocrx_word' id='word_1_515' title='bbox 1901 3765 2035 3827; x_wconf 83' lang='lat' dir='ltr'>galea</span> <span class='ocrx_word' id='word_1_516' title='bbox 2047 3765 2248 3813; x_wconf 67' lang='lat' dir='ltr'>adtritus</span> <span class='ocrx_word' id='word_1_517' title='bbox 2260 3770 2434 3816; x_wconf 82' lang='lat' dir='ltr'>fronte.</span> 
     </span>
     <span class='ocr_line' id='line_1_88' title="bbox 1422 3831 2436 3893; baseline 0.002 -15"><span class='ocrx_word' id='word_1_518' title='bbox 1422 3832 1571 3878; x_wconf 86' lang='lat' dir='ltr'>Galea</span> <span class='ocrx_word' id='word_1_519' title='bbox 1594 3831 1635 3875; x_wconf 89' lang='lat' dir='ltr'>si</span> <span class='ocrx_word' id='word_1_520' title='bbox 1658 3844 1753 3875; x_wconf 91' lang='lat' dir='ltr'>non</span> <span class='ocrx_word' id='word_1_521' title='bbox 1778 3843 1949 3877; x_wconf 89' lang='lat' dir='ltr'>omnes</span> <span class='ocrx_word' id='word_1_522' title='bbox 1979 3831 2289 3888; x_wconf 86' lang='lat' dir='ltr'>gladiatores,</span> <span class='ocrx_word' id='word_1_523' title='bbox 2313 3847 2436 3893; x_wconf 74' lang='lat' dir='ltr'>pra».-</span> 
     </span>
     <span class='ocr_line' id='line_1_89' title="bbox 1423 3894 2436 3958; baseline 0.001 -15"><span class='ocrx_word' id='word_1_524' title='bbox 1423 3905 1496 3943; x_wconf 89' lang='lat' dir='ltr'>ter</span> <span class='ocrx_word' id='word_1_525' title='bbox 1512 3895 1781 3952; x_wconf 82' lang='lat' dir='ltr'>retiarium,</span> <span class='ocrx_word' id='word_1_526' title='bbox 1801 3894 1884 3958; x_wconf 83' lang='lat' dir='ltr'>(cf.</span> <span class='ocrx_word' id='word_1_527' title='bbox 1903 3894 2053 3940; x_wconf 89' lang='lat' dir='ltr'><strong>V111.</strong></span> <span class='ocrx_word' id='word_1_528' title='bbox 2070 3894 2203 3958; x_wconf 85' lang='grc'><strong>203.)</strong></span> <span class='ocrx_word' id='word_1_529' title='bbox 2221 3900 2436 3958; x_wconf 86' lang='lat' dir='ltr'>plerique</span> 
     </span>
     <span class='ocr_line' id='line_1_90' title="bbox 1422 3959 2432 4017; baseline 0 -10"><span class='ocrx_word' id='word_1_530' title='bbox 1422 3968 1551 4007; x_wconf 87' lang='lat' dir='ltr'>certe</span> <span class='ocrx_word' id='word_1_531' title='bbox 1576 3962 1851 4006; x_wconf 87' lang='lat' dir='ltr'>utebantur.</span> <span class='ocrx_word' id='word_1_532' title='bbox 1897 3959 2006 4007; x_wconf 89' lang='grc'><strong>109.</strong></span> <span class='ocrx_word' id='word_1_533' title='bbox 2041 3959 2234 4014; x_wconf 74' lang='lat' dir='ltr'>Gibbus,</span> <span class='ocrx_word' id='word_1_534' title='bbox 2252 3970 2432 4017; x_wconf 88' lang='lat' dir='ltr'>tumor,</span> 
     </span>
     <span class='ocr_line' id='line_1_91' title="bbox 1423 4026 2434 4101; baseline 0 -30"><span class='ocrx_word' id='word_1_535' title='bbox 1423 4028 1546 4073; x_wconf 83' lang='lat' dir='ltr'>forte</span> <span class='ocrx_word' id='word_1_536' title='bbox 1559 4039 1619 4071; x_wconf 84' lang='lat' dir='ltr'>ex</span> <span class='ocrx_word' id='word_1_537' title='bbox 1632 4026 1935 4101; x_wconf 86' lang='lat' dir='ltr'>percussione</span> <span class='ocrx_word' id='word_1_538' title='bbox 1952 4026 2133 4071; x_wconf 84' lang='lat' dir='ltr'>crebra.</span> <span class='ocrx_word' id='word_1_539' title='bbox 2154 4040 2273 4079; x_wconf 82' lang='lat' dir='ltr'>acre,</span> <span class='ocrx_word' id='word_1_540' title='bbox 2288 4038 2434 4084; x_wconf 86' lang='lat' dir='ltr'>grave</span> 
     </span>
     <span class='ocr_line' id='line_1_92' title="bbox 1426 4089 2434 4162; baseline -0.001 -27"><span class='ocrx_word' id='word_1_541' title='bbox 1426 4093 1500 4137; x_wconf 89' lang='lat' dir='ltr'>vel</span> <span class='ocrx_word' id='word_1_542' title='bbox 1528 4091 1749 4149; x_wconf 85' lang='lat' dir='ltr'>pertinax</span> <span class='ocrx_word' id='word_1_543' title='bbox 1772 4090 1978 4139; x_wconf 61' lang='lat' dir='ltr'>malmin</span> <span class='ocrx_word' id='word_1_544' title='bbox 2013 4089 2105 4133; x_wconf 89' lang='lat' dir='ltr'>nisi</span> <span class='ocrx_word' id='word_1_545' title='bbox 2139 4089 2298 4162; x_wconf 84' lang='lat' dir='ltr'>potius</span> <span class='ocrx_word' id='word_1_546' title='bbox 2332 4091 2434 4148; x_wconf 89' lang='lat' dir='ltr'>epi-</span> 
     </span>
     <span class='ocr_line' id='line_1_93' title="bbox 1422 4153 2431 4202; baseline -0.003 -2"><span class='ocrx_word' id='word_1_547' title='bbox 1422 4157 1587 4202; x_wconf 86' lang='lat' dir='ltr'>theton</span> <span class='ocrx_word' id='word_1_548' title='bbox 1614 4155 1673 4199; x_wconf 85' lang='lat' dir='ltr'>ad</span> <span class='ocrx_word' id='word_1_549' title='bbox 1701 4154 2019 4200; x_wconf 85' lang='lat' dir='ltr'>acritudinem</span> <span class='ocrx_word' id='word_1_550' title='bbox 2056 4153 2156 4197; x_wconf 89' lang='lat' dir='ltr'>suci</span> <span class='ocrx_word' id='word_1_551' title='bbox 2190 4153 2431 4197; x_wconf 80' lang='lat' dir='ltr'>humoris-</span> 
     </span>
     <span class='ocr_line' id='line_1_94' title="bbox 1421 4215 2432 4279; baseline -0.005 -13"><span class='ocrx_word' id='word_1_552' title='bbox 1421 4233 1516 4279; x_wconf 87' lang='lat' dir='ltr'>que</span> <span class='ocrx_word' id='word_1_553' title='bbox 1534 4215 1734 4277; x_wconf 83' lang='lat' dir='ltr'>spectat.</span> <span class='ocrx_word' id='word_1_554' title='bbox 1755 4217 1993 4269; x_wconf 75' lang='lat' dir='ltr'>stillantis,</span> <span class='ocrx_word' id='word_1_555' title='bbox 2016 4216 2165 4275; x_wconf 84' lang='lat' dir='ltr'>lippi3</span> <span class='ocrx_word' id='word_1_556' title='bbox 2206 4228 2302 4274; x_wconf 91' lang='lat' dir='ltr'>quo</span> <span class='ocrx_word' id='word_1_557' title='bbox 2319 4228 2432 4261; x_wconf 87' lang='lat' dir='ltr'>ocu·</span> 
     </span>
    </p>
   </div>
   <div class='ocr_carea' id='block_1_16' title="bbox 334 4278 2432 4347">
    <p class='ocr_par' dir='ltr' id='par_1_25' title="bbox 334 4278 2432 4347">
     <span class='ocr_line' id='line_1_95' title="bbox 334 4278 2432 4347; baseline -0.001 -19"><span class='ocrx_word' id='word_1_558' title='bbox 334 4279 450 4342; x_wconf 68' lang='grc' dir='ltr'>φίοπ,</span> <span class='ocrx_word' id='word_1_559' title='bbox 471 4286 572 4329; x_wconf 84' lang='lat' dir='ltr'>sive</span> <span class='ocrx_word' id='word_1_560' title='bbox 606 4282 734 4347; x_wconf 68' lang='grc' dir='ltr'>ξνςᾷν</span> <span class='ocrx_word' id='word_1_561' title='bbox 767 4278 841 4328; x_wconf 65' lang='grc' dir='ltr'>τὶν</span> <span class='ocrx_word' id='word_1_562' title='bbox 875 4279 1092 4341; x_wconf 70' lang='grc' dir='ltr'>πάγωνα,</span> <span class='ocrx_word' id='word_1_563' title='bbox 1108 4291 1158 4329; x_wconf 91' lang='lat' dir='ltr'>et</span> <span class='ocrx_word' id='word_1_564' title='bbox 1190 4282 1229 4330; x_wconf 74' lang='lat' dir='ltr'>iv</span> <span class='ocrx_word' id='word_1_565' title='bbox 1249 4302 1350 4347; x_wconf 66' lang='grc' dir='ltr'>χςω</span> <span class='ocrx_word' id='word_1_566' title='bbox 1414 4286 1572 4331; x_wconf 88' lang='lat' dir='ltr'>lorum</span> <span class='ocrx_word' id='word_1_567' title='bbox 1590 4281 1759 4327; x_wconf 84' lang='lat' dir='ltr'>morbo</span> <span class='ocrx_word' id='word_1_568' title='bbox 1782 4280 2225 4367; x_wconf 78' lang='lat' dir='ltr'>multilaborabant</span> <span class='ocrx_word' id='word_1_569' title='bbox 2245 4280 2432 4329; x_wconf 72' lang='lat' dir='ltr'>Romae.</span> 
     </span>
    </p>
   </div>
  </div>
 </body>
</html>
