2978 4920
593 321 777 400 328*

1288 317 1974 420 JUVENAL1s

682 500 976 568 semodio
1006 501 1209 566 scobis
1234 500 1373 584 ,haec
1402 501 1707 567 emundat
1736 501 2026 567 servulus
2055 525 2240 568 unuS.

684 603 861 668 Illud
890 624 1019 668 non
1045 601 1272 687 agitas,
1302 614 1377 667 ut
1409 614 1688 668 sanctam
1717 602 1890 668 filius
1917 603 2089 668 omni
2183 690 2185 692 ‚

682 704 1016 792 Adspiciat
1047 704 1179 769 sine
1207 703 1348 769 labe
1376 703 1640 769 domum
1669 703 1955 790 vitioque
1982 718 2301 772 carentem
2317 710 2348 770 ἓ
2439 741 2445 746 ·

670 808 960 872 ῦηιῐιιω
989 816 1107 884 est,
1137 804 1313 890 quod
1340 804 1580 891 patriae'
1595 805 1798 870 civem
1826 805 2197 893 populoque
2225 806 2483 887 dedisti,

2611 810 2693 874 70

683 908 750 972 si
774 908 957 988 facis,
989 921 1064 973 ut
1092 908 1317 994 patriae
1347 907 1430 973 sit
1459 907 1750 986 idoneus,
1776 906 1954 973 utilis
1982 909 2176 995 agris,

680 1011 881 1077 Utilis
910 1025 974 1077 et
1001 1010 1313 1077 bellorum
1342 1025 1407 1077 et
1437 1010 1610 1098 pacis
1639 1011 1830 1076 rebus
1858 1011 2138 1096 agendis.

685 1114 1043 1179 Plurimum
1061 1113 1228 1180 enim
1243 1114 1554 1191 intererit,
1564 1114 1802 1200 quibus
1818 1114 2087 1193 artibus,
2098 1126 2162 1180 et
2172 1114 2413 1201 quibus
2429 1116 2604 1181 hunc
2622 1128 2694 1181 tu

684 1217 981 1282 Moribus
1005 1217 1321 1283 instituas,
1414 1215 1723 1302 Serpente
1752 1215 1991 1280 ciconia
2019 1215 2229 1302 pullos

682 1318 930 1408 Nutrit‚
960 1331 1025 1382 et
1050 1316 1311 1384 inventa
1336 1339 1452 1404 per
1479 1316 1667 1383 devia
1694 1338 1846 1381 rura
1873 1316 2144 1392 lacerta:

2609 1320 2688 1384 75

682 1418 790 1483 Illi
822 1417 1039 1483 eadem
1069 1419 1293 1484 sumtis
1323 1430 1625 1505 quaerunt
1652 1418 1948 1490 animalia
1975 1418 2203 1505 pinnis,

677 1519 920 1585 Vultur
940 1522 1234 1608 jumento
1262 1533 1324 1585 et
1355 1520 1618 1585 canibus
1648 1519 2069 1606 crucibusque
2099 1520 2332 1587 relictis

679 1621 788 1686 Ad
816 1622 987 1688 fetus
1014 1633 1334 1707 properat,
1365 1633 1740 1708 partemque
1771 1621 2093 1688 cadaveris
2121 1622 2348 1687 adfert.
2374 1685 2380 1692 .

682 1725 811 1790 Hic
840 1738 934 1789 est
964 1747 1115 1809 ergo
1143 1723 1323 1790 cibus
1351 1725 1563 1810 magni
1596 1747 1854 1810 quoque
1887 1724 2181 1803 vulturis,
2212 1728 2277 1790 et
2307 1748 2373 1789 se

682 1827 1025 1905 Pascentis‚
1057 1827 1313 1913 propria
1343 1850 1545 1912 quum
1567 1828 1702 1914 jam
1725 1826 1883 1892 facit
1914 1827 2138 1898 arbore
2168 1828 2368 1896 nidos,

2609 1834 2691 1894 80

679 1929 809 1992 Sed
837 1928 1112 2016 leporem
1143 1941 1254 1991 aut
1285 1950 1573 2013 capream
1602 1926 1860 1992 famulae
1889 1929 1937 1991 J
1938 1928 2073 1992 ovis
2102 1942 2168 1993 et
2197 1952 2520 2014 generosae

681 2028 759 2092 In
790 2029 954 2094 saltu
986 2040 1507 2114 venanturaves:
1555 2028 1702 2093 hinc
1732 2030 1956 2115 praeda,
1979 2030 2173 2096 cubili

681 2130 986 2195 Ponitur:
1033 2129 1180 2196 inde
1209 2142 1445 2208 autem,
1476 2154 1679 2218 quum
1710 2154 1775 2196 se
1803 2143 2054 2197 matura
2084 2131 2308 2197 levarit

682 2234 1044 2321 ProgenieS‚
1077 2234 1441 2301 stimulante
1468 2235 1659 2313 fame,
1689 2235 1948 2300 festinat
1978 2235 2060 2299 ad
2090 2235 2286 2314 illam,

590 2391 595 2396 ,
676 2338 886 2415 Quam
914 2337 1187 2425 primum
1220 2338 1503 2424 praedam
1533 2350 1727 2424 rupto
1755 2350 2122 2422 gustaverat
2150 2362 2296 2404 ovo.

764 2439 1140 2505 AEdificator
1168 2452 1302 2506 erat
1336 2439 1694 2517 Cen-onius,
1725 2451 1790 2505 et
1818 2439 2006 2504 modo
2037 2463 2235 2506 curvo

678 2541 900 2608 Litore
932 2541 1192 2622 Caietae,
1218 2534 1469 2607 vsumma
1496 2565 1663 2607 nunc
1696 2540 1961 2606 Tiburis
1990 2565 2153 2620 arce,

584 2693 783 2744 Schoett
813 2695 859 2759 .)
881 2694 1042 2745 Germ.
1077 2694 1317 2749 Feilstaub,
1342 2694 1604 2759 sagapane.

592 2759 688 2807 Pro
727 2776 754 2807 v
807 2775 856 2823 g.
892 2761 1090 2808 emundat
1132 2775 1158 2807 e
1201 2762 1234 2808 5
1265 2759 1409 2807 MSS.
1448 2758 1602 2823 recepi

588 2826 820 2875 emundat·

655 2889 736 2936 68.
756 2890 903 2962 agitas
941 2894 1112 2943 mente,
1145 2901 1294 2936 curas·
1362 2887 1442 2935 ⁷0.
1469 2901 1603 2952 seqq.

588 2951 884 3001 Gravissima
904 2966 959 3001 ac
978 2966 1088 3003 vera
1108 2950 1354 3000 sententia.
1389 2951 1604 3000 Patribus

572 3019 882 3129 «ἐξῆψε.
932 3014 1464 3145 &sufetis
1483 3016 1603 3130 ’ἐξ

572 3141 694 3192 ·h.1.
727 3099 1119 3209 tautologiam,pet
1148 3144 1384 3195 inficetam
1413 3160 1600 3210 quoque

587 3206 912 3273 repetitionem
932 3225 1034 3258 voc.
1054 3212 1232 3272 patrioe.
1297 3209 1358 3256 In
1378 3209 1469 3257 hac
1488 3225 1600 3258 vero

586 3271 861 3337 repetitione
887 3287 1060 3336 magna
1092 3273 1248 3338 potius
1280 3272 1351 3320 vis
1380 3272 1518 3330 inest,
1552 3281 1602 3323 et

586 3339 783 3398 patriam
794 3339 1088 3401 populumque
1101 3338 1273 3386 diserte
1290 3335 1431 3385 etiam
1442 3337 1601 3403 junxit

580 3401 734 3452 ovid.
755 3403 878 3450 Met.
900 3403 1014 3451 XV.
1031 3404 1142 3452 572.
1163 3415 1315 3465 neq-ue
1336 3414 1395 3449 ea
1414 3417 1601 3467 prorsus

585 3482 848 3533 synonyma
862 3480 962 3516 esse
978 3469 1138 3523 verba,
1150 3465 1235 3515 sed
1248 3468 1462 3528 patriam,
1480 3481 1593 3542 qua·

572 3536 724 3581 'tenus
740 3532 802 3581 sit
819 3531 922 3598 ipsa
942 3547 1016 3582 res
1036 3532 1244 3607 publica,
1256 3545 1367 3579 cum
1386 3531 1598 3597 partibus

584 3596 699 3654 suis,
721 3597 982 3662 majestate,
1004 3596 1249 3662 dignitate,
1278 3596 1525 3646 securitate
1551 3604 1599 3645 et

581 3660 736 3709 salute
751 3661 960 3726 publiea,
981 3661 1205 3726 distingui
1224 3668 1273 3711 et
1286 3675 1425 3735 posse
1443 3668 1493 3710 et
1514 3660 1598 3711 de-

584 3724 696 3772 bere
733 3739 764 3771 a
791 3727 950 3787 populo
981 3743 1021 3776 s.
1052 3727 1250 3784 civibus,
1277 3740 1379 3790 jam
1418 3725 1598 3774 monuit

583 3788 617 3836 J
622 3787 701 3836 ani
723 3786 786 3835 ad
807 3790 975 3837 Horat.
994 3791 1030 3839 l.
1051 3792 1084 3838 1.

646 3854 730 3902 71.
762 3856 884 3916 agria
904 3853 1126 3903 colendis.

646 3918 854 3966 74-85.
879 3918 993 3982 Ipsa
1012 3934 1197 3982 quoque
1219 3917 1491 3968 animalium
1510 3932 1589 3967 ex·

581 3983 742 4048 empla
761 3981 944 4037 docent,
967 3982 1200 4030 mentibus
1223 3983 1371 4032 infixa
1396 3982 1591 4037 haerere,

612 4064 686 4098 uae
706 4048 767 4096 ab
789 4047 980 4096 ineunte
1003 4051 1158 4102 aetate,
1180 4053 1230 4094 et
1262 4062 1292 4095 a
1323 4045 1595 4111 parentibus

616 4112 840 4161 iscuntur.
886 4110 962 4160 Cf.
984 4111 1152 4176 Horat.
1173 4110 1323 4174 Epist.
1341 4111 1384 4157 Ι.
1405 4112 1453 4158 2.
1475 4116 1592 4160 extr.

581 4177 702 4225 Haec
721 4184 793 4226 est
822 4175 914 4224 loci
939 4174 1196 4226 sententia:
1231 4174 1517 4230 nee‘tamem
1540 4182 1594 4222 ut

563 4242 724 4304 *vulgo
774 4248 961 4307 putant,
980 4284 981 4287 ,
1003 4237 1310 4290 imitationem
1361 4237 1593 4287 malorum

578 4316 760 4353 morum
799 4304 992 4356 ciconiae
1033 4313 1082 4355 et
1118 4303 1332 4360 vulturis,
1365 4303 1592 4352 bonorum

582 4369 750 4433 aquilae
781 4370 1016 4435 exemplis
1039 4368 1274 4421 inlustrari
1296 4367 1592 4418 crediderim.

1670 2694 1747 2743 74.
1783 2694 1876 2741 Pro
1911 2695 2055 2755 pullos
2078 2693 2128 2741 in
2147 2709 2242 2743 uno
2264 2695 2376 2744 MS.
2411 2693 2587 2760 legitur
2617 2699 2687 2744 ni·

1666 2760 1757 2813 dos,
1777 2756 1905 2821 quod
1936 2773 2031 2807 non
2063 2774 2093 2807 a
2122 2757 2437 2816 librariorum,
2461 2761 2547 2810 sed
2576 2777 2686 2825 poe-

1664 2830 1729 2870 tae
1761 2820 1948 2886 ingenio
1979 2822 2255 2888 profectum,
2280 2823 2357 2872 vel
2391 2839 2451 2875 ex
2483 2826 2551 2874 V.
2583 2828 2690 2874 143.

1666 2885 1865 2952 petitum
1883 2892 1933 2936 et
1955 2901 1985 2935 a
2006 2886 2146 2936 docta
2173 2902 2318 2937 manu
2345 2887 2398 2938 h.
2421 2890 2456 2937 l.
2479 2889 2686 2955 adscrip-

1668 2960 1769 2999 tum
1790 2950 1989 3000 videtur.
2269 2979 2274 2983 ·

1733 3017 1813 3064 77.
1845 3018 2064 3073 crucibus,
2087 3015 2260 3080 quibus
2291 3031 2389 3068 non
2423 3016 2568 3066 modo
2596 3032 2687 3066 ser-

1667 3078 1732 3137 vi,
1765 3079 1847 3129 sed
1878 3080 2023 3129 etiam
2054 3081 2210 3130 sicarii
2241 3089 2290 3132 et
2320 3081 2574 3131 homicide
2605 3082 2689 3130 ad-

1651 3145 1943 3209 ·figebantur.
1968 3145 2048 3194 cf.
2114 3145 2125 3156 ’
2161 3161 2202 3196 s.
2223 3146 2285 3196 de
2304 3147 2458 3196 Cruce
2477 3147 2551 3195 ΙΙ.
2568 3148 2648 3196 13.

1729 3211 1808 3259 79.
1849 3210 2043 3267 Vultur,
2093 3226 2124 3258 u
2159 3211 2175 3258 i
2227 3211 2452 3268 adolevit,
2506 3210 2687 3271 eodem,

1664 3273 1741 3323 cui
1763 3273 2057 3330 adsueverat,
2079 3273 2184 3324 cibo
2202 3275 2425 3326 vescitur.

1731 3339 1811 3387 80.
1838 3338 2138 3403 Vtaturfwit
2158 3342 2207 3387 in
2228 3342 2385 3390 arbore
2400 3342 2547 3397 nidos,
2560 3340 2686 3404 quod

1665 3417 1757 3451 non
1779 3403 1879 3452 sine
1900 3403 2133 3469 exemplo,
2157 3403 2245 3452 etsi
2263 3421 2422 3454 rarum
2446 3412 2553 3455 est:
2575 3420 2684 3454 nam

1663 3467 1938 3532 plerumque
1957 3468 2008 3516 in
2023 3468 2351 3518 excelsissimis
2383 3485 2441 3518 ru
2474 3469 2584 3518 ‘bus
2613 3468 2685 3518 ni·

1664 3531 1876 3581 dificant.
1911 3532 1987 3581 cf.
2008 3532 2161 3582 Hard.
2181 3534 2244 3583 ad
2264 3534 2397 3583 Plin.
2470 3567 2487 3584 .
2507 3535 2558 3584 6.

1689 3596 1692 3601 ’
1727 3597 1808 3644 81.
1826 3597 2023 3661 famulae
2049 3597 2170 3646 Jmn's
2202 3613 2329 3656 aves,
2358 3606 2416 3647 ut
2445 3597 2553 3674 Sem
2588 3597 2683 3651 Διὸς

1662 3659 2683 3794 fflffiffiffiffiffifflssfssffifflffi

1661 3790 2682 3920 zffifflssffiffiffiffixssssfflffi

1656 3919 1922 3982 mentisque
1941 3926 2055 3969 vett.
2077 3920 2370 3968 notissimum
2391 3928 2484 3969 est.
2532 3922 2564 3971 J
2567 3936 2680 3969 uve·

1658 3983 1778 4032 nalis
1799 3983 1937 4058 docte
1966 3983 2113 4049 loqui,
2137 3984 2214 4034 vel
2242 3983 2431 4049 mythos
2464 3984 2537 4032 ita
2565 3985 2620 4038 ὃς
2640 3987 2679 4032 iv

1656 4063 1723 4160 ἔω
1752 4045 1838 4161 ‘gg
1856 4046 2168 4185 ggsffaesollesix
2187 4047 2558 4178 foeipitres.⁰m
2576 4057 2679 4097 mm

1723 4177 1804 4225 82.
1836 4177 1991 4234 cubili,
2025 4176 2236 4226 iri-mdo,
2307 4178 2388 4227 85.
2422 4186 2559 4238 rupto
2585 4193 2675 4231 ovo,

1658 4254 1801 4303 quum
1822 4257 1912 4293 ovo
1934 4241 2127 4291 exclusa
2143 4247 2286 4290 esset.
2399 4276 2402 4281 ,

1721 4307 1802 4354 86.
1836 4306 2118 4369 AEdg'ficator,
2156 4303 2358 4371 cupidus
2392 4301 2669 4357 aedificandi,

1657 4371 1899 4435 baulustig,
1917 4367 2241 4434 einchgeist·
2276 4371 2357 4421 87.
2380 4369 2556 4428 Cama,
2571 4382 2673 4434 pro·
