2978 4920
624 331 718 397 ³6

1339 330 2011 397 JUVEN-ALPS

726 506 1065 589 Segmenta
1090 500 1407 588 erlongos
1434 501 1693 567 habitus
1721 517 1786 567 et
1815 500 2106 568 flammea
2133 503 2354 582 sumit,

630 614 637 619 ’
676 660 683 665 .
712 606 978 673 ‚Arcano
1007 603 1121 691 qui
1152 625 1329 681 ma
1355 603 1564 667 ferens
1584 604 1882 670 nutantia
1905 604 2068 669 loro·

724 707 996 775 Sudavit
1016 707 1262 793 clypeis
1291 706 1620 771 ancilibus.

1710 709 1770 770 Ο
1799 719 1984 794 pater
2013 708 2236 787 Urbis,
2598 609 2721 672 125

722 809 914 874 Unde
944 809 1131 873 nefas*
1148 820 1399 873 tantum
1432 808 1638 872 Latiis
1671 809 2078 895 pastoribus?
2123 811 2299 875 unde

727 912 890 975 Haec
919 910 1153 997 tetigit,
1190 908 1496 985 Gradive,
1529 923 1674 974 tuos
1705 911 1912 975 urtica
1930 915 2238 997 nepotes?

720 1012 1041 1077 Traditur
1069 1035 1211 1077 ecce
1240 1011 1378 1076 viro
1405 1011 1615 1076 clarus
1644 1035 1873 1099 genere
1901 1025 2098 1099 atque
2126 1014 2357 1100 opibus
2391 1016 2525 1079 vir:

624 1142 629 1151 ·
728 1119 863 1182 Nec
891 1117 1135 1205 galeam
1165 1139 1446 1203 quassas,
1470 1139 1585 1179 nec
1616 1128 1846 1180 terram
1877 1116 2140 1203 cuspide
2169 1117 2407 1203 pulsas,

2605 1120 2729 1182 13⁰

727 1220 862 1284 Nec
891 1216 1178 1307 quereris
1203 1218 1423 1305 patri?
1470 1217 1643 1282 Vade
1673 1240 1848 1304 ergo,
1879 1229 1942 1281 et
1973 1216 2124 1282 cede
2154 1219 2354 1283 severi

643 1401 873 1465 (quorum
899 1402 1161 1449 vanitatem
1195 1403 1387 1447 obculte
1421 1407 1563 1460 poeta
1587 1402 1650 1446 ri-

640 1469 755 1513 dere
774 1464 983 1527 videtur)
1006 1474 1061 1513 ut
1093 1473 1142 1513 et
1170 1465 1439 1525 procuratio
1461 1479 1650 1518 eorum,

640 1533 718 1576 vel
737 1532 973 1578 tironibus
995 1546 1021 1576 e
1046 1531 1185 1577 Livio
1202 1537 1332 1575 nota.
1389 1531 1465 1575 De
1480 1542 1652 1576 eorum

638 1587 894 1656 generibus
911 1604 959 1642 et
972 1596 1128 1641 causis
1144 1602 1193 1639 et
1212 1608 1258 1642 v.
1276 1594 1457 1655 Heynii
1470 1594 1650 1652 Opusc.

638 1660 788 1707 Acad-
806 1659 918 1707 Vol.
939 1659 1036 1707 111.
1062 1672 1106 1718 p.
1135 1657 1240 1704 198.
1266 1671 1363 1718 seq.
1383 1655 1494 1704 255.
1519 1671 1618 1717 seq.

707 1724 818 1771 124.
854 1722 1091 1784 Segmenta
1122 1736 1195 1781 qs.
1227 1726 1482 1769 set-amma
1522 1735 1552 1767 a
1584 1737 1654 1769 se·

636 1789 782 1835 eundo
804 1790 873 1835 sic
894 1789 1042 1840 dicta,
1058 1786 1260 1832 fimbrias
1282 1800 1365 1832 seu
1383 1787 1540 1832 fascia
1565 1800 1648 1833 seu

639 1855 784 1915 virgae
818 1866 1067 1914 purpureae
1099 1858 1150 1897 et
1182 1864 1358 1906 auree,
1384 1851 1498 1896 solis
1531 1851 1650 1898 olim

636 1912 874 1965 matronis
889 1930 1148 1974 concessas,
1163 1923 1212 1962 et
1233 1915 1550 1961 muliebribus
1572 1922 1649 1962 tu·

640 1983 762 2029 nicis
798 1984 850 2028 in
892 1988 1111 2028 extrema
1154 1988 1288 2040 parte
1329 1979 1532 2031 adsutat,
1566 1982 1648 2026 sed

636 2054 804 2107 postea
819 2046 1034 2092 virilibus
1050 2057 1241 2105 quoque
1257 2043 1555 2090 vestimentis
1568 2045 1650 2090 ad·

640 2118 803 2158 textae.
830 2110 905 2157 Cf.
925 2107 1015 2155 VI.
1031 2109 1113 2157 89.
1128 2117 1176 2155 et
1192 2108 1377 2154 Ferrar.
1396 2108 1457 2154 R.
1473 2109 1535 2155 V.
1552 2107 1650 2154 111.

643 2168 720 2223 1⁷.
742 2175 923 2221 habam
943 2173 1118 2234 longos,
1140 2172 1415 2227 muliebres,
1434 2173 1581 2219 stolas
1602 2179 1652 2220 et

641 2244 872 2301 syrmata.
938 2237 1230 2287 Flammeum
1260 2237 1437 2291 velum,
1461 2251 1653 2296 pannus

646 2304 965 2365 bombycinus
993 2304 1069 2348 vel
1103 2302 1218 2354 rica,
1254 2309 1446 2360 tegmen
1480 2303 1653 2362 capitis

640 2369 865 2425 rutssum,
886 2367 1005 2414 lutei
1030 2367 1105 2412 vel
1130 2366 1261 2426 ignei
1281 2366 1475 2423 coloris,
1500 2367 1653 2429 (unde

627 2434 902 2493 flammeum
916 2432 1244 2491 nonflameum
1260 2428 1567 2477 scribendum
1582 2431 1651 2477 vi·

641 2494 806 2560 detur)
825 2511 922 2560 quo
938 2504 1109 2562 nupta,
1122 2497 1279 2542 velata
1297 2507 1473 2555 sponsa
1496 2497 1649 2542 trade-

640 2564 785 2610 batur
805 2573 998 2623 sponso,
1023 2562 1151 2607 unde
1182 2567 1287 2607 orta
1308 2560 1537 2620 loquendi
1557 2561 1653 2605 for·

642 2629 779 2675 mula
801 2627 966 2674 »nubere
995 2626 1153 2673 alicui.
1189 2626 1261 2673 cf.
1284 2635 1393 2683 sup.
1416 2626 1479 2672 ad
1501 2624 1547 2671 I.
1568 2624 1648 2671 62.

640 2692 730 2740 inf.
773 2692 841 2739 X.
884 2690 999 2737 334.
1043 2699 1109 2737 et·
1130 2692 1253 2737 Plin.
1298 2688 1445 2735 XXI.
1476 2689 1525 2737 8.
1566 2689 1650 2735 ubi

642 2758 867 2805 flammeo
886 2756 1035 2801 tutem
1066 2755 1188 2801 color
1220 2754 1469 2811 tribuitur,
1496 2754 1579 2799 sed
1602 2759 1651 2799 et

638 2822 747 2868 haec
789 2822 1050 2867 laudantur
1084 2818 1246 2864 Verrii
1281 2818 1440 2863 Flacci
1475 2819 1647 2863 verbaz

644 2886 888 2942 Flamenm
932 2886 1088 2941 κηρία
1123 2880 1371 2927 anticulum
1410 2881 1652 2937 vocabant,

641 2963 732 2994 nem
755 2947 935 3009 quidem
967 2962 997 2991 a
1014 2944 1227 3004 stammoe
1250 2945 1396 2991 colore
1435 2945 1513 2991 sed
1544 2946 1653 3005 quia

644 3013 927 3064 Flaminica,
962 3011 1039 3055 cui
1075 3009 1328 3055 divortium
1395 3022 1525 3055 acere
1561 3022 1652 3072 nori

640 3076 818 3130 licebat,
830 3079 887 3122 co
890 3079 1108 3135 perpetuo
1123 3073 1348 3120 utebatur.
1386 3073 1460 3120 Ex
1476 3074 1653 3133 quibus

643 3142 800 3190 verbis
842 3139 987 3188 simul
1031 3138 1336 3199 intelligitur,
1373 3138 1560 3196 signate
1603 3143 1653 3183 et

644 3208 816 3259 acerbo
836 3217 961 3262 ,cum
997 3204 1161 3250 aculeo
1193 3203 1286 3248 dici
1310 3203 1397 3248 inf.
1422 3200 1519 3249 VI.
1541 3200 1650 3249 225.

633 3274 857 3333 flammea
900 3269 1057 3329 priora
1096 3268 1306 3322 conterit,
1346 3267 1542 3323 lacerat,
1576 3266 1653 3312 vel

647 3336 783 3397 quasi
806 3334 1075 3389 conculcat,
1097 3332 1226 3392 quod
1258 3338 1536 3377 contemtus
1557 3331 1654 3391 sig·

647 3415 766 3452 num
788 3408 878 3454 est,
897 3401 946 3456 b.
962 3414 1005 3449 e.
1028 3399 1186 3457 priora
1200 3396 1441 3442 connubia
1460 3396 1655 3456 adsper-

644 3475 788 3513 natur
811 3475 859 3511 et
882 3465 1060 3522 soepius
1081 3462 1235 3508 nubit.

714 3530 821 3582 125.
840 3529 948 3578 126.
971 3529 1235 3589 Gracchus,
1253 3525 1334 3588 qui
1354 3532 1403 3570 et
1419 3526 1658 3571 nobilissi-

645 3610 756 3645 mus
770 3595 1132 3652 ditissimusque
1154 3599 1246 3647 est,
1268 3597 1318 3635 et
1339 3591 1454 3639 olim
1477 3591 1655 3647 Salius,

646 3660 866 3718 sacerdos
884 3657 1071 3709 Martis,
1093 3656 1184 3701 Dei
1207 3654 1417 3702 bellicosi
1434 3661 1483 3720 et
1506 3656 1658 3701 animi

648 3724 863 3769 maxime
886 3722 1058 3777 virilis,
1082 3721 1257 3773 fuerat,
1281 3733 1411 3765 nunc
1434 3720 1656 3766 habitum

649 3801 838 3847 sponse
871 3786 1030 3836 induit
1063 3798 1119 3829 ac
1151 3783 1304 3829 nubit.
1343 3797 1476 3829 sacra
1504 3791 1659 3841 scuta,

648 3852 837 3904 ancilia,
850 3850 1083 3902 nutantia,
1096 3849 1191 3893 huc
1204 3848 1316 3893 illuc
1331 3849 1593 3908 vergentia,
1604 3862 1660 3894 ac

649 3928 841 3964 sursum
861 3915 1087 3960 deorsum
1107 3907 1241 3972 jacta
1262 3919 1398 3958 motu
1421 3912 1660 3967 saltantis,

637 3981 802 4048 ferens
822 3980 941 4025 lava
963 3976 1224 4030 manu-loro
1243 3988 1429 4032 arcano,
1446 3977 1659 4032 obculto,

650 4046 830 4107 quippe
862 4044 991 4101 quod
1028 4041 1230 4097 interius
1262 4042 1502 4086 adnexum
1525 4048 1654 4089 eratz

654 4110 748 4159 nisi
774 4107 1019 4168 epitheton
1049 4117 1216 4150 arcano
1245 4103 1550 4150 referendum
1587 4112 1660 4152 est

650 4176 713 4224 ad
733 4186 883 4228 sacra,
902 4171 977 4226 vel
998 4170 1059 4216 ad
1081 4168 1270 4215 coeleste
1290 4168 1458 4215 ancile.
1492 4168 1662 4229 clypeis

651 4237 869 4286 amitibus
881 4251 899 4286 .-
925 4248 1038 4288 nam
1058 4233 1203 4279 ancile
1216 4227 1387 4294 adject.
1405 4240 1495 4286 est,
1508 4235 1575 4279 ita
1586 4234 1656 4279 di.

651 4313 807 4357 ctum,
832 4313 925 4346 non
948 4297 1066 4359 quod
1079 4297 1133 4343 ab
1153 4297 1433 4357 omniparis
1451 4298 1658 4344 ancisum

656 4369 726 4419 vel
747 4367 942 4424 recisum
960 4368 1088 4426 esset,
1100 4369 1144 4409 ct
1164 4364 1311 4411 omnis
1329 4361 1491 4412 abesset
1508 4375 1656 4427 angu-

1714 1399 1807 1455 lus,
1823 1414 1934 1460 quoe
1958 1400 2139 1455 Ovidii,
2161 1401 2312 1464 (Fast.
2333 1402 2432 1448 111.
2450 1398 2729 1461 377.)Var·

1717 1464 1867 1520 ronis,
1894 1463 2026 1510 Festi
2049 1466 2352 1524 aliorumque
2373 1468 2617 1511 sententia
2636 1473 2733 1524 est,

1718 1530 1800 1574 sed
1822 1531 1952 1589 quod
1976 1527 2235 1596 rsgwiguas
2257 1532 2527 1585 sinuosum,
2551 1531 2731 1589 passim

1717 1593 2043 1651 incurvatam,
2058 1603 2105 1639 et
2126 1598 2174 1640 in
2196 1594 2355 1654 apices
2371 1600 2727 1648 excurrentem,

1719 1658 1933 1711 haberet,
1968 1664 2089 1703 teste
2123 1660 2247 1706 Plut.
2282 1659 2332 1703 in
2367 1659 2534 1705 Numa
2569 1672 2621 1718 p.
2652 1659 2729 1706 69.

1718 1722 1847 1768 unde
1868 1720 2087 1782 ἆγκῦλιυ
2107 1725 2167 1770 ab
2199 1718 2404 1783 ἇγιῦλος
2426 1736 2622 1781 curvus,
2646 1725 2726 1769 ad-

1715 1786 1968 1843 pellatum,
1995 1797 2044 1834 et
2075 1789 2259 1848 «inmte,
2288 1801 2386 1834 non
2418 1788 2590 1842 ancile,
2622 1789 2734 1835 scri·

1715 1851 1926 1897 bendum
1961 1858 2051 1898 est.
2105 1852 2309 1898 Sudavit
2330 1852 2530 1898 ferendo
2550 1853 2728 1899 ancilia

1714 1921 1764 1959 et
1786 1916 2037 1974 saltando;
2069 1916 2128 1962 de
2149 1930 2247 1975 quo
2264 1931 2310 1962 v.
2335 1916 2466 1963 Plut.
2491 1916 2525 1963 1.
2549 1917 2584 1964 l.

1783 1978 2053 2027 126-132.
2096 1980 2301 2028 Summa
2332 1982 2405 2026 vis
2438 1981 2731 2043 indignatio-

1716 2043 1791 2089 nis
1824 2044 1873 2088 in
1910 2046 2000 2090 hac
2032 2046 2418 2105 expostulatione
2446 2051 2496 2091 et
2518 2047 2730 2105 compel-

1715 2107 1894 2154 latione
1918 2109 2114 2165 Martis,
2136 2110 2267 2167 inpr.
2286 2110 2336 2155 in
2361 2122 2455 2155 vss.
2483 2106 2594 2156 131.
2624 2109 2732 2158 132.

1718 2171 1794 2218 cf.
1819 2173 1949 2220 Pers.
1974 2174 2016 2220 1.
2037 2172 2116 2220 87.
2174 2173 2322 2220 Pater
2342 2173 2482 2221 Urbis
2505 2175 2557 2220 h.
2578 2173 2615 2221 l.
2636 2188 2729 2220 non

1718 2237 1977 2292 Romulus,
1999 2238 2084 2284 sed
2109 2237 2245 2283 Mars
2259 2255 2274 2285 ε
2310 2244 2359 2284 et
2380 2240 2628 2298 exquisite
2649 2252 2735 2298 pro

1716 2298 1825 2362 ejus
1857 2304 2070 2349 nomine.
2138 2304 2281 2349 Poeta
2301 2305 2462 2349 Deum
2484 2304 2629 2362 quasi
2651 2305 2732 2349 ad·

1717 2374 1884 2412 monet
1927 2376 2237 2426 paternorum
2282 2366 2578 2424 officiorum,
2623 2381 2729 2426 quoe

1718 2431 1948 2492 negligat.
1962 2436 2006 2478 et
2015 2435 2151 2494 pater
2169 2431 2219 2479 U
2216 2431 2311 2479 rbi:
2326 2430 2433 2478 MS.
2450 2432 2727 2490 cantabrig.

1719 2496 1847 2541 unde
1885 2495 2078 2542 Wakef.
2112 2497 2174 2542 ad
2208 2496 2405 2545 Luci-et.
2448 2495 2554 2544 ΙΙΙ.
2591 2495 2727 2544 1104.

1717 2573 1820 2624 ⁸non
1856 2561 1983 2606 male
2017 2562 2208 2607 emend.
2252 2562 2332 2612 En
2347 2562 2369 2607 I
2403 2566 2540 2622 pater
2578 2562 2741 2618 Urbis,

1713 2631 1805 2671 cet.
1874 2624 1982 2672 127.
2006 2624 2159 2670 latiis
2170 2627 2455 2685 pastoribus,
2472 2627 2728 2684 Romanis,

1713 2690 1931 2735 oriundis
1965 2703 1993 2735 a
2023 2692 2316 2748 pastoribus,
2338 2704 2549 2751 quorum
2578 2689 2732 2753 majo·

1715 2767 1790 2802 res
1823 2754 1957 2800 fuere
1989 2754 2211 2800 homines
2242 2756 2387 2818 rudes
2419 2762 2469 2801 et
2503 2764 2733 2814 agrestes,

1714 2819 1938 2868 omnium
1974 2818 2276 2876 voluptatum
2312 2815 2482 2880 ignari.
2532 2821 2609 2867 cf.
2646 2822 2735 2867 ini.

1717 2881 1813 2929 111.
1832 2882 1912 2930 6⁸1.
1934 2888 1984 2927 et
2002 2884 2064 2928 ad
2079 2882 2224 2933 vm.
2241 2882 2353 2937 2ἶ5.
2427 2884 2541 2933 128.
2563 2886 2735 2938 urtica,

1714 2947 1900 3007 quaevis
1915 2948 2110 3006 cupido,
2126 2948 2252 3006 inpr.
2267 2949 2483 3008 pruritus
2497 2949 2733 3010 libidinis,

1717 3020 1771 3056 ut
1796 3011 1884 3058 inf.
1899 3010 1994 3057 XI.
2017 3010 2126 3060 166.
2149 3012 2233 3059 ubi
2248 3019 2321 3057 est
2342 3025 2515 3073 synon.
2538 3012 2601 3059 τῦ
2619 3013 2735 3058 inri-

1718 3078 1969 3120 tamentum
1990 3075 2199 3123 Venetis.
2233 3078 2312 3123 Sic
2324 3082 2374 3123 et
2386 3071 2528 3132 aava,
2541 3073 2738 3132 asstante

1716 3147 1766 3185 et
1789 3136 1978 3200 κνημίς.
2004 3154 2048 3186 v.
2072 3142 2249 3187 Jacobs
2269 3144 2331 3188 ad
2352 3142 2554 3192 Anthol.
2572 3144 2663 3198 Gr.
2678 3143 2734 3188 T.

1720 3202 1792 3250 11.
1814 3206 1867 3251 Ρ.
1894 3206 1936 3250 1.
1961 3218 2010 3265 p.
2037 3203 2146 3253 141.
2169 3212 2218 3252 et
2242 3205 2351 3266 201.
2375 3210 2578 3269 nepotes,
2602 3214 2735 3269 post-

1718 3283 1845 3326 eros,
1884 3266 2141 3330 daeoyo'mae.
2224 3269 2332 3319 129.
2373 3270 2606 3317 Traditur
2635 3273 2736 3317 viro

1720 3334 1814 3389 vir,
1838 3341 2088 3394 tamquam
2121 3347 2199 3380 res
2220 3343 2377 3396 emta,
2393 3336 2490 3383 ritu
2513 3336 2738 3396 nuptiali.

1723 3395 1818 3443 Vir
1838 3398 1944 3444 viro
1971 3399 2128 3446 nubit.
2728 3447 2735 3458 ,

1788 3462 1895 3508 130.
1933 3462 2055 3509 Haec
2075 3457 2210 3514 δωὸς
2234 3463 2362 3511 «licta
2382 3478 2469 3524 pro
2484 3482 2501 3512 ε
2538 3480 2629 3512 nec
2645 3468 2739 3522 ira7

1724 3528 1885 3576 sceris.
1899 3540 1986 3573 nec
2000 3528 2068 3573 ira
2083 3519 2256 3575 ardes?
2281 3529 2455 3578 cninf.
2468 3529 2652 3577 xum
2663 3532 2740 3578 13.

1724 3603 1820 3651 seq.
1869 3589 2004 3638 Mars
2023 3592 2173 3638 iratus
2191 3598 2375 3654 quassat
2385 3593 2571 3656 galeam
2592 3602 2645 3641 et
2661 3610 2738 3643 ca-

1724 3663 1830 3713 put,
1863 3660 1931 3718 'ut
1967 3653 2242 3718 Ἐνοσίχθιη
2278 3656 2453 3709 nausicaa
2499 3656 2618 3723 ⁸40¹
2664 3674 2740 3720 ap,

1727 3719 1876 3766 Hom.
1899 3721 1990 3766 Od.
2016 3737 2049 3767 ι.
2075 3720 2186 3768 285.
2256 3721 2366 3770 131.
2388 3723 2496 3769 Nec
2526 3727 2737 3784 quereris

1725 3783 1870 3849 Patri
1899 3790 2003 3838 tuo,
2025 3784 2158 3840 Jovi,
2180 3786 2436 3833 mollitiem
2470 3800 2527 3833 ac
2559 3790 2738 3844 scelera

1723 3848 2080 3912 Romanorum,
2106 3852 2181 3896 vel
2213 3852 2275 3896 de
2307 3851 2368 3896 iis
2399 3853 2531 3911 apud
2553 3860 2738 3914 patrem

1726 3918 1866 3958 tuum
1883 3913 1906 3958 ἓ
1941 3913 2150 3960 Martem
2175 3914 2279 3959 sine
2300 3922 2437 3974 patre
2459 3916 2633 3975 fuisse,
2647 3930 2739 3964 non

1728 3977 1819 4022 nisi
1846 3971 2177 4026 Romanorum
2212 3986 2464 4037 poetarum
2489 3994 2744 4028 commen-

1725 4047 1832 4098 tum
1855 4049 1943 4102 est.
1990 4041 2192 4088 Summa
2215 4055 2329 4089 vero
2348 4045 2422 4090 vis
2445 4043 2736 4107 indignatio-

1727 4106 1800 4151 nis
1820 4106 1868 4152 in
1893 4106 1969 4151 his
1986 4113 2035 4154 et
2051 4106 2248 4167 reliquis
2265 4109 2441 4162 verbis,
2455 4110 2597 4169 quasi
2611 4111 2745 4156 Mars

1723 4170 1828 4229 ipse
1881 4171 2027 4232 talem
2080 4170 2397 4238 ignominiam
2442 4186 2736 4235 morumque

1722 4235 2006 4296 pravitatem
2028 4235 2190 4280 ulcisci
2210 4241 2260 4280 et
2277 4242 2489 4299 avertere
2513 4245 2738 4297 nequeat.

1789 4297 1897 4349 131.
1925 4298 2032 4356 132.
2068 4299 2247 4344 Curam
2278 4302 2457 4359 gentis.
2483 4299 2625 4362 cujus
2647 4317 2732 4348 au-

1723 4369 1824 4412 ctor
1848 4377 1919 4422 es,
1945 4372 1992 4408 ct
2026 4376 2172 4424 quam
2204 4363 2510 4429 turncgliggre
2534 4368 2735 4427 videris,
