2978 4920
609 322 741 387 !OE
1319 318 1991 383 JUVENALIS

1264 881 1828 972 SATIRA
1910 883 2066 964 lx..

1360 1430 1976 1489 ARGUMENTUM.

628 1570 857 1620 Naevolum
872 1573 1143 1634 padiconem
1161 1574 1279 1621 tristi
1301 1575 1429 1622 vultu
1450 1575 1622 1622 obvium
1652 1582 1777 1636 poeta
1804 1581 2111 1634 percontatur,
2134 1589 2239 1635 que
2251 1574 2309 1620 sit
2329 1574 2554 1621 mastitioe
2574 1575 2723 1635 ipsius,

685 1667 910 1718 rugarum
929 1667 984 1699 ac
1003 1654 1159 1700 maciei
1180 1669 1330 1709 causa,
1348 1663 1392 1700 et
1409 1663 1570 1701 utrum
1588 1656 1688 1701 vita:
1706 1669 1849 1718 gemas
1867 1654 2124 1700 mutaverit.
2146 1668 2190 1699 v.
2216 1652 2390 1699 1-26.
2440 1651 2529 1699 Ille
2549 1669 2722 1714 reapon—

685 1736 776 1790 det,
789 1733 869 1781 hoc
887 1735 994 1781 vitoe
1010 1735 1267 1782 institutum
1283 1735 1385 1782 aliis
1404 1733 1731 1800 quidemfhme
1741 1735 1948 1796 perutile,
1964 1750 2006 1781 se
2023 1749 2138 1789 vero,
2154 1742 2323 1795 proeter
2341 1734 2499 1780 tenuia
2518 1736 2718 1795 quaedam

684 1830 888 1870 munera,
901 1815 1017 1862 nihil
1036 1817 1138 1863 inde
1144 1814 1336 1880 fructus
1351 1817 1602 1877 percepisse,
1616 1818 1729 1877 quod
1745 1825 1788 1863 et
1804 1817 2047 1863 necessitati
2061 1812 2415 1877 durissimoefati
2432 1815 2718 1862 tribuendum

683 1896 759 1950 sit,
780 1905 823 1942 et
853 1897 1059 1942 avaritie
1088 1894 1285 1942 Virronis
1315 1895 1590 1957 aliorumque
1620 1897 1812 1943 divitum
1847 1897 2139 1949 cinoedorum,
2172 1896 2250 1956 qui
2284 1894 2501 1941 kvizsima
2540 1910 2722 1957 queque

685 1974 801 2021 dona
827 1990 881 2020 ac
901 1973 1124 2036 beneficia,
1147 1975 1197 2020 in
1214 1976 1401 2021 draucos
1419 1975 1609 2028 conlata,
1633 1976 1688 2021 iis
1715 1977 1985 2036 apr-obrem,
2016 1984 2059 2022 et
2078 1976 2224 2038 gratis
2253 1989 2433 2035 operam
2460 1975 2543 2021 sibi
2563 1975 2724 2021 abillis

686 2052 873 2112 cupiant
889 2055 1114 2114 prestari,
1127 2056 1323 2116 quamvis
1334 2053 1547 2118 deformes
1557 2057 1661 2108 sint,
1676 2065 1718 2102 et
1735 2055 1849 2102 hisce
1864 2056 2097 2103 clientibus
2110 2056 2201 2100 suis
2216 2070 2385 2100 omnem
2398 2056 2607 2119 conjugii
2611 2054 2723 2118 seli-

686 2131 880 2190 citatem,
895 2142 937 2180 et
941 2135 1062 2193 jura
1074 2143 1311 2193 parentum
1329 2135 1658 2198 legatorumque
1679 2136 1992 2195 capiendorum
2008 2135 2209 2183 debeant.
2229 2132 2441 2179 27-90.
2480 2132 2623 2183 Poeta
2643 2136 2721 2179 mi·

684 2207 1038 2278 seraturfortem
1052 2207 1243 2272 Novoli,
1260 2218 1381 2279 isque
1400 2225 1547 2281 rogat,
1557 2225 1611 2263 ut
1626 2218 1799 2265 occulta
1818 2218 1903 2278 ipsi
1920 2217 2090 2264 credita
2102 2217 2313 2269 ¹reticeat,
2327 2216 2539 2276 quoniam
2559 2216 2723 2276 pathici

685 2295 785 2342 odio
799 2307 1123 2360 prosequantur
1140 2314 1257 2355 eum,
1280 2315 1312 2346 a
1328 2315 1418 2362 quo
1434 2301 1620 2347 timeant
1637 2298 1838 2347 libidines
1858 2313 1960 2346 suas
1980 2298 2201 2362 evulgari,
2219 2305 2262 2344 et
2281 2296 2352 2344 vel
2372 2311 2525 2343 necem
2540 2297 2614 2344 illi
2634 2313 2723 2343 ma·

684 2375 936 2426 chinentur.
954 2380 1197 2429 90—101.
1229 2379 1461 2427 Juvenalv‘s
1474 2388 1629 2428 contra
1647 2388 1805 2435 monet,
1823 2380 1878 2426 ab
1898 2395 1961 2433 eo,
1976 2380 2053 2442 qui
2073 2371 2231 2449 plu&
2240 2389 2383 2424 servos
2398 2376 2574 2433 habeat,
2595 2378 2719 2432 nihil,

631 2468 637 2475 ·
684 2470 744 2506 ne
760 2468 892 2506 noctu
909 2463 1099 2523 quidem,
1112 2462 1227 2510 clam
1246 2478 1363 2523 posse
1379 2459 1644 2524 perpetrari,
1660 2471 1702 2509 et
1723 2469 1840 2508 recte
1857 2462 2091 2509 vivendum
2111 2475 2212 2515 esse,
2228 2475 2331 2511 cum
2349 2456 2468 2505 alias
2484 2457 2534 2505 ob
2555 2474 2719 2514 causas,

686 2548 782 2587 tum
799 2545 1044 2606 precipue,
1058 2552 1113 2593 ut
1131 2556 1401 2593 contemnere
1419 2545 1549 2593 liceat
1570 2545 1771 2609 linguam
1787 2545 2123 2605 mancipimum,
2140 2556 2239 2604 quoe
2260 2542 2436 2603 quidem
2457 2543 2644 2601 pessima
2656 2557 2721 2588 eo·

681 2637 786 2669 rum
803 2639 911 2684 pars
928 2627 1003 2674 sit.
1030 2627 1299 2675 loc-122.
1337 2626 1434 2674 Hoc
1453 2626 1686 2674 consilium
1704 2620 1901 2673 salutare
1920 2626 2093 2688 quidun
2112 2639 2198 2671 esse
2202 2620 2393 2686 fatetur
2408 2620 2641 2689 ἸΝιευοῑιιε,
2654 2624 2721 2668 sed

685 2719 810 2751 nunc
829 2707 1074 2754 rationibus
1089 2710 1179 2754 suis
1197 2723 1356 2769 parum
1371 2708 1628 2762 conducere,
1650 2715 1742 2768 post
1753 2714 2025 2753 consumtum
2034 2707 2137 2766 jam
2155 2704 2302 2750 aetatis
2317 2703 2470 2758 robur,
2485 2712 2529 2749 et
2545 2718 2637 2763 spes
2652 2703 2720 2748 de-

687 2793 848 2844 ceptas.
874 2786 1142 2835 123-129.
1189 2786 1326 2834 Poeta
1344 2804 1444 2834 eum
1465 2788 1644 2834 meliora
1663 2801 1837 2847 sperare
1842 2787 1994 2847 jubet,
2009 2801 2146 2848 quum
2162 2792 2304 2832 stante
2320 2780 2465 2830 Roma
2485 2797 2721 2844 numquam

685 2864 893 2927 defuturi
912 2868 1002 2914 sint
1024 2867 1214 2914 homines
1231 2869 1378 2914 molles
1397 2884 1451 2914 ac
1467 2869 1643 2914 cinoedi.
1671 2866 1943 2914 130-134.
1994 2866 2056 2911 At
2080 2863 2287 2912 Naevolus
2306 2879 2438 2924 spem,
2452 2865 2561 2910 inde
2579 2864 2715 2910 conci-

683 2948 909 3006 piendam,
917 2947 1135 3012 felicibus
1154 2957 1330 2996 tantum
1357 2951 1619 3010 propositam
1640 2964 1725 2997 esse
1744 2950 1872 3004 dicit,
1893 2964 1982 2995 non
2010 2949 2106 3002 sibi,
2128 2963 2256 3009 quem
2276 2945 2440 2991 Fatum
2462 2947 2573 2993 velit
2595 2946 2713 2992 tenui

690 3026 812 3072 victu
833 3037 1084 3077 contentum
1105 3045 1203 3084 esse,
1226 3031 1334 3076 etin
1354 3032 1483 3091 cnjus
1504 3040 1605 3076 vota
1628 3028 1831 3077 Fortuna
1850 3030 1906 3076 sit
1927 3030 2082 3076 surda.
2103 3026 2375 3075 135-150.

712 3202 1008 3299 SCIRE
1039 3227 1250 3305 velim,
1281 3250 1477 3313 quare
1506 3228 1695 3293 toties
1722 3226 1900 3305 mihi,
1933 3226 2218 3304 Nae'vole‚
2251 3222 2451 3290 tristis

710 3335 1030 3400 Obcurras
1058 3329 1265 3394 fronte
1293 3328 1594 3407 obducta,
1625 3352 1741 3393 ceu
1773 3330 2038 3415 Marsya
2065 3328 2293 3392 victus.

712 3434 885 3515 Quid
916 3431 1032 3498 tibi
1061 3453 1207 3495 cum
1237 3430 1446 3507 vultu,
1477 3429 1730 3517 qualem
1759 3429 2107 3516 deprensus
2134 3426 2412 3491 habebat

692 3653 846 3704 Satira
854 3653 959 3701 baec
976 3650 1273 3725 lepidissimis
1286 3649 1429 3716 plena
1439 3650 1632 3706 salibus,
1697 3665 1791 3713 que
1822 3647 2063 3698 hominum
2096 3663 2262 3712 genus,
2289 3654 2337 3694 et
2367 3645 2640 3711 paedioenes
2667 3650 2712 3693 et

625 3719 710 3766 sed
741 3729 790 3767 et
821 3715 1198 3770 obscoenissimis,
1219 3724 1414 3780 totaque
1447 3714 1633 3764 drama·
1699 3714 1884 3769 cinaedi,
1907 3712 2127 3761 acerrime
2148 3709 2464 3775 exagitantur.

627 3783 722 3831 tica
749 3791 854 3842 est;
888 3799 996 3847 quae
1022 3779 1209 3845 quidem
1239 3779 1458 3828 carminis
1488 3779 1637 3828 forma
1766 3780 1814 3827 l.
1849 3778 2075 3833 Naeoolus,
2119 3776 2338 3831 draucus,
2385 3774 2523 3839 cujus
2574 3775 2712 3823 etiam

629 3853 903 3912 argumento
955 3860 1096 3910 quam
1154 3844 1356 3893 maxime
1403 3844 1633 3908 congruit,
1699 3842 1912 3891 meminit
1941 3840 2194 3889 Martialis.
2259 3841 2329 3904 (E
2362 3839 2446 3902 igr.
2473 3841 2518 3889 Ι.
2541 3842 2625 3889 98.
2647 3839 2716 3886 11.

625 3913 929 3977 pluribusque
961 3909 1141 3960 facetiis
1171 3909 1471 3958 inmiscendis
1503 3924 1636 3956 occa-
1703 3908 1783 3957 49.
1805 3908 1906 3956 111.
1931 3907 2011 3956 77.
2030 3908 2113 3955 95.
2129 3906 2224 3954 IV.
2245 3906 2324 3953 84.
2405 3904 2629 3968 2.sronte
2647 3905 2715 3951 ob·

626 3979 804 4026 sionem
834 3976 1031 4042 prebet.
1095 3974 1325 4023 Naevolus
1359 3989 1465 4021 vero
1498 3973 1638 4021 drau-
1701 3974 1840 4020 ducta
1878 3971 2098 4024 tenebris.
2130 3968 2179 4017 h.
2213 3984 2257 4017 e.
2292 3968 2431 4025 tristi,
2471 3969 2524 4017 in
2542 4020 2547 4029 ,
2564 3984 2716 4032 rugas,

627 4059 712 4091 cus
738 4058 833 4092 non
861 4040 1012 4088 solum
1043 4047 1190 4104 poetae
1219 4037 1535 4103 turpissimum
1569 4037 1638 4084 vi·
1703 4036 1793 4097 (cf.
1810 4035 1893 4084 inf.
1914 4053 1957 4084 v.
1974 4035 2051 4098 9.)
2068 4033 2153 4083 sed
2172 4032 2323 4096 magis
2339 4032 2403 4081 ad
2425 4034 2718 4084 moestitiam.

628 4115 688 4155 tae
708 4124 803 4156 suae
825 4120 975 4171 genus
990 4112 1147 4178 aperte
1168 4103 1373 4168 exponit,
1390 4101 1474 4149 sed
1495 4100 1639 4148 etiam
1702 4114 1845 4163 quam
1877 4100 2186 4153 severitatem,
2208 4105 2465 4147 contracta.
2535 4099 2721 4160 Marsya

626 4172 871 4221 Virronem
907 4169 1146 4246 pathmum
1181 4170 1253 4231 (v.
1288 4163 1530 4227 40—90.)
1562 4165 1633 4212 in·
1701 4179 1740 4211 s.
1757 4165 1977 4229 Marsyas
1998 4168 2141 4213 victus
2171 4162 2221 4210 in
2256 4161 2514 4211 certamine
2543 4162 2720 4211 musico

625 4235 873 4298 gratissimi
908 4232 1131 4283 insimilat
1168 4230 1328 4284 animi,
1352 4230 1526 4306 quippe
1555 4229 1635 4292 qui
1702 4228 1764 4275 ab
1800 4228 2039 4294 Apolline,
2063 4227 2146 4294 qui
2176 4226 2347 4292 pellem
2381 4227 2426 4275 ei
2459 4226 2717 4277 detraxisse

624 4316 707 4364 pro
758 4300 950 4349 summis
1013 4294 1254 4345 beneficiis
1306 4294 1636 4357 laboribusque
1701 4292 1886 4341 dicitur.
1938 4294 2115 4342 Faceta
2136 4300 2294 4343 autem
2315 4307 2420 4340 com
2458 4291 2610 4340 aratio
2632 4300 2716 4344 est,

624 4364 756 4413 nulla
771 4365 868 4413 sere
881 4360 1106 4429 rependat
1123 4358 1330 4425 praemia.
1365 4360 1442 4408 Ita
1455 4366 1633 4408 utrum·
1699 4357 1776 4407 cni
1804 4358 2067 4407 conferatur
2099 4373 2194 4406 non
2233 4356 2389 4405 minus
2445 4356 2617 4422 epidus
2651 4356 2716 4403 lo-
