2978 4920
602 326 730 391 Μ

1307 269 1983 390 JurENAnls

691 507 757 572 Si
788 520 1071 573 tenerum
1100 504 1374 575 adtritus
1401 505 1726 572 catinensi
1756 503 2008 590 pumice
2036 502 2333 568 lumbum

689 608 1059 695 Squalentes
1088 605 1366 671 traducit
1394 629 1568 682 avos,
1597 618 1925 692 emtorque
1957 604 2178 670 veneni

689 707 1068 795 Frangenda
1093 706 1380 771 miseram
1414 706 1696 771 funestat
1724 705 1995 792 imagine
2023 710 2320 791 gentem?

685 800 864 873 Tota
891 808 1042 873 licet
1065 819 1307 871 veteres
1334 819 1639 872 exornent
1672 806 1955 892 undique
1985 829 2146 870 cerae

686 909 899 986 Atria,
928 907 1222 973 nobilitas
1249 907 1382 974 sola
1408 919 1503 971 est
1532 920 1730 993 atque
1758 906 1946 971 unica
1974 906 2196 972 virtus.

689 1009 953 1085 Paulus,
984 1007 1085 1070 vel
1117 1008 1371 1083 Cossus,
1400 1007 1504 1070 vel
1538 1008 1793 1071 Drusus
1822 1006 2106 1070 moribus
2134 1018 2298 1072 esto:

690 1109 831 1174 Hos
860 1122 1005 1174 ante
1032 1108 1266 1194 effigies
1296 1109 1605 1195 majorum
1635 1130 1801 1194 pone
1831 1120 2126 1173 tuorum:

693 1210 1060 1276 Proecedant
1089 1210 1257 1296 ipsas
1281 1195 1376 1274 'illi
1408 1223 1473 1275 te
1507 1210 1782 1275 Consule
1811 1209 2041 1296 virgas·

692 1312 907 1377 Prima
933 1312 1087 1376 mihi
1118 1312 1309 1377 debes
1336 1310 1527 1377 animi
1556 1312 1738 1378 bona.
1787 1323 2045 1376 sanctus
2072 1312 2291 1377 haberi

687 1413 1099 1500 Justitiaeque
1128 1426 1314 1479 tenax
1344 1414 1531 1479 factis
1558 1413 1876 1499 dictisque
1905 1412 2186 1490 mereris,

695 1507 996 1581 Adnosco
1023 1537 1360 1601 procerem.
1403 1515 1597 1592 salve,
1632 1514 1972 1592 Gaetulice,
2004 1537 2114 1578 seu
2145 1526 2223 1582 tu

605 1769 737 1810 num,
776 1753 837 1803 ad
875 1752 1043 1803 ostium
1081 1751 1191 1802 Silis
1224 1752 1270 1801 fl.
1305 1751 1462 1809 situm,
1504 1755 1617 1806 alba

605 1818 827 1882 mollique
847 1818 961 1866 lana
979 1816 1090 1865 olim
1123 1816 1357 1867 inclaruit.
1430 1819 1615 1867 Velleri-

603 1885 684 1931 bus
701 1885 855 1943 primis
872 1883 1055 1943 Apulia,
1077 1882 1243 1929 Parma
1261 1883 1460 1931 mundis
1480 1883 1617 1932 Nobi·

607 1949 677 2002 15⁸,
702 1949 910 1995 Altinum
931 1948 1064 1994 tertia
1092 1947 1249 1994 laudat
1281 1947 1384 2003 ovis,
1409 1946 1615 1997 Martini.

606 2011 748 2058 XlV.
772 2012 880 2059 155.
944 2008 1169 2073 Epitheta
1187 2025 1297 2058 vero
1325 2024 1356 2057 a
1386 2019 1615 2075 praestan·

607 2074 720 2122 tiore
743 2073 904 2137 aliquo
922 2088 1090 2136 genere
1110 2073 1358 2124 ducuntur.

680 2138 753 2185 16.
778 2138 960 2186 Pumice
976 2145 1131 2187 cutem
1151 2146 1298 2186 terere
1313 2137 1389 2186 vel
1408 2138 1616 2203 levigare

1750 1756 1824 1803 18.
1857 1753 1956 1812 Qui
1988 1752 2054 1802 rei
2095 1752 2327 1818 capitalis,
2367 1759 2421 1802 ut
2464 1752 2689 1809 veneficii,

1680 1818 1955 1883 majestatis,
2018 1817 2350 1883 perduellionis
2410 1824 2504 1866 cet.
2582 1816 2688 1866 olim

1681 1882 2045 1939 damnabantur,
2087 1897 2247 1930 eorum
2288 1890 2337 1930 et
2378 1881 2571 1931 nomina
2607 1881 2688 1930 de·-

1680 1947 1766 2020 leri
1806 1945 2033 2021 fastisque
2052 1946 2221 2017 eradi,
2258 1954 2308 1994 et
2344 1953 2512 2021 statua:
2551 1952 2689 2009 atque

1678 2010 2569 2148 affixe‘msffasszffsvs
2589 2024 2691 2148 τες

1680 2154 1782 2188 ram
1822 2139 2022 2193 detrahi,
2059 2139 2158 2187 solo
2197 2138 2375 2203 adfligi,
2413 2139 2609 2187 conflari
2644 2145 2697 2186 et

606 2201 816 2250 mollium
838 2201 1039 2250 virorum
1069 2210 1157 2250 est.
1223 2202 1298 2252 Cf.
1321 2202 1405 2251 inf.
1434 2219 1479 2252 v.
1510 2204 1618 2253 114.
1666 2204 1838 2269 ftangi
1868 2203 2099 2254 solebant.
2115 2204 2346 2268 funestat,
2365 2202 2556 2269 polluit,
2581 2218 2691 2250 oon-

609 2259 722 2322 115.
738 2267 828 2318 IX.
849 2267 931 2313 95.
949 2282 1052 2331 sup.
1075 2268 1146 2315 11.
1174 2268 1248 2315 11.
1268 2282 1367 2330 seq.
1388 2267 1555 2316 cutim
1574 2284 1612 2316 s.
1678 2267 1895 2324 taminat,
1909 2267 2177 2317 dedecorat.

611 2332 800 2388 Οαωπα,
845 2329 1047 2387 κακίω,
1089 2330 1258 2382 Siciliae
1311 2347 1421 2397 opp.
1473 2347 1616 2397 prope

609 2396 826 2452 AEtnam,
846 2411 904 2444 ex
936 2412 1029 2459 quo
1062 2403 1220 2444 monte
1245 2397 1453 2459 pumices
1485 2396 1614 2462 ejici·

601 2469 765 2517 untur,
840 2459 979 2509 uibus
1017 2460 1120 2527 ipsa
1157 2460 1345 2510 demum
1384 2462 1495 2510 urbs
1530 2460 1614 2511 ob·

606 2534 714 2574 mta
733 2534 782 2574 et
834 2526 971 2574 eleta.
995 2542 1041 2573 v.
1066 2527 1201 2575 Oros.
1229 2527 1288 2575 V.
1314 2528 1392 2575 13.
1410 2534 1461 2574 et
1487 2527 1613 2574 Dor-

605 2589 705 2638 vill.
726 2590 822 2641 Sic.
852 2604 895 2637 c.
934 2592 1009 2638 13.
1075 2590 1323 2655 Epitheton
1345 2607 1452 2639 cum
1484 2590 1614 2639 dele·

607 2662 687 2704 ctu
752 2656 918 2703 ositum
953 2670 1071 2707 esse,
1106 2655 1380 2716 intelligitur
1420 2670 1477 2704 ex
1522 2661 1616 2703 vet.

608 2671 762 2767 schol.
807 2726 840 2747 “
862 2719 1041 2774 Catum,
1082 2736 1191 2785 opp.
1233 2719 1423 2773 Sicilioe,
1469 2733 1619 2781 usque,

608 2781 669 2829 ad
689 2785 858 2848 probra
877 2781 1152 2841 dissolutum
1176 2791 1377 2838 notatur,
1398 2790 1450 2830 ut
1469 2782 1618 2831 Biba-

606 2846 772 2895 culus:
831 2847 937 2893 Osce
987 2864 1127 2902 senes,
1180 2848 1437 2909 Catimrque
1486 2862 1618 2906 puer,

612 2910 816 2963 Cumana
847 2910 1101 2959 meretri1.”
1178 2911 1443 2973 Grangaeus
1474 2909 1619 2958 etiam

610 2981 784 3029 monet,
824 2972 1027 3022 cinaedos
1071 2973 1323 3024 catinenses
1364 2972 1506 3021 fuisse
1543 2973 1618 3023 'di-

609 3044 725 3092 etos,
765 3044 813 3084 et
857 3038 1109 3087 Lentulum
1147 3037 1258 3087 inde
1298 3037 1502 3087 Mimum
1543 3037 1616 3087 in·-

610 3099 844 3163 scripsisse
870 3102 1134 3157 Cati-nemer,
1156 3103 1216 3150 de
1235 3118 1330 3165 quo
1351 3119 1398 3151 v.
1418 3103 1620 3152 Tertull-

611 3162 662 3210 in
699 3163 902 3228 Apolog.
973 3166 1046 3215 17.
1082 3166 1333 3228 squalentes
1367 3169 1455 3220 avi,
1500 3182 1615 3229 quo-

611 3243 713 3274 rum
737 3234 905 3276 statuae
925 3234 975 3275 et
1003 3228 1307 3292 imagine-{ob
1339 3237 1617 3278 vetustatem

610 3293 762 3341 colore
788 3291 973 3340 sordido
1003 3293 1219 3343 obductae
1252 3302 1300 3342 et
1330 3292 1425 3341 situ
1455 3293 1618 3344 obsita

611 3365 754 3413 sunt3
790 3364 843 3405 ut
866 3358 1070 3419 :qualem
1106 3358 1181 3407 vel
1203 3359 1381 3406 horrens
1406 3373 1617 3423 campus,

607 3430 659 3477 et
694 3421 865 3485 ς-νφιλὴ
901 3420 1055 3484 χθὼν,
1090 3421 1261 3470 dicitur
1297 3437 1506 3486 campus,
1539 3424 1619 3486 qui

611 3486 755 3541 nimio
775 3487 883 3543 solis
913 3487 1076 3544 ardore
1104 3494 1309 3542 exustuS,
1333 3485 1519 3535 sordido
1541 3503 1619 3537 co-

611 3538 708 3599 lore
747 3566 803 3601 ac
837 3551 982 3601 nitore
1015 3551 1336 3616 pulverulento
1367 3550 1617 3609 obductus,

613 3613 755 3671 tristis
787 3615 1009 3679 adspectu
1041 3624 1090 3664 et
1108 3616 1312 3665 incultus
1330 3623 1417 3665 est.
1481 3617 1531 3664 N
1533 3634 1617 3666 on-

612 3677 731 3733 nulli
750 3688 989 3741 exponunt
1018 3679 1372 3744 pilis,·horridos.
1394 3680 1616 3737 intonsos,

613 3739 842 3797 incomtis·
865 3742 1065 3806 capillis,
1104 3745 1314 3808 adeoque
1354 3743 1619 3810 pumicibus

615 3821 717 3860 non.
750 3804 1003 3867 levigatos3
1059 3809 1138 3856 alii
1182 3810 1410 3871 lugentes,
1449 3807 1620 3871 quibus

612 3869 799 3933 squalor
817 3879 866 3916 et
884 3870 1041 3919 sordes
1061 3872 1342 3921 tribuuntur.
1386 3872 1618 3929 Traducit,

615 3932 726 3987 risui
757 3933 963 3997 exponit,
997 3936 1280 3985 contumelia
1312 3935 1487 3990 adficit,
1527 3956 1619 3985 σι-

612 3996 970 4064 ςαδιιγματίζεη
1003 3998 1272 4063 metaphora
1295 4001 1355 4048 ab
1378 3999 1435 4046 iis
1488 4001 1619 4058 etita,

614 4064 698 4127 qui
739 4071 849 4111 ante
890 4062 1049 4113 oeulos
1084 4063 1323 4112 hominum
1364 4070 1432 4111 tra
1467 4080 1616 4114 ucun·

615 4134 706 4185 tur,
724 4127 1054 4191 utrspectaculo
1065 4128 1180 4179 sint.
1214 4126 1315 4177 Alii
1327 4134 1497 4191 putant
1506 4146 1618 4194 poe-

615 4200 712 4247 tam
746 4190 998 4255 respexisse
1036 4191 1098 4240 ad
1130 4206 1346 4256 pompam
1379 4191 1618 4243 solennem

613 4258 845 4310 funerum,
884 4255 967 4308 ubi
1003 4253 1230 4319 imagines
1266 4255 1493 4318 majorum
1526 4265 1619 4307 tra-

615 4321 920 4376 ducebantur,
943 4336 1035 4386 quo
1067 4331 1116 4370 et
1146 4336 1244 4384 seq.
1265 4335 1446 4369 versum
1481 4322 1621 4388 vulgo

614 4387 839 4435 referunt.
869 4395 1004 4444 contov-
1025 4387 1194 4443 veneni,
1216 4385 1467 4434 veneficus.

1747 2333 1821 2381 19.
1841 2347 1939 2396 seq.
1979 2332 2119 2381 Conf.
2141 2333 2321 2394 Paneg.
2353 2330 2416 2380 ad
2449 2329 2613 2380 Pison.
2644 2346 2691 2378 v·

1679 2397 1727 2444 5.
1753 2411 1851 2462 seq.
1884 2398 1994 2446 Seu.
2016 2398 2106 2462 Ep.
2129 2397 2209 2444 44.
2242 2403 2292 2471 et
2323 2395 2521 2445 Sallust.
2555 2396 2627 2444 Β..
2647 2394 2692 2442 Ι.

1680 2463 1764 2511 85.
1795 2471 1954 2512 interes
1984 2478 2112 2519 eerae,
2147 2460 2377 2525 imagines
2408 2476 2560 2511 oereae
2592 2475 2688 2508 ma·

1670 2524 1845 2588 jorum.
1866 2527 2019 2581 Atria,
2041 2543 2085 2573 v.
2110 2525 2172 2575 ad
2190 2541 2238 2573 v.
2267 2526 2308 2574 1.

1743 2592 1824 2638 21.
1843 2591 2013 2639 Paulus
2034 2589 2250 2645 AEmiliae,
2270 2590 2422 2637 emm
2437 2586 2692 2644 Cornelia,

1682 2653 1860 2702 Drusus
1923 2653 2139 2704 Claudiae
2198 2653 2352 2716 gentis
2401 2667 2690 2716 cognomen;

1679 2734 1786 2780 quae
1826 2716 2017 2767 familiae
2059 2717 2267 2771 summis,
2311 2724 2360 2766 et
2400 2724 2502 2765 tam
2538 2732 2689 2766 rerum

1681 2789 1933 2845 gestarum,
1969 2797 2112 2845 quam
2144 2781 2367 2830 virtutum
2398 2780 2551 2844 gloria
2581 2797 2691 2829 con-

1682 2846 1855 2912 spicuis
1878 2847 1987 2896 viris
2007 2846 2282 2895 inclaruere.
2488 2886 2495 2892 .

1745 2913 1826 2959 22.
1848 2912 1929 2960 23.
1964 2912 2056 2958 Hos
2090 2926 2242 2959 mores
2278 2911 2427 2958 bonos
2462 2916 2690 2972 antepone

1684 2974 1914 3024 nobilitati
1977 2975 2261 3038 summisque
2323 2972 2688 3035 magistratibus,

1683 3039 1758 3086 vel
1790 3038 1858 3087 illi
1892 3039 2020 3105 prius
2050 3039 2125 3086 his
2156 3038 2339 3086 adsint:
2375 3037 2577 3103 proprie,
2612 3051 2689 3109 eos

1679 3119 1788 3164 pone
1805 3104 1940 3169 quasi
1962 3112 2010 3153 et
2029 3103 2259 3152 constitue
2277 3111 2381 3150 ante
2402 3101 2628 3165 imagines
2642 3116 2688 3148 m

1682 3167 1815 3222 atrio,
1832 3176 1880 3218 et
1899 3168 2028 3217 fama
2055 3166 2274 3217 virtutum
2309 3173 2499 3215 tuarum
2528 3181 2688 3228 prm·

1679 3234 1758 3344 ιέιιαε
1785 3232 1932 3304 ‘quasi
1984 3235 2148 3296 virgas,
2194 3233 2394 3287 lictores,
2435 3228 2479 3278 si
2530 3229 2689 3279 consul

1734 3311 1838 3345 eris.

1747 3361 1957 3409 24-30.
1972 3361 2134 3409 Verba
2144 3359 2332 3426 praeclai
2344 3374 2390 3415 a,
2408 3359 2619 3424 profecta
2632 3372 2688 3405 ex

1684 3433 1857 3481 mente,
1878 3425 2019 3490 plena
2037 3422 2292 3473 honestatis
2314 3439 2455 3473 sensu
2475 3431 2526 3472 et
2553 3422 2689 3470 mise-

1685 3488 1863 3538 ratione
1898 3499 2174 3555 temporum,
2206 3487 2378 3551 quibus
2419 3503 2525 3537 rara
2561 3490 2689 3535 erant

1683 3552 1882 3609 virtutis,
1921 3562 1972 3602 et
2013 3552 2246 3602 rarissima
2285 3551 2547 3600 nobilitatis
2586 3565 2688 3599 cum

1680 3616 1850 3666 virtute
1872 3617 2133 3682 conjuncte
2153 3616 2401 3681 exempla:
2436 3615 2566 3664 Ante
2596 3630 2689 3663 om·

1682 3679 1763 3729 nia
1794 3698 1826 3730 a
1856 3690 1903 3730 tc
1933 3682 2134 3748 postulo,
2175 3689 2227 3730 ut
2266 3680 2410 3730 animi
2441 3679 2688 3728 virtutibus

1682 3746 1903 3795 excellas.
1969 3746 2020 3796 Si
2055 3747 2228 3811 probus
2251 3743 2501 3809 justusque
2535 3743 2686 3799 fueris,

1681 3812 1864 3859 admon
1898 3814 2145 3867 l'rocerem,
2177 3808 2227 3858 h.
2264 3825 2307 3857 e.
2341 3818 2390 3858 te
2420 3807 2626 3856 nobilem
2655 3823 2690 3855 s.

1683 3888 1878 3923 numero
1930 3874 2152 3923 nobilium
2207 3873 2393 3933 habeo;
2444 3871 2555 3920 talis
2604 3870 2688 3920 eris

1684 3937 1889 4002 mihique
1930 3938 2174 3992 videberis,
2214 3938 2369 4002 qualis
2420 3936 2585 3989 haberi
2631 3949 2685 3983 ac

1684 4001 1831 4053 videri
1851 4003 2208 4067 cupis,‚qualem
2240 4010 2418 4051 te.esse
2449 3999 2686 4066 profiteris.

1679 4067 1803 4113 Tum
1835 4067 1956 4124 dico,
1994 4069 2109 4116 salve
2147 4066 2385 4122 Gaetulice,
2430 4073 2480 4113 et
2520 4080 2601 4112 seu
2638 4071 2684 4112 tu

1682 4131 1861 4181 silanus
1892 4131 2077 4188 audias,
2108 4146 2192 4180 sen
2221 4146 2490 4193 quoeunque
2520 4130 2611 4176 ulia
2635 4130 2687 4176 de

1681 4199 1898 4260 sanguine
1921 4196 1994 4245 vel
2025 4211 2212 4258 genere,
2232 4195 2376 4244 etiam
2406 4193 2586 4248 infimo,
2607 4191 2680 4247 sis,

1682 4276 1816 4308 rarus
1837 4270 1879 4308 et
1898 4263 2102 4326 egregius
2121 4261 2228 4308 civis
2246 4275 2330 4319 es;
2361 4259 2410 4306 h.
2429 4274 2476 4306 e.
2493 4267 2594 4306 tum
2624 4263 2680 4309 te.

1686 4332 1926 4388 tamquam
1948 4339 2055 4374 vere
2087 4322 2291 4374 nobilem
2310 4339 2369 4372 ac
2400 4334 2681 4389 generosum,

1687 4389 1959 4445 venerabor,
2000 4389 2131 4439 nulla
2166 4387 2372 4439 nominis
2416 4394 2507 4437 aut
2543 4390 2681 4450 genus
