2978 4920
1030 312 1472 377 SATIRA
1535 312 1671 374 III.

2307 314 2390 375 55

402 486 782 574 Adcipiunt‚
812 484 1006 549 donat
1039 483 1344 561 Calvinae,
1375 482 1475 546 vel
1510 482 1813 559 Catienae,
1981 544 1984 547 ,

401 590 497 652 Ut
530 587 717 651 semel
746 599 940 675 atque
969 585 1203 649 iterum
1232 606 1423 671 super
1452 582 1625 646 illam
1654 581 1959 669 palpitet:
2006 594 2073 649 at
2104 594 2201 661 tu,

399 692 616 767 Quum
646 688 764 755 tibi
793 687 1005 754 vestiti
1034 686 1225 751 facies
1254 687 1445 751 scorti
1474 685 1706 773 placet,
1736 685 1959 762 haereS,

2268 686 2393 749 135

399 792 490 854 Et
520 789 776 857 dubitas
805 789 935 853 alta
966 788 1249 852 Chionen
1282 786 1596 850 deducere
1627 784 1794 851 sella.
2043 870 2049 875 ς

402 892 504 954 Da
536 902 757 954 testem
786 890 1009 953 Romae
1041 900 1171 953 tam
1203 899 1516 964 sanctum,
1548 908 1738 975 quam
1769 884 1896 950 fuit
1925 887 2154 975 hospes

399 991 695 1055 Numinis
728 991 923 1055 Idaei:
970 990 1271 1077 procedat
1300 989 1401 1052 vel
1432 989 1670 1066 Numa,
1701 986 1802 1050 vel
1832 989 1944 1071 qui

401 1094 685 1158 Servavit
718 1093 1028 1181 trepidam
1057 1092 1351 1180 flagranti
1379 1116 1459 1156 ex
1491 1091 1627 1155 aede
1660 1093 2012 1157 Minervam
2039 1116 2053 1154 :

402 1199 717 1261 Protenus
746 1196 828 1260 ad
857 1219 1135 1273 censum,
1167 1195 1247 1258 de
1277 1193 1560 1259 moribus
1590 1193 1817 1259 ultima
1845 1194 1954 1258 fiet

2268 1194 2395 1257 140

404 1298 704 1376 QuaestiO.
796 1299 968 1376 Quot
998 1297 1200 1385 pascit
1231 1300 1486 1360 servos?
1533 1308 1692 1382 quot
1722 1295 2001 1393 possidet
2030 1295 2165 1381 agri

405 1401 450 1462 J
453 1422 649 1485 ugera
672 1404 698 1463 ?
745 1422 940 1485 quam
967 1399 1173 1463 multa
1201 1419 1557 1485 magnaque
1587 1397 1924 1484 paropside
1952 1401 2204 1462 coenat?

406 1503 729 1580 Quantum
761 1501 1032 1588 quisque
1063 1525 1178 1566 sua
1204 1513 1544 1566 nu'morum
1576 1496 1781 1565 ser'vat
1810 1500 1876 1564 in
1906 1523 2070 1578 arca,

314 1641 611 1695 luxuriosae,
623 1642 707 1687 sed
725 1653 882 1687 servus
898 1639 1038 1686 dives.
1079 1639 1330 1686 Sententia

318 1708 370 1750 h.
394 1707 429 1751 l.
451 1712 499 1749 et
521 1707 659 1760 ratio,
684 1720 712 1751 a
734 1712 877 1764 poeta
898 1705 1074 1759 adlata,
1097 1706 1202 1751 haec
1225 1710 1325 1750 est:

319 1783 435 1815 nam
450 1769 529 1814 ille
542 1782 706 1814 servus
719 1771 853 1815 dives
865 1774 956 1827 est,
965 1770 1204 1829 ingenuus
1216 1781 1329 1813 vero

318 1847 518 1892 pauper.
588 1834 729 1880 Hanc
773 1834 1038 1888 notionem,
1073 1845 1208 1878 more
1240 1845 1328 1877 suo

319 1905 370 1942 et
393 1902 662 1956 poetarum,
683 1912 777 1943 non
799 1899 1102 1957 generaliter,
1122 1898 1205 1942 sed
1221 1910 1327 1955 spe-

317 1961 505 2007 cialiter
515 1963 762 2020 expressit.
793 1962 1101 2006 Trt‘bunorum
1112 1962 1327 2006 militum

317 2027 495 2071 salaria
516 2027 752 2084 proverbii
770 2028 903 2071 velut
925 2027 1028 2071 loco
1046 2039 1132 2083 pro
1152 2039 1325 2085 magna

318 2090 540 2149 pecuniae
573 2103 767 2136 summa
799 2096 1046 2148 ponuntur
1080 2091 1227 2134 etiam
1249 2103 1328 2147 ap.

322 2153 452 2201 Plin.
463 2153 699 2200 XXXIV.
714 2155 761 2201 3.
797 2155 978 2199 Eorum
993 2155 1284 2212 stipendium
1301 2168 1331 2199 a

319 2220 621 2278 temporibus
644 2219 932 2275 Domitiani,
947 2218 1031 2277 qui
1049 2231 1222 2262 novem
1245 2231 1331 2263 au·

316 2285 443 2340 reiS,
484 2297 604 2342 quos
647 2283 894 2342 gregarius
933 2283 1074 2327 miles
1106 2283 1329 2336 habebat,

320 2355 423 2393 tres
446 2347 646 2401 addidit,
660 2351 712 2393 et
733 2349 800 2392 sic
817 2346 985 2405 ‚omnia
1000 2347 1136 2392 auxit-
1151 2347 1330 2404 stipen-

308 2413 426 2468 dia,
448 2411 671 2457 XLVIII
697 2411 827 2456 aurei
860 2417 1028 2455 erant:
1065 2423 1178 2456 nam
1202 2411 1330 2469 quod

320 2479 474 2536 pedes
488 2477 773 2534 adcipiebat,
786 2477 836 2520 id
851 2475 1026 2534 duplex
1043 2475 1330 2529 centurioni,

319 2542 504 2599 triplex
527 2541 696 2598 equiti,
715 2540 1012 2599 quadruplex
1035 2539 1225 2584 tribuno
1247 2539 1331 2584 da-

324 2607 486 2650 batur.
524 2604 596 2649 Cf.
624 2606 749 2663 Lips-
773 2606 833 2649 de
855 2604 960 2648 Mil.
996 2603 1139 2648 Rom.
1162 2602 1228 2649 V.
1253 2602 1330 2651 16.

319 2677 372 2713 et
398 2671 521 2728 inpr.
537 2668 578 2714 1.
600 2669 679 2714 Fr.
697 2670 907 2714 Gronov.
925 2670 984 2713 de
1001 2668 1218 2714 Sestertt.
1236 2668 1329 2714 111.

325 2733 372 2779 2.
397 2748 444 2793 p.
472 2733 580 2778 129.
617 2734 820 2781 Calvina
854 2742 902 2777 et
928 2732 1128 2779 Uatiena
1150 2733 1332 2779 nobiles

320 2799 619 2844 meretrice&
671 2799 807 2844 Illius
829 2798 952 2842 forte
973 2798 1158 2843 mentio
1179 2797 1234 2843 fit
1254 2810 1330 2855 ap.

318 2862 442 2908 Tac.
462 2862 593 2908 Ann.
611 2863 728 2909 XIi.
748 2862 793 2907 4.
808 2862 856 2908 8.
872 2862 952 2908 ubi
972 2876 1018 2908 v.
1033 2862 1164 2920 Lips.
1223 2860 1331 2907 134.

317 2927 517 2987 palpitet
550 2928 599 2972 h.
634 2930 667 2972 l.
701 2940 844 2973 sensu
888 2928 1111 2972 obscoeno
1142 2926 1336 2974 dicitur.

324 2995 378 3036 at
412 2996 481 3044 tu,
504 2990 732 3051 ingenue,
758 2992 842 3049 qui
876 3004 1057 3050 pauper
1088 3004 1155 3035 cs.
1225 2989 1336 3037 135.

327 3055 543 3102 Scortum
573 3058 787 3101 vestitum
809 3068 872 3102 sc.
899 3057 1037 3109 bene,
1061 3054 1230 3108 nitide,
1254 3068 1336 3099 ve-

324 3126 501 3177 nuste3
537 3120 626 3165 nisi
656 3120 798 3165 malis
821 3126 1058 3178 togatum,
1078 3132 1214 3163 more
1235 3131 1334 3163 me-

327 3184 577 3234 retricum,
600 3187 668 3237 (v.
686 3186 745 3230 ad
767 3185 807 3230 1.
832 3184 909 3230 96.
933 3191 981 3229 et
1006 3183 1074 3229 11.
1096 3180 1196 3243 70.)
1220 3196 1333 3228 nam

322 3252 437 3308 toga
458 3249 648 3307 proprie
669 3250 808 3294 vestis
829 3249 1019 3293 dicitur.
1088 3246 1198 3293 136.
1231 3248 1336 3293 Me-

326 3313 526 3359 retrices
549 3314 597 3357 in
614 3312 713 3358 alta
728 3313 838 3358 sella
861 3313 1109 3368 sedebant,
1129 3318 1182 3355 ut
1198 3314 1337 3357 adce-

325 3379 500 3423 dentes
545 3383 826 3423 scortatores
861 3375 1081 3421 venalem
1127 3389 1337 3421 mercem

324 3441 576 3486 adtentius
619 3443 989 3493 considerarent,
1031 3454 1087 3486 ac
1121 3442 1340 3485 membra

326 3504 497 3549 omnia
534 3506 769 3551 curiosius
808 3506 1170 3564 perlustrarent,
1215 3504 1340 3550 sicut

322 3570 459 3613 ,servi
492 3570 638 3614 etiam
663 3571 854 3615 venales
875 3570 923 3614 in
952 3576 1133 3614 catasta
1155 3576 1340 3626 prosta-

319 3635 481 3686 ·bant;
517 3646 629 3678 nam
653 3634 764 3680 licet
788 3640 964 3693 togatae
986 3639 1165 3690 esseut,
1188 3634 1341 3692 pellu-

325 3697 507 3743 cebant
534 3699 869 3755 nihilominus,
896 3695 1008 3744 Cois
1039 3699 1253 3745 indutae:
1290 3707 1340 3744 et

331 3762 431 3807 tale
453 3767 615 3808 tamen
640 3769 851 3807 scortum
876 3763 1117 3809 diobolare
1139 3776 1234 3808 non
1253 3776 1340 3807 au-

329 3828 467 3872 deret
501 3840 683 3885 pauper
713 3840 772 3871 ex
807 3827 901 3871 alta
944 3828 1050 3872 sella
1089 3828 1340 3881 deducere,

325 3892 462 3948 quod
498 3891 663 3948 paucis
694 3892 846 3935 obolis
878 3898 1074 3937 careret.
1141 3893 1217 3936 Ita
1232 3887 1338 3951 jam

319 3954 522 3999 Ferrar.
545 3955 696 4000 Elect.
723 3955 789 4001 11.
811 3956 861 4001 8.
881 3957 990 4001 coll.
1013 3957 1126 4001 Scn.
1142 3957 1201 3999 de
1222 3958 1340 4002 lieu.

333 4020 374 4066 I.
401 4019 451 4063 9.
471 4019 625 4066 Plaut.
645 4022 790 4067 Poen.
816 4021 853 4066 1.
879 4021 922 4066 2.
942 4018 1148 4067 54-58,
1171 4027 1216 4063 et
1238 4020 1338 4065 Ho-

331 4090 425 4129 rat.
451 4084 549 4129 Sat.
576 4084 617 4130 Ι.
640 4085 686 4130 2.
711 4084 818 4131 101.
840 4100 937 4144 seq.
995 4086 1130 4129 Idem
1165 4088 1226 4129 ab
1258 4086 1339 4129 illa

316 4150 646 4193 ·merctricum
665 4149 770 4193 sellu
791 4151 1122 4195 denominatos
1140 4150 1342 4208 putabat

324 4212 556 4266 ’sellarum
579 4211 852 4269 sellularios,
874 4214 1122 4259 sellarivlas
1145 4215 1343 4273 popinas

337 4282 388 4321 et
421 4277 644 4329 setaniae,
679 4279 739 4321 de
771 4279 948 4335 quibus
972 4292 1016 4322 v.
1043 4278 1205 4338 intpp.
1226 4277 1341 4323 Tac.

324 4340 467 4389 “·Αηη.
492 4341 587 4389 vl.
608 4339 652 4390 1.
677 4341 888 4387 Martial.
903 4341 966 4387 V.
987 4342 1062 4388 71.
1081 4342 1128 4390 3.
1146 4350 1194 4389 et
1213 4342 1346 4389 Suet.

1395 1639 1504 1685 Tib.
1526 1652 1569 1684 c.
1593 1637 1671 1685 43.
1716 1637 1888 1686 Chione
1922 1646 2036 1685 nota
2057 1653 2083 1685 e
2108 1639 2332 1687 Martiale
2353 1643 2396 1689 1.

1393 1703 1474 1758 35,
1499 1703 1575 1749 93.
1599 1703 1692 1749 111.
1716 1703 1795 1749 30.
1818 1702 1896 1752 84.
1922 1704 2000 1750 83.
2023 1703 2101 1750 86.
2127 1704 2207 1753 96.
2226 1706 2290 1753 al.

1460 1768 1569 1814 137.
1594 1781 1691 1827 seq.
1726 1768 1859 1814 Dare
1881 1770 2083 1815 verbum
2113 1770 2319 1827 forense,
2343 1779 2400 1817 ut

1392 1831 1503 1878 dare
1516 1836 1644 1878 testes
1650 1865 1663 1886 ,
1662 1830 2155 1892 judices,cognitorcm‚
2167 1834 2309 1887 litem,
2311 1837 2398 1896 Ju-

1391 1895 1888 1956 dicium,cognitionem
1901 1904 1991 1943 cet.
2005 1897 2182 1955 Hospes
2193 1900 2402 1945 numinis

1391 1960 1535 2018 Idcm',
1550 1962 1601 2006 P.
1624 1961 1873 2006 Cornelius
1898 1961 2055 2020 Scipio
2078 1962 2273 2019 Nasica,
2293 1964 2401 2022 qui,

1393 2037 1422 2069 a
1444 2033 1613 2071 senatu
1639 2025 1712 2070 vir
1744 2026 1958 2084 optimus
1990 2027 2051 2071 de
2084 2032 2186 2072 toto
2219 2029 2399 2087 populo

1392 2090 1534 2135 Rom.
1551 2086 1816 2150 judicatus,
1831 2090 2177 2136 simulachrum
2195 2095 2244 2135 et
2266 2103 2401 2138 sacra

1398 2154 1572 2198 Matris
1594 2152 1764 2210 deum,
1789 2166 1816 2198 e
1839 2153 2049 2214 Phrygia
2071 2156 2289 2212 advecta,
2312 2156 2400 2201 bo-

1395 2218 1539 2275 spitio
1570 2218 1776 2276 excepit,
1806 2217 1885 2278 (ut
1916 2219 2034 2263 olim
2067 2220 2318 2265 Abinadab
2348 2230 2401 2266 et

1395 2281 1529 2327 Obed
1550 2283 1705 2328 Edom
1730 2295 1889 2327 arcam
1920 2283 2127 2335 foederis,
2150 2285 2401 2330 oraculum

1395 2346 1687 2404 signumque
1704 2347 1974 2405 praesentiae
1994 2347 2191 2400 divinae,
2218 2348 2242 2393 1
2270 2348 2400 2394 Sam.

1396 2410 1509 2455 vn.
1535 2411 1580 2456 1.
1606 2410 1635 2455 2
1654 2410 1785 2456 Sam.
1809 2408 1902 2455 vl.
1922 2410 2000 2457 10.
2017 2418 2139 2471 seq.)
2158 2419 2207 2457 et
2228 2413 2402 2458 deinde

1396 2478 1636 2535 templum
1662 2475 1780 2521 Deae
1812 2477 2061 2521 conditum
2092 2479 2401 2523 consecravit.

1395 2540 1468 2585 Cf.
1489 2540 1595 2586 Liv.
1607 2539 1799 2586 XXIX.
1816 2538 1890 2584 14.
1905 2541 2113 2587 XXXV.
2131 2541 2203 2586 10.
2215 2548 2264 2586 et
2278 2543 2401 2587 Plin.

1395 2602 1511 2649 VII.
1546 2602 1626 2650 34.
1687 2605 1850 2649 Numa
1880 2618 1981 2658 rex,
2007 2605 2080 2649 vir
2105 2601 2402 2665 justissimus

1395 2670 1619 2726 idemque
1634 2667 2038 2725 religiosissimus,
2053 2668 2314 2714 instructus
2331 2670 2403 2715 di.

1395 2733 1600 2791 sciplina
1633 2732 1800 2776 tetrica
1832 2745 1887 2777 ac
1920 2732 2045 2776 tristi
2077 2737 2291 2777 veterum
2318 2735 2401 2779 Sa-

1395 2799 1619 2843 binorum
1639 2810 1655 2850 3
1690 2795 1819 2856 quod
1834 2796 1909 2842 vel
1932 2795 2167 2842 tironibus
2184 2803 2353 2843 notum
2375 2813 2403 2844 e

1399 2861 1510 2908 Liv.
1534 2862 1576 2907 I.
1600 2860 1675 2906 18.

1465 2925 1576 2971 139.
1610 2925 1769 2972 Intell.
1810 2924 1872 2971 L.
1908 2924 2132 2970 Caecilius
2175 2926 2402 2974 Metellus

1400 2990 1510 3036 Coa.
1522 3003 1568 3037 a.
1581 2990 1637 3034 U.
1656 2989 1773 3035 DII.
1792 2995 1839 3033 et
1856 2988 1999 3036 DVI.
2015 2990 2252 3047 Dictator,
2272 2992 2404 3052 Mag.

1400 3054 1493 3113 Eq.
1513 3061 1561 3099 et
1579 3053 1798 3100 Pontifex
1819 3052 1955 3100 Max.
1973 3055 2074 3113 qui,
2087 3068 2238 3113 quum
2255 3056 2405 3102 Palla-

1400 3119 1532 3163 dium
1555 3132 1615 3171 ex
1639 3116 1857 3163 incendio
1877 3120 1994 3164 oedis
2016 3117 2182 3165 Vestoe
2199 3126 2405 3179 raperet,

1400 3184 1565 3229 oculos
1591 3182 1775 3239 amisit,
1798 3184 1926 3228 unde
1947 3183 2035 3229 inf.
2058 3182 2151 3229 VI.
2172 3184 2282 3230 265.
2315 3198 2404 3230 ca·-

1401 3262 1483 3293 ms
1492 3247 1683 3294 dicitur.
1695 3246 1873 3294 v.1'lin.
1893 3246 2011 3293 VII.
2026 3244 2106 3295 Β.
2119 3248 2257 3295 ovid.
2274 3248 2405 3295 Fast.

1401 3311 1497 3358 VI.
1519 3311 1631 3358 43⁷.
1656 3326 1754 3371 seq.
1778 3311 1839 3357 al.
1870 3310 2072 3370 Trepida
2096 3313 2294 3372 fingitur
2311 3315 2410 3360 Mi-

1402 3390 1551 3421 nerva
1571 3378 1753 3435 templo
1773 3376 1987 3431 ardente,
2010 3384 2204 3434 propter
2225 3379 2412 3435 pericu-

1402 3441 1507 3487 lum
1541 3447 1587 3485 et
1612 3454 1775 3492 suum,
1799 3445 1847 3485 et
1868 3441 2012 3485 Rom.
2039 3441 2246 3498 imperii,
2268 3437 2409 3502 cujus

1402 3505 1579 3564 pignus
1592 3510 1693 3550 erat
1706 3504 1994 3551 Palladium.
2060 3502 2170 3550 140.
2184 3505 2411 3552 Proteum

1404 3568 1466 3614 ad
1501 3581 1682 3613 centum
1714 3568 1867 3614 oratio
1898 3568 2123 3621 flectitur,
2155 3570 2410 3616 confestim

1403 3633 1653 3693 quaeritur,
1669 3638 1875 3691 quantas
1891 3633 2128 3690 possideat
2144 3646 2258 3693 opes
2272 3634 2295 3681 ?
2333 3635 2411 3685 Cf.

1403 3698 1508 3745 Cic.
1528 3696 1626 3742 Off.
1650 3698 1721 3744 11.
1744 3697 1821 3744 20.
1856 3703 1981 3743 extr.
2014 3696 2068 3741 de
2098 3700 2304 3745 moribus
2334 3697 2409 3747 ul-

1404 3762 1622 3819 timafiet
1644 3763 1853 3821 quoestio,
1877 3760 1941 3805 cf.
1970 3761 2088 3807 Hor.
2112 3762 2271 3824 Epist.
2296 3765 2338 3812 1.
2363 3766 2406 3813 l.

1406 3825 1485 3872 53.
1508 3838 1607 3883 seq.

1470 3888 1579 3936 141.
1616 3891 1795 3937 Primae
1828 3892 2115 3950 quaestiones
2148 3895 2279 3948 sunt,
2302 3904 2410 3953 quot

1391 3958 1552 4015 pascit
1573 3969 1723 4001 servos
1743 3962 1836 4002 cet.
1853 3956 2052 4003 Divitiae
2072 3957 2217 4003 etiam
2242 3971 2301 4003 ex
2322 3971 2414 4005 nu.

1405 4033 1540 4065 mero
1560 4033 1807 4065 servorum
1841 4020 2222 4069 oestimabantur.
2286 4021 2413 4068 Par.

1405 4086 1543 4143 opsis,
1569 4082 1789 4149 παροψὶς,
1810 4098 1894 4130 vas
1914 4086 1964 4130 in
1988 4098 2085 4144 quo
2108 4086 2305 4145 opsonia
2325 4088 2413 4132 ad.

1388 4162 1673 4207 ponuntur,
1705 4149 1885 4210 patina,
1917 4150 2048 4195 lanx.
2112 4150 2212 4195 Alii
2243 4150 2413 4210 legunt

1398 4214 1645 4273 pmapsidc
1676 4216 1790 4261 coll.
1813 4215 2026 4273 Hesych.
2049 4221 2099 4259 et
2131 4217 2183 4261 in
2208 4214 2411 4270 Isidoro,

1407 4278 1493 4336 qui
1526 4279 1594 4323 ita
1624 4279 1720 4325 dici
1751 4282 1921 4323 monet
1960 4279 2342 4339 quadrangulum
2368 4284 2414 4324 et

1394 4340 1772 4399 quadrilaterum
1789 4356 1897 4399 vas,
1912 4343 1997 4388 iac.
2015 4344 2208 4402 parilnu
2226 4340 2410 4390 absidis.
