<?xml version="1.0" encoding="UTF-8"?>
<!DOCTYPE html PUBLIC "-//W3C//DTD XHTML 1.0 Transitional//EN"
    "http://www.w3.org/TR/xhtml1/DTD/xhtml1-transitional.dtd">
<html xmlns="http://www.w3.org/1999/xhtml" xml:lang="en" lang="en">
 <head>
  <title>
</title>
<meta http-equiv="Content-Type" content="text/html;charset=utf-8" />
  <meta name='ocr-system' content='tesseract 3.04.00' />
  <meta name='ocr-capabilities' content='ocr_page ocr_carea ocr_par ocr_line ocrx_word'/>
</head>
<body>
  <div class='ocr_page' id='page_1' title='image "./satiraexviadopt00juvegoog_0370.png"; bbox 0 0 2978 4920; ppageno 0'>
   <div class='ocr_carea' id='block_1_1' title="bbox 975 320 2360 404">
    <p class='ocr_par' dir='ltr' id='par_1_1' title="bbox 975 320 2360 404">
     <span class='ocr_line' id='line_1_1' title="bbox 975 320 2360 404; baseline 0.005 -7"><span class='ocrx_word' id='word_1_1' title='bbox 975 320 1418 398; x_wconf 75' lang='lat' dir='ltr'>SA—&#39;&#39;PIRA</span> <span class='ocrx_word' id='word_1_2' title='bbox 1484 335 1656 399; x_wconf 79' lang='grc' dir='ltr'><strong><em>ΧΠ.</em></strong></span> <span class='ocrx_word' id='word_1_3' title='bbox 2233 336 2360 404; x_wconf 62' lang='lat' dir='ltr'><strong><em>ms</em></strong></span> 
     </span>
    </p>
   </div>
   <div class='ocr_carea' id='block_1_2' title="bbox 899 1039 1742 1121">
    <p class='ocr_par' dir='ltr' id='par_1_2' title="bbox 899 1039 1742 1121">
     <span class='ocr_line' id='line_1_2' title="bbox 899 1039 1742 1121; baseline 0 -2"><span class='ocrx_word' id='word_1_4' title='bbox 899 1039 1462 1121; x_wconf 82' lang='lat' dir='ltr'>SATIRA</span> <span class='ocrx_word' id='word_1_5' title='bbox 1540 1039 1742 1120; x_wconf 88' lang='grc' dir='ltr'><strong><em>ΧΠ.</em></strong></span> 
     </span>
    </p>
   </div>
   <div class='ocr_carea' id='block_1_3' title="bbox 1121 1306 1522 1345">
    <p class='ocr_par' dir='ltr' id='par_1_3' title="bbox 1121 1306 1522 1345">
     <span class='ocr_line' id='line_1_3' title="bbox 1121 1306 1522 1345; baseline 0 3575"><span class='ocrx_word' id='word_1_6' title='bbox 1121 1306 1522 1345; x_wconf 95' lang='lat' dir='ltr'><strong><em> </em></strong></span> 
     </span>
    </p>
   </div>
   <div class='ocr_carea' id='block_1_4' title="bbox 1022 1548 1634 1608">
    <p class='ocr_par' dir='ltr' id='par_1_4' title="bbox 1022 1548 1634 1608">
     <span class='ocr_line' id='line_1_4' title="bbox 1022 1548 1634 1608; baseline 0 -3"><span class='ocrx_word' id='word_1_7' title='bbox 1022 1548 1634 1608; x_wconf 85' lang='lat' dir='ltr'><strong>ARGUMENTUM.</strong></span> 
     </span>
    </p>
   </div>
   <div class='ocr_carea' id='block_1_5' title="bbox 288 1705 2385 3119">
    <p class='ocr_par' dir='ltr' id='par_1_5' title="bbox 288 1705 2385 3058">
     <span class='ocr_line' id='line_1_5' title="bbox 288 1705 2370 1771; baseline -0 -17"><span class='ocrx_word' id='word_1_8' title='bbox 288 1706 524 1754; x_wconf 71' lang='lat' dir='ltr'><strong><em>quenalis</em></strong></span> <span class='ocrx_word' id='word_1_9' title='bbox 541 1706 692 1754; x_wconf 81' lang='lat' dir='ltr'><strong><em>scribit</em></strong></span> <span class='ocrx_word' id='word_1_10' title='bbox 714 1705 915 1760; x_wconf 80' lang='lat' dir='ltr'><strong><em>Corvino,</em></strong></span> <span class='ocrx_word' id='word_1_11' title='bbox 938 1720 980 1753; x_wconf 89' lang='lat' dir='ltr'><strong><em>se</em></strong></span> <span class='ocrx_word' id='word_1_12' title='bbox 997 1705 1048 1753; x_wconf 84' lang='lat' dir='ltr'><strong><em>ob</em></strong></span> <span class='ocrx_word' id='word_1_13' title='bbox 1068 1707 1261 1753; x_wconf 79' lang='lat' dir='ltr'><strong><em>reditum</em></strong></span> <span class='ocrx_word' id='word_1_14' title='bbox 1286 1707 1474 1761; x_wconf 72' lang='lat' dir='ltr'><strong><em>Catulli,</em></strong></span> <span class='ocrx_word' id='word_1_15' title='bbox 1497 1708 1629 1754; x_wconf 83' lang='lat' dir='ltr'><strong><em>amici</em></strong></span> <span class='ocrx_word' id='word_1_16' title='bbox 1646 1707 1733 1761; x_wconf 85' lang='lat' dir='ltr'><strong><em>sui,</em></strong></span> <span class='ocrx_word' id='word_1_17' title='bbox 1755 1721 1805 1752; x_wconf 77' lang='lat' dir='ltr'><strong><em>eae</em></strong></span> <span class='ocrx_word' id='word_1_18' title='bbox 1821 1707 2065 1766; x_wconf 78' lang='lat' dir='ltr'><strong><em>periculosa</em></strong></span> <span class='ocrx_word' id='word_1_19' title='bbox 2091 1707 2370 1771; x_wconf 74' lang='lat' dir='ltr'><strong><em>navigatione</em></strong></span> 
     </span>
     <span class='ocr_line' id='line_1_6' title="bbox 318 1786 2374 1849; baseline 0 -16"><span class='ocrx_word' id='word_1_20' title='bbox 318 1803 324 1808; x_wconf 87' lang='lat'><strong>·</strong></span> <span class='ocrx_word' id='word_1_21' title='bbox 357 1796 457 1840; x_wconf 69' lang='lat' dir='ltr'><strong><em>uota</em></strong></span> <span class='ocrx_word' id='word_1_22' title='bbox 475 1786 576 1835; x_wconf 83' lang='lat' dir='ltr'><strong><em>Diis</em></strong></span> <span class='ocrx_word' id='word_1_23' title='bbox 588 1786 919 1849; x_wconf 81' lang='lat' dir='ltr'><strong><em>persoluturum</em></strong></span> <span class='ocrx_word' id='word_1_24' title='bbox 935 1801 1034 1835; x_wconf 84' lang='lat' dir='ltr'><strong><em>esse.</em></strong></span> <span class='ocrx_word' id='word_1_25' title='bbox 1054 1802 1098 1833; x_wconf 88' lang='lat' dir='ltr'><strong><em>v.</em></strong></span> <span class='ocrx_word' id='word_1_26' title='bbox 1116 1786 1291 1833; x_wconf 83' lang='lat'>1—16.</span> <span class='ocrx_word' id='word_1_27' title='bbox 1329 1786 1442 1833; x_wconf 90' lang='lat' dir='ltr'><strong><em>Tum</em></strong></span> <span class='ocrx_word' id='word_1_28' title='bbox 1457 1787 1660 1834; x_wconf 80' lang='lat' dir='ltr'><strong><em>describit</em></strong></span> <span class='ocrx_word' id='word_1_29' title='bbox 1678 1787 1947 1833; x_wconf 82' lang='lat' dir='ltr'><strong><em>saevissimam</em></strong></span> <span class='ocrx_word' id='word_1_30' title='bbox 1964 1795 2272 1849; x_wconf 76' lang='lat' dir='ltr'><strong><em>tempestatem,</em></strong></span> <span class='ocrx_word' id='word_1_31' title='bbox 2284 1803 2374 1849; x_wconf 82' lang='lat' dir='ltr'><strong><em>qua</em></strong></span> 
     </span>
     <span class='ocr_line' id='line_1_7' title="bbox 352 1853 2371 1932; baseline 0 -16"><span class='ocrx_word' id='word_1_32' title='bbox 352 1877 497 1917; x_wconf 82' lang='lat' dir='ltr'><strong><em>coorta</em></strong></span> <span class='ocrx_word' id='word_1_33' title='bbox 513 1868 701 1915; x_wconf 75' lang='lat' dir='ltr'><strong><em>arserint</em></strong></span> <span class='ocrx_word' id='word_1_34' title='bbox 713 1866 825 1922; x_wconf 85' lang='lat' dir='ltr'><strong><em>vela,</em></strong></span> <span class='ocrx_word' id='word_1_35' title='bbox 839 1874 881 1913; x_wconf 94' lang='lat' dir='ltr'><strong><em>et</em></strong></span> <span class='ocrx_word' id='word_1_36' title='bbox 893 1868 1076 1923; x_wconf 87' lang='lat' dir='ltr'><strong><em>amicus,</em></strong></span> <span class='ocrx_word' id='word_1_37' title='bbox 1089 1876 1142 1914; x_wconf 89' lang='lat' dir='ltr'><strong><em>ut</em></strong></span> <span class='ocrx_word' id='word_1_38' title='bbox 1149 1869 1533 1929; x_wconf 83' lang='lat' dir='ltr'><strong><em>proesentissimum</em></strong></span> <span class='ocrx_word' id='word_1_39' title='bbox 1546 1853 1760 1932; x_wconf 84' lang='lat' dir='ltr'><strong><em>effugeret</em></strong></span> <span class='ocrx_word' id='word_1_40' title='bbox 1768 1868 2036 1929; x_wconf 79' lang='lat' dir='ltr'><strong><em>periculum,</em></strong></span> <span class='ocrx_word' id='word_1_41' title='bbox 2051 1869 2283 1929; x_wconf 73' lang='lat' dir='ltr'><strong><em>pretiosam</em></strong></span> <span class='ocrx_word' id='word_1_42' title='bbox 2294 1884 2371 1916; x_wconf 86' lang='lat' dir='ltr'><strong><em>su·</em></strong></span> 
     </span>
     <span class='ocr_line' id='line_1_8' title="bbox 349 1941 2375 2011; baseline -0 -16"><span class='ocrx_word' id='word_1_43' title='bbox 349 1949 608 2011; x_wconf 76' lang='lat' dir='ltr'><strong><em>pellectilem</em></strong></span> <span class='ocrx_word' id='word_1_44' title='bbox 629 1948 677 1994; x_wconf 88' lang='lat' dir='ltr'><strong><em>in</em></strong></span> <span class='ocrx_word' id='word_1_45' title='bbox 697 1962 819 1994; x_wconf 87' lang='lat' dir='ltr'><strong><em>mare</em></strong></span> <span class='ocrx_word' id='word_1_46' title='bbox 845 1948 1030 2008; x_wconf 68' lang='lat' dir='ltr'><strong><em>aly’icere</em></strong></span> <span class='ocrx_word' id='word_1_47' title='bbox 1056 1948 1306 2009; x_wconf 85' lang='lat' dir='ltr'><strong><em>malumque</em></strong></span> <span class='ocrx_word' id='word_1_48' title='bbox 1336 1956 1568 2009; x_wconf 80' lang='lat' dir='ltr'><strong><em>amputare</em></strong></span> <span class='ocrx_word' id='word_1_49' title='bbox 1593 1956 1767 1995; x_wconf 87' lang='lat' dir='ltr'><strong><em>coactus</em></strong></span> <span class='ocrx_word' id='word_1_50' title='bbox 1783 1949 1856 2002; x_wconf 88' lang='lat' dir='ltr'><strong><em>sit,</em></strong></span> <span class='ocrx_word' id='word_1_51' title='bbox 1877 1949 2013 1995; x_wconf 81' lang='lat' dir='ltr'><strong><em>donec</em></strong></span> <span class='ocrx_word' id='word_1_52' title='bbox 2031 1941 2375 2003; x_wconf 59' lang='lat' dir='ltr'><strong><em>tandemjtran-</em></strong></span> 
     </span>
     <span class='ocr_line' id='line_1_9' title="bbox 353 2028 2377 2092; baseline 0 -17"><span class='ocrx_word' id='word_1_53' title='bbox 353 2028 498 2092; x_wconf 78' lang='lat' dir='ltr'><strong><em>quilla</em></strong></span> <span class='ocrx_word' id='word_1_54' title='bbox 517 2028 614 2077; x_wconf 84' lang='lat' dir='ltr'><strong><em>coeli</em></strong></span> <span class='ocrx_word' id='word_1_55' title='bbox 633 2028 865 2075; x_wconf 75' lang='lat' dir='ltr'><strong><em>serenitate</em></strong></span> <span class='ocrx_word' id='word_1_56' title='bbox 885 2044 939 2074; x_wconf 89' lang='lat' dir='ltr'><strong><em>ac</em></strong></span> <span class='ocrx_word' id='word_1_57' title='bbox 958 2028 1044 2075; x_wconf 82' lang='lat' dir='ltr'><strong><em>sole</em></strong></span> <span class='ocrx_word' id='word_1_58' title='bbox 1061 2045 1163 2075; x_wconf 86' lang='lat' dir='ltr'><strong><em>cum</em></strong></span> <span class='ocrx_word' id='word_1_59' title='bbox 1177 2044 1250 2090; x_wconf 83' lang='lat' dir='ltr'><strong><em>spe</em></strong></span> <span class='ocrx_word' id='word_1_60' title='bbox 1269 2030 1373 2076; x_wconf 84' lang='lat' dir='ltr'><strong><em>vitoe</em></strong></span> <span class='ocrx_word' id='word_1_61' title='bbox 1385 2031 1613 2085; x_wconf 77' lang='lat' dir='ltr'><strong><em>redeunte,</em></strong></span> <span class='ocrx_word' id='word_1_62' title='bbox 1636 2029 1784 2077; x_wconf 84' lang='lat' dir='ltr'><strong><em>lacera</em></strong></span> <span class='ocrx_word' id='word_1_63' title='bbox 1799 2029 1925 2076; x_wconf 76' lang='lat' dir='ltr'><strong><em>navis</em></strong></span> <span class='ocrx_word' id='word_1_64' title='bbox 1938 2037 2117 2090; x_wconf 80' lang='lat' dir='ltr'><strong><em>portum</em></strong></span> <span class='ocrx_word' id='word_1_65' title='bbox 2140 2028 2377 2077; x_wconf 84' lang='lat' dir='ltr'><strong><em>Ostiensem</em></strong></span> 
     </span>
     <span class='ocr_line' id='line_1_10' title="bbox 322 2107 2376 2174; baseline 0 -17"><span class='ocrx_word' id='word_1_66' title='bbox 322 2122 328 2134; x_wconf 70' lang='lat'><strong><em>⁷</em></strong></span> <span class='ocrx_word' id='word_1_67' title='bbox 356 2111 566 2159; x_wconf 83' lang='lat' dir='ltr'><strong><em>tenuerit.</em></strong></span> <span class='ocrx_word' id='word_1_68' title='bbox 589 2108 797 2157; x_wconf 79' lang='lat'><strong>17-82.</strong></span> <span class='ocrx_word' id='word_1_69' title='bbox 862 2107 1019 2170; x_wconf 88' lang='lat' dir='ltr'><strong><em>Itaque</em></strong></span> <span class='ocrx_word' id='word_1_70' title='bbox 1034 2118 1178 2170; x_wconf 83' lang='lat' dir='ltr'><strong><em>poeta,</em></strong></span> <span class='ocrx_word' id='word_1_71' title='bbox 1195 2125 1295 2170; x_wconf 82' lang='lat' dir='ltr'><strong><em>proe</em></strong></span> <span class='ocrx_word' id='word_1_72' title='bbox 1311 2112 1480 2173; x_wconf 85' lang='lat' dir='ltr'><strong><em>gaudio</em></strong></span> <span class='ocrx_word' id='word_1_73' title='bbox 1495 2112 1568 2158; x_wconf 72' lang='lat' dir='ltr'><strong><em>vix</em></strong></span> <span class='ocrx_word' id='word_1_74' title='bbox 1583 2113 1654 2158; x_wconf 86' lang='lat' dir='ltr'><strong><em>sui</em></strong></span> <span class='ocrx_word' id='word_1_75' title='bbox 1670 2127 1850 2171; x_wconf 84' lang='lat' dir='ltr'><strong><em>compos,</em></strong></span> <span class='ocrx_word' id='word_1_76' title='bbox 1868 2127 2005 2160; x_wconf 80' lang='lat' dir='ltr'><strong><em>servos</em></strong></span> <span class='ocrx_word' id='word_1_77' title='bbox 2021 2127 2145 2174; x_wconf 86' lang='lat' dir='ltr'><strong><em>seque</em></strong></span> <span class='ocrx_word' id='word_1_78' title='bbox 2157 2112 2300 2173; x_wconf 85' lang='lat' dir='ltr'><strong><em>ipsum</em></strong></span> <span class='ocrx_word' id='word_1_79' title='bbox 2316 2112 2376 2158; x_wconf 91' lang='lat' dir='ltr'><strong><em>ad</em></strong></span> 
     </span>
     <span class='ocr_line' id='line_1_11' title="bbox 322 2187 2376 2256; baseline 0.002 -19"><span class='ocrx_word' id='word_1_80' title='bbox 322 2187 328 2193; x_wconf 82' lang='grc'><strong>’</strong></span> <span class='ocrx_word' id='word_1_81' title='bbox 350 2189 524 2256; x_wconf 87' lang='lat' dir='ltr'><strong><em>festam</em></strong></span> <span class='ocrx_word' id='word_1_82' title='bbox 541 2189 674 2249; x_wconf 80' lang='lat' dir='ltr'><strong><em>hujus</em></strong></span> <span class='ocrx_word' id='word_1_83' title='bbox 684 2190 773 2235; x_wconf 86' lang='lat' dir='ltr'><strong><em>diei</em></strong></span> <span class='ocrx_word' id='word_1_84' title='bbox 793 2189 1000 2234; x_wconf 82' lang='lat' dir='ltr'><strong><em>laetitiam</em></strong></span> <span class='ocrx_word' id='word_1_85' title='bbox 1014 2196 1058 2235; x_wconf 89' lang='lat' dir='ltr'><strong><em>et</em></strong></span> <span class='ocrx_word' id='word_1_86' title='bbox 1069 2204 1197 2235; x_wconf 82' lang='lat' dir='ltr'><strong><em>sacra</em></strong></span> <span class='ocrx_word' id='word_1_87' title='bbox 1212 2189 1329 2244; x_wconf 88' lang='lat' dir='ltr'><strong><em>Diis,</em></strong></span> <span class='ocrx_word' id='word_1_88' title='bbox 1343 2198 1437 2236; x_wconf 85' lang='lat' dir='ltr'><strong><em>tum</em></strong></span> <span class='ocrx_word' id='word_1_89' title='bbox 1445 2191 1681 2250; x_wconf 81' lang='lat' dir='ltr'><strong><em>majoribus</em></strong></span> <span class='ocrx_word' id='word_1_90' title='bbox 1694 2199 1791 2237; x_wconf 90' lang='lat' dir='ltr'><strong><em>tum</em></strong></span> <span class='ocrx_word' id='word_1_91' title='bbox 1806 2193 2061 2248; x_wconf 78' lang='lat' dir='ltr'><strong><em>domesticis,</em></strong></span> <span class='ocrx_word' id='word_1_92' title='bbox 2067 2191 2290 2255; x_wconf 77' lang='lat' dir='ltr'><strong><em>facienda</em></strong></span> <span class='ocrx_word' id='word_1_93' title='bbox 2304 2209 2376 2241; x_wconf 74' lang='lat' dir='ltr'><strong><em>ex-</em></strong></span> 
     </span>
     <span class='ocr_line' id='line_1_12' title="bbox 321 2265 2379 2333; baseline 0 -15"><span class='ocrx_word' id='word_1_94' title='bbox 321 2313 327 2318; x_wconf 86' lang='lat'><em>.</em></span> <span class='ocrx_word' id='word_1_95' title='bbox 355 2271 487 2318; x_wconf 78' lang='lat' dir='ltr'><strong><em>citat.</em></strong></span> <span class='ocrx_word' id='word_1_96' title='bbox 508 2268 716 2317; x_wconf 75' lang='lat'><strong>83—92.</strong></span> <span class='ocrx_word' id='word_1_97' title='bbox 783 2265 855 2314; x_wconf 89' lang='lat' dir='ltr'><strong><em>Ne</em></strong></span> <span class='ocrx_word' id='word_1_98' title='bbox 876 2282 977 2315; x_wconf 83' lang='lat' dir='ltr'><strong><em>vero</em></strong></span> <span class='ocrx_word' id='word_1_99' title='bbox 1004 2269 1100 2330; x_wconf 83' lang='lat' dir='ltr'><strong><em>quis</em></strong></span> <span class='ocrx_word' id='word_1_100' title='bbox 1125 2269 1384 2328; x_wconf 81' lang='lat' dir='ltr'><strong><em>suspicetur,</em></strong></span> <span class='ocrx_word' id='word_1_101' title='bbox 1407 2269 1500 2315; x_wconf 81' lang='lat' dir='ltr'><strong><em>hoec</em></strong></span> <span class='ocrx_word' id='word_1_102' title='bbox 1517 2270 1580 2315; x_wconf 88' lang='lat' dir='ltr'><strong><em>ad</em></strong></span> <span class='ocrx_word' id='word_1_103' title='bbox 1607 2269 1887 2317; x_wconf 80' lang='lat' dir='ltr'><strong><em>hereditatem</em></strong></span> <span class='ocrx_word' id='word_1_104' title='bbox 1911 2270 2084 2317; x_wconf 82' lang='lat' dir='ltr'><strong><em>Catulli</em></strong></span> <span class='ocrx_word' id='word_1_105' title='bbox 2113 2273 2379 2333; x_wconf 76' lang='lat' dir='ltr'><strong><em>captandam</em></strong></span> 
     </span>
     <span class='ocr_line' id='line_1_13' title="bbox 358 2348 2377 2413; baseline 0 -15"><span class='ocrx_word' id='word_1_106' title='bbox 358 2360 571 2413; x_wconf 81' lang='lat' dir='ltr'><strong><em>spectare,</em></strong></span> <span class='ocrx_word' id='word_1_107' title='bbox 582 2357 742 2404; x_wconf 87' lang='lat' dir='ltr'><strong><em>monet,</em></strong></span> <span class='ocrx_word' id='word_1_108' title='bbox 755 2349 797 2395; x_wconf 87' lang='lat' dir='ltr'><strong><em>ei</em></strong></span> <span class='ocrx_word' id='word_1_109' title='bbox 818 2356 906 2395; x_wconf 85' lang='lat' dir='ltr'><strong><em>tres</em></strong></span> <span class='ocrx_word' id='word_1_110' title='bbox 925 2363 1010 2395; x_wconf 85' lang='lat' dir='ltr'><strong><em>esse</em></strong></span> <span class='ocrx_word' id='word_1_111' title='bbox 1031 2348 1195 2404; x_wconf 86' lang='lat' dir='ltr'><strong><em>liberos,</em></strong></span> <span class='ocrx_word' id='word_1_112' title='bbox 1207 2357 1250 2396; x_wconf 90' lang='lat' dir='ltr'><strong><em>et</em></strong></span> <span class='ocrx_word' id='word_1_113' title='bbox 1265 2348 1399 2397; x_wconf 82' lang='lat' dir='ltr'><strong><em>Novii</em></strong></span> <span class='ocrx_word' id='word_1_114' title='bbox 1416 2358 1499 2396; x_wconf 87' lang='lat' dir='ltr'><strong><em>aut</em></strong></span> <span class='ocrx_word' id='word_1_115' title='bbox 1515 2349 1706 2397; x_wconf 81' lang='lat' dir='ltr'><strong><em>Pacuvii</em></strong></span> <span class='ocrx_word' id='word_1_116' title='bbox 1726 2350 1997 2413; x_wconf 81' lang='lat' dir='ltr'><strong><em>aliorumque</em></strong></span> <span class='ocrx_word' id='word_1_117' title='bbox 2012 2351 2377 2411; x_wconf 70' lang='lat' dir='ltr'><strong><em>heredipetarum,</em></strong></span> 
     </span>
     <span class='ocr_line' id='line_1_14' title="bbox 360 2428 2380 2496; baseline 0 -17"><span class='ocrx_word' id='word_1_118' title='bbox 360 2432 429 2479; x_wconf 77' lang='lat' dir='ltr'><strong><em>his</em></strong></span> <span class='ocrx_word' id='word_1_119' title='bbox 448 2429 683 2485; x_wconf 76' lang='lat' dir='ltr'><strong><em>similium,</em></strong></span> <span class='ocrx_word' id='word_1_120' title='bbox 700 2443 835 2476; x_wconf 86' lang='lat' dir='ltr'><strong><em>mores</em></strong></span> <span class='ocrx_word' id='word_1_121' title='bbox 853 2429 1166 2493; x_wconf 72' lang='lat' dir='ltr'><strong><em>ingeniumque</em></strong></span> <span class='ocrx_word' id='word_1_122' title='bbox 1185 2430 1252 2477; x_wconf 90' lang='lat' dir='ltr'><strong><em>ita</em></strong></span> <span class='ocrx_word' id='word_1_123' title='bbox 1255 2428 1406 2494; x_wconf 80' lang='lat' dir='ltr'><strong><em>ferre,</em></strong></span> <span class='ocrx_word' id='word_1_124' title='bbox 1424 2437 1478 2478; x_wconf 87' lang='lat' dir='ltr'><strong><em>ut</em></strong></span> <span class='ocrx_word' id='word_1_125' title='bbox 1495 2430 1694 2491; x_wconf 83' lang='lat' dir='ltr'><strong><em>patribus</em></strong></span> <span class='ocrx_word' id='word_1_126' title='bbox 1711 2446 1767 2478; x_wconf 89' lang='lat' dir='ltr'><strong><em>ne</em></strong></span> <span class='ocrx_word' id='word_1_127' title='bbox 1785 2444 1950 2495; x_wconf 82' lang='lat' dir='ltr'><strong><em>oegram</em></strong></span> <span class='ocrx_word' id='word_1_128' title='bbox 1970 2432 2144 2493; x_wconf 82' lang='lat' dir='ltr'><strong><em>quidem</em></strong></span> <span class='ocrx_word' id='word_1_129' title='bbox 2158 2431 2380 2496; x_wconf 82' lang='lat' dir='ltr'><strong><em>gallinam</em></strong></span> 
     </span>
     <span class='ocr_line' id='line_1_15' title="bbox 318 2498 2385 2579; baseline 0 -18"><span class='ocrx_word' id='word_1_130' title='bbox 318 2502 329 2579; x_wconf 36' lang='lat'><strong><em>⁵·</em></strong></span> <span class='ocrx_word' id='word_1_131' title='bbox 357 2521 444 2561; x_wconf 86' lang='lat' dir='ltr'><strong><em>aut</em></strong></span> <span class='ocrx_word' id='word_1_132' title='bbox 463 2511 731 2560; x_wconf 81' lang='lat' dir='ltr'><strong><em>coturnicem</em></strong></span> <span class='ocrx_word' id='word_1_133' title='bbox 748 2511 1010 2571; x_wconf 76' lang='lat' dir='ltr'><strong><em>inpendunt,</em></strong></span> <span class='ocrx_word' id='word_1_134' title='bbox 1029 2519 1078 2557; x_wconf 90' lang='lat' dir='ltr'><strong><em>at</em></strong></span> <span class='ocrx_word' id='word_1_135' title='bbox 1093 2526 1173 2571; x_wconf 84' lang='lat' dir='ltr'><strong><em>pro</em></strong></span> <span class='ocrx_word' id='word_1_136' title='bbox 1191 2511 1333 2560; x_wconf 85' lang='lat' dir='ltr'><strong><em>salute</em></strong></span> <span class='ocrx_word' id='word_1_137' title='bbox 1352 2512 1553 2559; x_wconf 85' lang='lat' dir='ltr'><strong><em>orborum</em></strong></span> <span class='ocrx_word' id='word_1_138' title='bbox 1570 2512 1858 2576; x_wconf 78' lang='lat' dir='ltr'><strong><em>divitumque,</em></strong></span> <span class='ocrx_word' id='word_1_139' title='bbox 1879 2510 2067 2560; x_wconf 85' lang='lat' dir='ltr'><strong><em>Gallitae</em></strong></span> <span class='ocrx_word' id='word_1_140' title='bbox 2084 2521 2127 2559; x_wconf 91' lang='lat' dir='ltr'><strong><em>et</em></strong></span> <span class='ocrx_word' id='word_1_141' title='bbox 2151 2498 2323 2568; x_wconf 84' lang='lat' dir='ltr'><strong><em>Paccii,</em></strong></span> <span class='ocrx_word' id='word_1_142' title='bbox 2344 2514 2385 2561; x_wconf 87' lang='lat' dir='ltr'><strong><em>si</em></strong></span> 
     </span>
     <span class='ocr_line' id='line_1_16' title="bbox 322 2588 2381 2652; baseline -0 -12"><span class='ocrx_word' id='word_1_143' title='bbox 322 2628 329 2631; x_wconf 76' lang='lat'><em>,</em></span> <span class='ocrx_word' id='word_1_144' title='bbox 359 2593 445 2641; x_wconf 21' lang='lat' dir='ltr'><strong><em>vel*</em></strong></span> <span class='ocrx_word' id='word_1_145' title='bbox 454 2591 650 2652; x_wconf 77' lang='lat' dir='ltr'><strong><em>primum</em></strong></span> <span class='ocrx_word' id='word_1_146' title='bbox 673 2589 888 2652; x_wconf 84' lang='lat' dir='ltr'><strong><em>levemque</em></strong></span> <span class='ocrx_word' id='word_1_147' title='bbox 904 2588 1052 2652; x_wconf 69' lang='lat' dir='ltr'><strong><em>febris</em></strong></span> <span class='ocrx_word' id='word_1_148' title='bbox 1077 2592 1270 2641; x_wconf 85' lang='lat' dir='ltr'><strong><em>sentiant</em></strong></span> <span class='ocrx_word' id='word_1_149' title='bbox 1300 2599 1472 2647; x_wconf 77' lang='lat' dir='ltr'><strong><em>oestum,</em></strong></span> <span class='ocrx_word' id='word_1_150' title='bbox 1494 2607 1584 2638; x_wconf 86' lang='lat' dir='ltr'><strong><em>non</em></strong></span> <span class='ocrx_word' id='word_1_151' title='bbox 1613 2591 1737 2638; x_wconf 89' lang='lat' dir='ltr'><strong><em>modo</em></strong></span> <span class='ocrx_word' id='word_1_152' title='bbox 1756 2591 2027 2638; x_wconf 83' lang='lat' dir='ltr'><strong><em>hecatomben</em></strong></span> <span class='ocrx_word' id='word_1_153' title='bbox 2049 2589 2153 2638; x_wconf 85' lang='lat' dir='ltr'><strong><em>Diis</em></strong></span> <span class='ocrx_word' id='word_1_154' title='bbox 2180 2601 2381 2649; x_wconf 83' lang='lat' dir='ltr'><strong><em>voveant,</em></strong></span> 
     </span>
     <span class='ocr_line' id='line_1_17' title="bbox 356 2669 2384 2735; baseline 0 -15"><span class='ocrx_word' id='word_1_155' title='bbox 356 2673 434 2720; x_wconf 86' lang='lat' dir='ltr'><strong><em>sed</em></strong></span> <span class='ocrx_word' id='word_1_156' title='bbox 453 2672 587 2719; x_wconf 84' lang='lat' dir='ltr'><strong><em>etiam</em></strong></span> <span class='ocrx_word' id='word_1_157' title='bbox 606 2669 867 2731; x_wconf 79' lang='lat' dir='ltr'><strong><em>elephantos,</em></strong></span> <span class='ocrx_word' id='word_1_158' title='bbox 887 2671 924 2716; x_wconf 92' lang='lat' dir='ltr'><strong><em>si</em></strong></span> <span class='ocrx_word' id='word_1_159' title='bbox 944 2669 1042 2716; x_wconf 78' lang='lat' dir='ltr'><strong><em>haec</em></strong></span> <span class='ocrx_word' id='word_1_160' title='bbox 1060 2671 1274 2718; x_wconf 86' lang='lat' dir='ltr'><strong><em>animalia</em></strong></span> <span class='ocrx_word' id='word_1_161' title='bbox 1289 2671 1341 2718; x_wconf 88' lang='lat' dir='ltr'><strong><em>in</em></strong></span> <span class='ocrx_word' id='word_1_162' title='bbox 1357 2670 1512 2718; x_wconf 79' lang='lat' dir='ltr'><strong><em>Italioe</em></strong></span> <span class='ocrx_word' id='word_1_163' title='bbox 1530 2671 1633 2719; x_wconf 80' lang='lat' dir='ltr'><strong><em>coelo</em></strong></span> <span class='ocrx_word' id='word_1_164' title='bbox 1651 2672 1965 2735; x_wconf 79' lang='lat' dir='ltr'><strong><em>gignerentur,</em></strong></span> <span class='ocrx_word' id='word_1_165' title='bbox 1978 2679 2022 2720; x_wconf 87' lang='lat' dir='ltr'><strong><em>et</em></strong></span> <span class='ocrx_word' id='word_1_166' title='bbox 2040 2671 2261 2719; x_wconf 82' lang='lat' dir='ltr'><strong><em>servosvel</em></strong></span> <span class='ocrx_word' id='word_1_167' title='bbox 2277 2673 2384 2720; x_wconf 86' lang='lat' dir='ltr'><strong><em>adeo</em></strong></span> 
     </span>
     <span class='ocr_line' id='line_1_18' title="bbox 362 2749 2384 2814; baseline 0 -16"><span class='ocrx_word' id='word_1_168' title='bbox 362 2752 515 2798; x_wconf 82' lang='lat' dir='ltr'><strong><em>liberos</em></strong></span> <span class='ocrx_word' id='word_1_169' title='bbox 533 2766 644 2807; x_wconf 86' lang='lat' dir='ltr'><strong><em>suos,</em></strong></span> <span class='ocrx_word' id='word_1_170' title='bbox 665 2751 705 2798; x_wconf 89' lang='lat' dir='ltr'><strong><em>si</em></strong></span> <span class='ocrx_word' id='word_1_171' title='bbox 725 2749 874 2797; x_wconf 86' lang='lat' dir='ltr'><strong><em>liceret</em></strong></span> <span class='ocrx_word' id='word_1_172' title='bbox 895 2760 985 2810; x_wconf 60' lang='lat' dir='ltr'><strong><em>per*</em></strong></span> <span class='ocrx_word' id='word_1_173' title='bbox 1008 2749 1136 2813; x_wconf 88' lang='lat' dir='ltr'><strong><em>leges,</em></strong></span> <span class='ocrx_word' id='word_1_174' title='bbox 1159 2752 1439 2807; x_wconf 83' lang='lat' dir='ltr'><strong><em>inmolarent,</em></strong></span> <span class='ocrx_word' id='word_1_175' title='bbox 1461 2766 1597 2814; x_wconf 84' lang='lat' dir='ltr'><strong><em>quum</em></strong></span> <span class='ocrx_word' id='word_1_176' title='bbox 1604 2752 1879 2812; x_wconf 74' lang='lat' dir='ltr'><strong><em>Jucundam,</em></strong></span> <span class='ocrx_word' id='word_1_177' title='bbox 1902 2751 1982 2797; x_wconf 89' lang='lat' dir='ltr'><strong><em>etsi</em></strong></span> <span class='ocrx_word' id='word_1_178' title='bbox 2006 2751 2235 2807; x_wconf 84' lang='lat' dir='ltr'><strong><em>incertam,</em></strong></span> <span class='ocrx_word' id='word_1_179' title='bbox 2256 2751 2384 2799; x_wconf 87' lang='lat' dir='ltr'><strong><em>alant</em></strong></span> 
     </span>
     <span class='ocr_line' id='line_1_19' title="bbox 322 2818 2384 2899; baseline -0 -20"><span class='ocrx_word' id='word_1_180' title='bbox 322 2892 331 2899; x_wconf 70' lang='lat'><strong>.</strong></span> <span class='ocrx_word' id='word_1_181' title='bbox 361 2831 628 2897; x_wconf 77' lang='lat' dir='ltr'><strong><em>spem,fore,</em></strong></span> <span class='ocrx_word' id='word_1_182' title='bbox 648 2841 718 2891; x_wconf 85' lang='lat' dir='ltr'><strong><em>ut,</em></strong></span> <span class='ocrx_word' id='word_1_183' title='bbox 740 2834 778 2879; x_wconf 90' lang='lat' dir='ltr'><strong><em>si</em></strong></span> <span class='ocrx_word' id='word_1_184' title='bbox 799 2831 914 2896; x_wconf 64' lang='lat' dir='ltr'><strong><em>&lt;egri</em></strong></span> <span class='ocrx_word' id='word_1_185' title='bbox 938 2847 989 2878; x_wconf 78' lang='lat' dir='ltr'><strong><em>eae</em></strong></span> <span class='ocrx_word' id='word_1_186' title='bbox 1010 2833 1153 2880; x_wconf 83' lang='lat' dir='ltr'><strong><em>morbo</em></strong></span> <span class='ocrx_word' id='word_1_187' title='bbox 1171 2833 1488 2889; x_wconf 84' lang='lat' dir='ltr'><strong><em>convalescant,</em></strong></span> <span class='ocrx_word' id='word_1_188' title='bbox 1512 2833 1612 2894; x_wconf 86' lang='lat' dir='ltr'><strong><em>ipsi,</em></strong></span> <span class='ocrx_word' id='word_1_189' title='bbox 1633 2833 1896 2880; x_wconf 86' lang='lat' dir='ltr'><strong><em>testamentis</em></strong></span> <span class='ocrx_word' id='word_1_190' title='bbox 1922 2831 2122 2886; x_wconf 89' lang='lat' dir='ltr'><strong><em>mutatis,</em></strong></span> <span class='ocrx_word' id='word_1_191' title='bbox 2141 2818 2313 2878; x_wconf 65' lang='lat' dir='ltr'><strong><em>heredes</em></strong></span> <span class='ocrx_word' id='word_1_192' title='bbox 2332 2845 2384 2891; x_wconf 60' lang='lat' dir='ltr'><strong><em>ete</em></strong></span> 
     </span>
     <span class='ocr_line' id='line_1_20' title="bbox 365 2904 2384 2978; baseline -0.001 -20"><span class='ocrx_word' id='word_1_193' title='bbox 365 2927 457 2958; x_wconf 87' lang='lat' dir='ltr'><strong><em>asse</em></strong></span> <span class='ocrx_word' id='word_1_194' title='bbox 477 2912 745 2959; x_wconf 82' lang='lat' dir='ltr'><strong><em>scribantur.</em></strong></span> <span class='ocrx_word' id='word_1_195' title='bbox 753 2911 997 2959; x_wconf 82' lang='lat'><strong>93-127.</strong></span> <span class='ocrx_word' id='word_1_196' title='bbox 1030 2910 1155 2960; x_wconf 86' lang='lat' dir='ltr'><strong><em>Hinc</em></strong></span> <span class='ocrx_word' id='word_1_197' title='bbox 1173 2914 1478 2978; x_wconf 82' lang='lat' dir='ltr'><strong><em>indignatione</em></strong></span> <span class='ocrx_word' id='word_1_198' title='bbox 1493 2915 1703 2960; x_wconf 86' lang='lat' dir='ltr'><strong><em>adcensus</em></strong></span> <span class='ocrx_word' id='word_1_199' title='bbox 1716 2904 1947 2960; x_wconf 80' lang='lat' dir='ltr'><strong><em>Juvenalis</em></strong></span> <span class='ocrx_word' id='word_1_200' title='bbox 1961 2911 2170 2973; x_wconf 67' lang='lat' dir='ltr'><strong><em>eiusmodi</em></strong></span> <span class='ocrx_word' id='word_1_201' title='bbox 2189 2918 2384 2971; x_wconf 84' lang='lat' dir='ltr'><strong><em>captato-</em></strong></span> 
     </span>
     <span class='ocr_line' id='line_1_21' title="bbox 363 2988 2384 3058; baseline 0 -22"><span class='ocrx_word' id='word_1_202' title='bbox 363 2990 489 3036; x_wconf 84' lang='lat' dir='ltr'><strong><em>ribus</em></strong></span> <span class='ocrx_word' id='word_1_203' title='bbox 507 2989 644 3035; x_wconf 88' lang='lat' dir='ltr'><strong><em>vitam</em></strong></span> <span class='ocrx_word' id='word_1_204' title='bbox 667 2988 862 3036; x_wconf 86' lang='lat' dir='ltr'><strong><em>Nestoris</em></strong></span> <span class='ocrx_word' id='word_1_205' title='bbox 881 2998 924 3035; x_wconf 88' lang='lat' dir='ltr'><strong><em>et</em></strong></span> <span class='ocrx_word' id='word_1_206' title='bbox 945 2990 1051 3036; x_wconf 87' lang='lat' dir='ltr'><strong><em>auri</em></strong></span> <span class='ocrx_word' id='word_1_207' title='bbox 1070 3000 1232 3041; x_wconf 87' lang='lat' dir='ltr'><strong><em>montes</em></strong></span> <span class='ocrx_word' id='word_1_208' title='bbox 1247 3003 1476 3056; x_wconf 80' lang='lat' dir='ltr'><strong><em>precatur,</em></strong></span> <span class='ocrx_word' id='word_1_209' title='bbox 1498 2994 1569 3042; x_wconf 83' lang='lat' dir='ltr'><strong><em>sed</em></strong></span> <span class='ocrx_word' id='word_1_210' title='bbox 1589 3009 1643 3042; x_wconf 87' lang='lat' dir='ltr'><strong><em>ea</em></strong></span> <span class='ocrx_word' id='word_1_211' title='bbox 1664 2993 1772 3058; x_wconf 84' lang='lat' dir='ltr'><strong><em>lege,</em></strong></span> <span class='ocrx_word' id='word_1_212' title='bbox 1794 3000 1849 3040; x_wconf 84' lang='lat' dir='ltr'><strong><em>ut</em></strong></span> <span class='ocrx_word' id='word_1_213' title='bbox 1864 3006 1944 3040; x_wconf 89' lang='lat' dir='ltr'><strong><em>nec</em></strong></span> <span class='ocrx_word' id='word_1_214' title='bbox 1964 2998 2110 3039; x_wconf 86' lang='lat' dir='ltr'><strong><em>ament</em></strong></span> <span class='ocrx_word' id='word_1_215' title='bbox 2128 3002 2384 3053; x_wconf 77' lang='lat' dir='ltr'><strong><em>quemquam</em></strong></span> 
     </span>
    </p>

    <p class='ocr_par' dir='ltr' id='par_1_6' title="bbox 319 3067 1165 3119">
     <span class='ocr_line' id='line_1_22' title="bbox 319 3067 1165 3119; baseline 0.004 -3"><span class='ocrx_word' id='word_1_216' title='bbox 319 3088 325 3093; x_wconf 87' lang='lat'><em>·</em></span> <span class='ocrx_word' id='word_1_217' title='bbox 362 3084 445 3117; x_wconf 81' lang='lat' dir='ltr'><strong><em>nec</em></strong></span> <span class='ocrx_word' id='word_1_218' title='bbox 465 3075 671 3116; x_wconf 85' lang='lat' dir='ltr'><strong><em>amentur</em></strong></span> <span class='ocrx_word' id='word_1_219' title='bbox 691 3067 745 3114; x_wconf 84' lang='lat' dir='ltr'><strong><em>ab</em></strong></span> <span class='ocrx_word' id='word_1_220' title='bbox 764 3067 876 3118; x_wconf 78' lang='lat' dir='ltr'><strong><em>ullo.</em></strong></span> <span class='ocrx_word' id='word_1_221' title='bbox 893 3068 1165 3119; x_wconf 82' lang='lat'>128—130.</span> 
     </span>
    </p>
   </div>
  </div>
 </body>
</html>
