2978 4920
583 296 714 360 304

1286 285 1968 355 JUVENALIS

670 483 834 559 Quae
861 476 1114 565 pateris
1144 497 1325 539 casus
1353 473 1573 539 multis
1600 473 1706 539 hic
1734 473 2048 559 cognitus,
2079 497 2153 538 ac
2172 475 2310 561 jam

672 581 924 657 Tritani,
954 591 1018 643 et
1049 577 1085 641 e
1111 577 1320 641 medio
1351 578 1658 641 Fortunae
1685 576 1922 641 ductus
1950 599 2192 640 acervo.

2586 561 2752 653 10·

674 683 994 747 Ponamus
1021 679 1249 743 nimios
1275 678 1588 763 gemitus:
1633 676 2004 763 flagrantior
2033 701 2222 764 aequo

672 787 821 849 Non
845 783 1038 847 debet
1066 781 1246 846 dolor
1274 803 1407 844 esse
1436 779 1583 856 viri,
1612 802 1727 843 nec
1755 780 2017 844 vulnere
2044 781 2264 867 major.

672 888 786 948 Tu
815 881 1104 970 quamvis
1132 881 1369 945 levium
1397 879 1720 944 minimam
1749 879 2177 967 exiguamque
2207 881 2514 945 malorum

673 984 1061 1050 Particulam
1089 982 1200 1045 vix
1228 981 1393 1045 ferre
1421 992 1627 1067 putee,
1659 980 2102 1067 spumantibus
2131 981 2359 1045 ardens

672 1084 1057 1161 Visceribus,
1085 1104 1330 1146 sacrum
1360 1080 1478 1145 tibi
1509 1081 1683 1166 quod
1715 1104 1842 1144 non
1871 1080 2096 1146 reddat
2125 1082 2368 1146 amicus

2586 1086 2665 1148 15

673 1185 1071 1274 Depositum.
1163 1184 1394 1269 Stupet
1421 1182 1581 1259 haec,
1613 1181 1727 1267 qui
1748 1183 1884 1268 jam
1913 1195 2057 1267 post
2088 1193 2271 1268 terga
2298 1183 2562 1268 reliquit

673 1287 1017 1372 Sexaginta
1042 1308 1260 1362 annos,
1292 1284 1563 1349 Fonteio
1593 1283 1868 1347 Consule
1896 1289 2131 1348 natus?

671 1389 780 1450 An
810 1385 967 1449 nihil
992 1386 1060 1449 in
1088 1385 1312 1449 melius
1342 1396 1438 1449 tot
1467 1407 1681 1448 rerum
1710 1384 1964 1471 proficis
1994 1389 2168 1449 usu?

670 1489 918 1574 Magna
945 1486 1226 1573 quidem,
1258 1485 1444 1550 sacris
1474 1484 1627 1571 iluae
1655 1484 1765 1549 dat
1796 1497 2116 1571 praecepta
2142 1484 2372 1549 libellis

673 1589 918 1652 Victrix
950 1589 1254 1652 Fortunae
1288 1585 1625 1688 Sapientia.
1716 1585 2031 1649 Ducimus
2059 1597 2273 1650 autem

585 1799 675 1857 nis,
719 1809 767 1849 et
810 1800 873 1849 ad

585 1865 908 1976 ”ibidem
937 1932 1088 1984 trum,
1115 1926 1336 1991 vulgaris,
1360 1927 1593 1992 (metaph.

648 1994 735 2040 tita
757 2008 787 2042 a
804 1993 907 2052 via)
930 2005 972 2040 et
1000 2010 1023 2040 e
1042 1995 1198 2046 modio,
1223 2006 1315 2044 non
1335 2006 1362 2038 e
1394 2005 1592 2049 summo,

587 2007 805 2104 &ortunae
838 2056 1065 2116 adversm,
1093 2054 1142 2104 h.
1163 2071 1208 2103 e.
1240 2054 1594 2111 malorumniu-

586 2131 685 2168 etus
725 2136 894 2176 acervo,
929 2120 1130 2169 multum
1172 2120 1307 2168 abest
1345 2134 1376 2168 a
1413 2134 1595 2168 summo

587 2184 852 2232 infortunio.

657 2250 733 2297 11.
758 2249 1062 2314 Flagrantior,
1078 2247 1244 2305 acrior,
1260 2247 1593 2298 vehementior.

594 2314 667 2361 12.
685 2314 883 2371 vntum,
903 2313 1096 2361 damno.

658 2379 732 2426 13.
754 2379 828 2426 14.
851 2379 1037 2441 Junge:
1067 2378 1340 2440 particulam
1359 2377 1592 2436 malorum,

588 2445 785 2507 quamvis
819 2445 1047 2491 minimam
1089 2444 1250 2490 levium
1290 2444 1592 2506 exiguamque,

586 2508 801 2573 virserre
816 2518 952 2569 potes,
970 2510 1129 2555 ardens
1142 2509 1375 2555 visceribus
1383 2523 1594 2567 spuman-

588 2575 718 2629 tibus,
753 2572 1059 2620 aestuantibus
1089 2570 1185 2619 bile
1214 2582 1262 2619 et
1292 2571 1378 2626 ira,
1410 2571 1461 2618 in
1497 2587 1592 2635 qua

586 2635 777 2701 sanguis
813 2636 875 2685 ab
910 2636 1018 2685 imis
1053 2634 1320 2701 praecordiis
1350 2644 1593 2686 exaestuat.

588 2700 666 2749 Cf.
688 2716 794 2766 sup.
817 2701 877 2749 ad
901 2700 944 2748 1.
967 2703 1047 2749 45.

656 2768 731 2814 16.
755 2766 1030 2826 Depositum,
1064 2762 1294 2828 quidquid
1326 2763 1591 2813 custodien-

586 2829 700 2877 dum
733 2829 873 2878 alicui
903 2828 1066 2877 datum
1084 2837 1171 2883 est,
1195 2829 1591 2893 ‹agatnen-Sinon,

587 2910 780 2948 sacrum,
815 2901 976 2941 sancte
1006 2891 1284 2941 servandum
1316 2899 1364 2939 et
1393 2891 1592 2941 redden-

587 2956 718 3013 dum,
758 2958 834 3006 vel
878 2958 938 3007 ob
979 2956 1307 3021 jusjurandum
1348 2955 1592 3023 interposi-

587 3028 705 3078 tum,
727 3022 803 3071 vel
826 3036 884 3069 ne
906 3022 1096 3070 tollatur
1118 3020 1338 3075 amicitia,
1360 3020 1476 3068 fides
1497 3021 1593 3071 vio-

589 3084 725 3141 letur,
758 3095 809 3133 et
838 3085 1014 3134 amicus
1053 3086 1298 3134 adficiatur
1331 3084 1503 3149 injuria
1536 3101 1594 3135 ac

589 3148 778 3205 damno,
799 3163 891 3211 quo
911 3149 1030 3197 nihil
1046 3149 1284 3197 scelestius
1303 3157 1389 3197 est.

656 3213 863 3261 16-22.
893 3213 1024 3261 Talis
1044 3214 1170 3260 fraus
1190 3228 1282 3260 non
1305 3213 1423 3261 mira
1444 3213 1592 3263 videri

587 3274 731 3326 debet
748 3276 938 3332 homini,
960 3276 1101 3340 longo
1127 3292 1279 3325 rerum
1301 3292 1388 3325 usu
1408 3277 1590 3335 edocto,

585 3342 660 3391 cui
677 3341 905 3409 ejusmodi
927 3341 1055 3389 mela
1075 3350 1176 3389 tum
1198 3348 1309 3389 nota
1327 3341 1421 3389 sint
1443 3356 1499 3389 ac
1520 3342 1590 3391 fa-

586 3407 786 3455 miliaria
805 3421 993 3455 necesse
1009 3413 1096 3462 est,
1122 3415 1220 3454 tum
1244 3421 1377 3470 aequo
1399 3405 1590 3455 ferenda

587 3472 758 3521 animo.
832 3472 893 3519 In
935 3471 1290 3535 interrogatione
1333 3470 1479 3519 ma'or
1520 3471 1591 3519 vis

586 3535 718 3584 inest.
784 3535 939 3598 Stupet
976 3537 1088 3592 haec,
1126 3544 1179 3584 ut
1214 3551 1318 3600 sup.
1352 3536 1377 3584 1
1429 3568 1444 3583 .
1479 3537 1590 3584 119.

585 3599 668 3645 ubi
686 3616 732 3648 v.
753 3608 852 3647 not.
876 3610 969 3662 post
1001 3611 1128 3664 terga
1158 3601 1419 3663 relinquere,
1441 3600 1590 3648 confi-

583 3676 708 3773 ἔξω,
729 3670 784 3710 ut
815 3678 900 3711 nos
933 3664 1159 3713 dicimus:
1194 3668 1256 3712 im
1290 3664 1476 3712 Ritcken
1510 3666 1593 3711 ha-

646 3744 679 3775 l.
880 3756 883 3761 ·

656 3789 730 3837 16.
756 3791 830 3836 17.
853 3791 927 3836 Ex
958 3790 1006 3839 h.
1028 3793 1062 3840 l.
1093 3793 1333 3857 probabile
1364 3793 1432 3848 fit,
1466 3791 1592 3841 hanc

583 3854 774 3903 satiram
796 3852 1025 3901 Hadriani
1054 3857 1336 3921 temporibus
1366 3856 1588 3920 scriptam

584 3934 703 3976 esse,
728 3918 845 3965 LXI
869 3917 1002 3964 annis
1022 3919 1159 3982 (nam
1193 3922 1279 3967 LX
1316 3936 1461 3968 annos
1495 3920 1587 3966 ‘am

582 3993 675 4044 post
705 3992 831 4046 terga
861 3982 1041 4043 reliqtiit
1064 3983 1315 4046 Calvinus)
1337 3991 1440 4047 post
1464 3936 1589 4031 Pion·

584 4048 663 4095 teii
703 4046 1015 4095 consulatum.
1099 4046 1192 4094 Sed
1236 4056 1449 4110 quatuor,
1496 4062 1589 4094 non

910 1808 1236 1912 paupertatem
1270 1798 1470 1864 redigat.
1512 1799 1594 1848 cf.

2590 1591 2671 1652 20

1657 1801 1841 1854 Antoni,
1863 1815 1951 1846 non
1971 1809 2026 1848 ut
2047 1801 2189 1863 magis
2209 1800 2339 1854 alter,
2364 1803 2537 1849 amicus
2555 1802 2671 1851 Hor.

1657 1864 1757 1912 Sat.
1780 1865 1822 1911 Ι.
1845 1867 1893 1911 5.
1915 1865 1993 1912 32.
2011 1865 2085 1929 (v.
2108 1863 2245 1927 Pigh.
2263 1864 2395 1913 Ann.
2416 1866 2479 1913 T.
2498 1867 2600 1913 111.
2656 1903 2670 1916 .

1658 1928 1800 1991 497.)
1821 1928 1959 1975 Alter
1980 1945 2025 1978 a.
2050 1928 2161 1976 764.
2182 1929 2260 1976 vel
2281 1929 2391 1977 765.
2415 1945 2528 1977 cum
2550 1931 2670 1979 Ger-

1659 1992 1843 2040 manico
1886 1992 2011 2041 Caes.
2060 1992 2250 2040 biennio
2304 2001 2415 2042 ante
2472 2004 2669 2043 mortem

1658 2055 1878 2120 Augusti.
1911 2056 1983 2119 (v.
2018 2056 2156 2120 Pigh.
2177 2057 2210 2104 l.
2231 2056 2265 2105 l.
2299 2074 2347 2122 p.
2379 2059 2522 2120 540.)
2555 2060 2669 2107 Ter-

1657 2119 1750 2168 tius
1771 2135 1817 2169 a.
1839 2122 1951 2168 811.
1973 2119 2048 2170 vel
2080 2121 2193 2168 812.
2224 2136 2333 2169 cum
2357 2122 2415 2171 C.
2438 2124 2670 2198 Vipsanio

1658 2198 1697 2231 s.
1722 2184 1972 2250 Vipstano,
2006 2186 2093 2234 sub
2127 2184 2331 2233 Neronis
2362 2185 2576 2251 imperio.
2597 2191 2670 2262 (v.

1658 2247 1797 2311 Pigh.
1820 2266 1868 2313 p.
1889 2251 2000 2297 593.
2021 2250 2140 2297 Tac.
2157 2250 2288 2298 Ann.
2309 2251 2452 2300 XIV.
2480 2255 2525 2299 l.
2546 2252 2669 2300 Plu».

1659 2311 1732 2359 11.
1753 2314 1831 2361 70.
1852 2329 1890 2360 s.
1913 2314 1992 2361 72.
2022 2320 2072 2361 et
2092 2313 2212 2362 VII.
2236 2316 2315 2361 20.
2341 2315 2474 2363 Suet.
2498 2316 2608 2364 Cal.
2626 2333 2667 2365 c.

1659 2373 1733 2439 8.)
1769 2378 1979 2434 Quartus
2006 2392 2036 2426 a
2068 2379 2179 2427 819.
2209 2377 2285 2425 vel
2317 2378 2429 2426 820.
2464 2395 2575 2428 cum
2608 2381 2668 2429 C.

1657 2440 1786 2490 Julio
1808 2441 1953 2491 Rufo.
1976 2441 2048 2506 (v.
2071 2442 2212 2507 Pigh.
2232 2458 2281 2508 p.
2303 2443 2416 2492 601.
2438 2444 2579 2508 602.)
2618 2446 2666 2494 Si

1658 2505 1856 2555 alterum
1893 2506 1939 2554 h.
1972 2506 2005 2554 l.
2042 2507 2276 2571 designari
2312 2508 2582 2565 credideris,
2623 2525 2668 2560 a.

1657 2571 1766 2643 825.
1800 2571 2196 2667 Xe¹r326·,101'fi0
2221 2573 2311 2645 ‘vel
2341 2582 2514 2645 quarto
2545 2589 2666 2623 anno

1654 2636 1882 2771 &⁰323
1887 2639 2665 2768 33213212‘32332333:

1653 2776 1710 2809 ru
1750 2763 1982 2812 Hadriani
1997 2781 2011 2824 3
2044 2764 2084 2812 si

1655 2828 1769 2875 881.
1801 2837 2024 2892 regnante
2141 2845 2216 2878 em
2237 2830 2546 2894 Imperatore,
2568 2831 2665 2880 haec

1657 2890 1810 2940 Satira
1830 2893 2002 2958 scripta
2023 2901 2109 2941 est.
2159 2892 2372 2942 Tertium
2391 2894 2543 2951 innui,
2564 2912 2663 2961 pro·

1656 2955 1844 3012 babilis,
1883 2973 1971 3006 nec
2013 2964 2171 3006 tamen
2207 2965 2351 3014 certa,
2391 2968 2464 3007 est
2507 2960 2662 3026 lntpp.

1656 3020 1940 3084 conjectura,
1982 3023 2125 3085 quam
2164 3021 2221 3070 iis
2263 3023 2496 3088 persuasit
2539 3025 2663 3091 Lips.

1658 3085 1839 3141 Quaest.
1876 3085 2026 3152 Epist.
2059 3087 2155 3134 IV.
2187 3088 2268 3135 20.
2303 3087 2385 3137 Cf.
2405 3088 2493 3136 inf.
2526 3089 2586 3137 ad
2618 3106 2663 3138 v.

1661 3148 1769 3197 157.
1792 3157 1841 3198 et
1861 3150 1924 3199 ad
1947 3152 2059 3199 XV.
2080 3151 2163 3199 27.

1724 3215 1929 3263 19-22.
1952 3215 2194 3277 Sapientia,
2221 3214 2369 3276 σιφίι,
2393 3230 2539 3279 quam
2570 3217 2664 3279 Py-

1655 3275 1872 3340 thagoras
1911 3278 2089 3344 primus
2128 3279 2389 3341 φιλιηφίιυ
2423 3279 2561 3339 dixit,
2597 3289 2666 3328 est

1656 3340 1847 3404 quidem
1886 3361 2067 3409 magna,
2096 3354 2263 3408 potens
2297 3359 2354 3392 ac
2388 3344 2566 3402 valida,
2599 3347 2662 3391 υἰ-

1654 3408 1770 3453 ctrix
1791 3406 2020 3464 Fortunae,
2044 3423 2149 3471 quae
2177 3408 2330 3455 minas
2350 3407 2456 3472 ejus
2477 3424 2535 3457 ac
2571 3409 2662 3456 vim

1654 3478 1952 3521 contemnere
1984 3487 2070 3520 nos
2095 3472 2263 3533 docet3
2296 3471 2382 3520 sed
2414 3472 2540 3520 idem
2572 3473 2664 3520 dis·

1654 3534 1804 3583 cimus
1832 3551 2017 3600 quoque
2049 3539 2262 3601 magistra
2281 3539 2393 3591 vita,
2416 3537 2557 3601 longo
2578 3552 2663 3585 usu

1653 3606 1702 3646 et
1737 3600 2037 3663 experientia.
2102 3600 2222 3648 Inde
2256 3598 2437 3648 discere
2463 3608 2662 3665 poteras,

1652 3665 1922 3713 incommoda
1947 3667 2054 3713 vitae
2072 3664 2306 3730 patienter
2331 3664 2528 3726 ferentia
2546 3680 2660 3720 esse,

1653 3742 1942 3841 quiumqubn
1981 3744 2075 3777 non
2117 3728 2180 3778 sis
2214 3727 2542 3794 philosophus.
2590 3730 2663 3779 cf.

1654 3807 1705 3838 m
1726 3826 1740 3840 .
1761 3809 1805 3839 v.
1922 3827 1936 3841 .
2075 3826 2087 3841 .

1720 3858 1796 3904 19.
1824 3807 2156 3911 menimis,
2187 3854 2442 3923 praeclaris,
2463 3854 2659 3916 divinis;

1653 3918 1733 3982 (ut
1753 3920 1858 3987 ἱερὸς
1880 3929 1928 3970 et
1958 3920 2070 3985 δῖος)
2090 3920 2166 3969 vel
2234 3921 2424 3969 uoniam
2459 3920 2662 3985 philoso-

1652 3983 1792 4048 phin,
1814 3994 1866 4034 ut
1899 3987 2044 4034 verba
2075 3985 2182 4033 Cic.
2256 4000 2353 4033 usc.
2382 3986 2483 4042 Qu.
2507 3986 2553 4032 I.
2583 3988 2662 4041 26,

1653 4063 1759 4096 mea
1779 4048 1968 4107 faciam,
1984 4058 2057 4098 est
2074 4051 2240 4097 donum
2259 4052 2574 4112 inventumque
2587 4053 2660 4097 de·

2149 2771 2350 2821 uartum,
2373 2782 2420 2814 a.
2447 2767 2563 2815 880.
2593 2767 2662 2816 vel

582 4112 693 4169 duo,
714 4121 767 4160 ut
788 4110 939 4174 ‘vulgo
969 4116 1153 4175 putant,
1178 4110 1359 4159 Fonteii
1391 4110 1583 4174 Capito·
1648 4116 1933 4174 omm—-ejus
1945 4130 2122 4175 prorsus
2133 4116 2476 4162 divinavis—et
2490 4116 2664 4162 animus

583 4191 665 4224 nes
707 4176 938 4226 Consules
985 4174 1035 4222 in
1075 4172 1206 4222 fastis
1257 4182 1584 4223 memorantur.
1646 4178 1840 4232 divium,
1861 4187 1945 4225 aut
1972 4181 2079 4227 deus
2110 4180 2347 4226 cet.—20.
2384 4176 2659 4238 Philosophia

583 4240 716 4289 Prior
735 4240 915 4289 Consul
934 4239 1022 4287 fuit
1041 4255 1083 4288 a.
1108 4240 1174 4288 U.
1191 4239 1251 4288 C.
1271 4240 1381 4290 720.
1403 4246 1451 4287 at
1472 4240 1583 4287 sub·
1647 4248 1709 4288 est
1728 4243 2078 4305 inexpugnabilis
2099 4259 2273 4299 mum,
2295 4257 2424 4305 quem
2457 4242 2656 4289 Fortuna

581 4304 729 4353 fectus
747 4312 947 4360 tantum,
964 4308 1025 4353 ad
1045 4321 1239 4367 unguem
1263 4303 1426 4353 Factus
1445 4303 1618 4362 lwnw,‘·‘
1647 4306 1799 4353 matteis
1829 4308 2042 4356 machinis
2076 4309 2321 4361 moestitiam
2353 4322 2442 4355 non
2476 4309 2650 4362 tram,
