2978 4920
1039 295 1607 362 ROMANORUM.
1759 310 1764 319 ’
2303 325 2381 366 m

308 476 526 529 nomen
551 465 662 524 fuit
685 465 908 530 Lenaeo,
936 466 1099 539 cujus
1124 464 1290 526 mode
1331 465 1674 522 mentionem
1701 462 1963 535 fecimus,
1988 477 2049 526 et
2089 468 2223 526 buic
2248 489 2384 547 cog·

305 580 527 625 [nomeu
552 563 730 622 Basso
762 561 851 618 vel
880 561 1113 637 Sparso,
1138 562 1237 636 qui
1275 561 1531 617 rhetores
1571 559 1762 619 fuere:
1803 582 1858 619 v.
1884 561 2087 621 Senec.
2113 562 2389 623 controv.

310 657 432 719 2111.
460 656 561 719 Vl.
588 666 649 714 et
673 654 811 713 Vll.
871 655 1050 713 Turni
1075 664 1269 713 autem
1311 654 1537 713 Satiras
1576 656 1809 715 mirifice
1848 658 2092 717 laudant
2132 656 2391 720 Μαι-1181.

305 752 455 814 ,VJL
480 754 577 812 97.
606 749 716 808 XI.
747 751 838 810 10.
869 750 1052 809 Rutil.
1080 748 1272 808 Itiner.
1301 748 1347 809 Ι.
1370 749 1506 809 600.
1550 761 1610 808 et
1635 751 1831 809 Sidon.
1860 754 2044 831 Apou.
2069 774 2250 813 carm.
2281 754 2390 813 De.

302 848 483 924 isque
505 848 733 909 videtur
772 857 969 905 auc-tor
1009 844 1185 905 fuisse
1211 847 1404 907 satirae
1430 846 1664 923 prolixae
1703 847 1776 904 de
1818 847 2066 908 Neronis
2085 840 2244 908 vitiis
2266 869 2390 909 sco·-
2479 860 2484 865 '

318 928 663 1019 lei-ibusque,
676 944 838 1018 cujus
851 938 1255 1020 fragmentum,
1272 941 1445 999 XXX
1458 961 1658 999 versus
1667 944 2072 1020 complectens,
2084 947 2393 1006 exhibuere

306 1039 521 1102 Bam.
551 1039 786 1099 Anthol.
828 1040 962 1098 Lat.
980 1037 1058 1096 .Τ.
1085 1036 1160 1095 11.
1186 1056 1242 1114 p.
1269 1036 1406 1096 645.
1444 1047 1506 1093 et
1531 1034 2060 1099 Wernsdorf'Poet.
2087 1036 2223 1098 Lat.
2243 1040 2395 1102 Min.

323 1116 453 1189 Vol.
481 1124 597 1187 111.
615 1150 673 1207 p.
702 1130 736 1185 7
743 1131 801 1187 7.
829 1150 950 1205 seq.
1033 1130 1126 1189 Ex
1151 1132 1350 1192 eadem
1376 1133 1469 1191 vel
1494 1131 1613 1190 alia
1652 1130 1832 1189 Turni
1871 1135 2056 1192 satira
2093 1134 2257 1211 petiti
2274 1134 2396 1195 duo

320 1247 535 1297 versus,
561 1229 660 1302 qui
700 1226 1003 1285 admodum
1034 1241 1304 1306 conrupte
1328 1230 1596 1306 leguntur
1635 1231 1695 1287 in
1735 1240 1847 1288 vet.
1875 1230 2065 1289 Schol.
2090 1229 2125 1288 J
2133 1251 2294 1290 uven.
2320 1234 2398 1292 ad

325 1320 469 1391 Sat.⁴
495 1320 544 1379 I.
589 1323 685 1380 71.
766 1321 1026 1400 Sulpicia
1064 1345 1114 1383 s.
1156 1323 1433 1401 Sulpicia,
1463 1323 1670 1381 Caleni
1709 1343 1872 1393 uxor,
1897 1336 2104 1401 preter
2140 1330 2397 1387 carmina

322 1419 606 1475 matoria
632 1416 885 1475 Satiram
912 1418 982 1476 de
1008 1429 1285 1496 conrupto
1306 1420 1631 1496 reipublicae
1658 1429 1817 1481 statu
1844 1421 2090 1499 scripsit,
2113 1439 2225 1497 quo
2251 1433 2396 1481 tem-

323 1528 465 1593 pore
503 1511 871 1571 Domitianus
910 1514 1096 1572 edicto
1135 1516 1498 1592 philosophos
1526 1513 1681 1573 Urbe
1721 1517 2038 1592 expulerat,
2065 1526 2126 1573 et
2164 1518 2404 1593 inpense

297 1606 595 1665 laudatur
622 1618 743 1664 tum
769 1627 806 1665 a
829 1607 1088 1667 Martiali
1116 1607 1310 1687 Epigr.
1340 1609 1414 1667 X.
1442 1610 1539 1666 35.
1582 1622 1643 1667 et
1669 1610 1764 1668 38.
1792 1621 1915 1668 tum
1958 1631 1995 1670 a
2019 1613 2311 1689 Scaligero
2337 1615 2398 1685 in

327 1699 721 1789 Hypercritico
746 1724 863 1763 non
886 1705 1051 1764 modo
1090 1707 1162 1762 ob
1202 1705 1576 1763 eruditionem
1603 1715 1666 1763 et
1697 1707 2058 1782 probitatem,
2083 1708 2186 1766 sed
2210 1719 2272 1766 et
2310 1710 2398 1771 in-

308 1788 558 1874 *genium
605 1802 925 1871 satiricum,
967 1792 1117 1876 quod
1158 1811 1354 1869 ‚tamen
1395 1801 1771 1883 casaubonus
1811 1803 1872 1859 in
1912 1822 1984 1861 ea
2022 1803 2399 1867 desiderabat.

327 1891 523 1951 Satira
547 1890 649 1951 ina
673 1895 861 1954 adhuc
887 1907 1100 1965 exstat,
1118 1906 1187 1954 -et
1227 1896 1424 1953 multis
1448 1896 1869 1972 exemplaribus
1911 1896 2172 1968 Ausonii,
2200 1897 2400 1958 Petro-

309 1972 430 2058 rnii,
459 1986 908 2060 Catalectorum,
926 1989 1110 2050 Persii
1135 2002 1196 2051 et
1214 1990 1251 2048 J
1258 1991 1517 2048 uvenalis
1543 1992 1772 2050 adnexa
1791 2001 1901 2060 est,
1927 2003 2158 2069 recepta
2179 2013 2404 2070 quoque

331 2102 369 2140 a
393 2082 740 2144 Wernsdors
757 2086 795 2142 l.
822 2088 861 2143 l.
890 2105 946 2163 p.
979 2086 1076 2146 83.
1102 2106 1219 2161 seq.
1268 2085 1455 2143 Tucca
1482 2089 1708 2164 ineptus
1735 2085 1847 2144 suit
1873 2088 2321 2165 satirographus,
2343 2102 2403 2148 et

310 2168 612 2242 ‘deridetur
652 2204 688 2242 a
731 2180 1003 2242 Martiale
1048 2182 1243 2260 Epigr.
1275 2182 1541 2243 X11.95.
1582 2184 1659 2240 al.
1684 2182 1781 2241 94.
1808 2182 2024 2240 Manlii
2061 2184 2275 2262 Vopisci
2313 2188 2403 2244 in-

330 2281 563 2354 genium
587 2291 648 2338 et
674 2280 750 2339 ad
776 2271 893 2338 alia
931 2282 1187 2337 carmina
1211 2289 1271 2337 et
1313 2280 1387 2337 ad
1427 2281 1636 2338 satiras
1677 2278 2005 2338 scribendas
2044 2283 2403 2358 aptissimum

332 2372 560 2432 Statius
583 2376 823 2445 summis
847 2374 1098 2433 celebrat
1121 2375 1386 2433 laudibus
1410 2376 1472 2432 in
1499 2375 1638 2433 silv.
1668 2374 1714 2431 I.
1746 2377 1801 2434 3.
1824 2377 1956 2433 101.
1972 2396 2091 2451 seq.
2117 2388 2177 2435 et
2201 2381 2261 2435 in
2286 2380 2404 2455 epi-

328 2473 484 2530 stola
505 2472 584 2530 ad
608 2467 873 2540 Stellam,
900 2471 1068 2530 Silvis
1091 2472 1343 2548 praefixa.
1423 2471 1644 2529 Julium
1684 2472 1909 2547 Rufii-m
1933 2476 2226 2550 scripsisse
2260 2478 2403 2534 sati-

330 2588 427 2627 ras
468 2570 768 2647 conligunt
806 2569 1040 2645 quidam
1078 2587 1114 2626 e
1159 2566 1416 2625 Martial.
1441 2570 1615 2643 epigr.
1641 2568 1739 2626 99.
1764 2570 1863 2625 lib.
1892 2569 1969 2626 X.
2006 2589 2180 2643 quem
2217 2573 2404 2630 locum

334 2665 435 2721 alii
460 2684 528 2724 eo
550 2686 724 2725 sensu
750 2667 1005 2742 capiunt,
1034 2672 1097 2720 ut
1122 2662 1424 2737 significet,
1452 2661 1586 2719 Rufi
1613 2663 1835 2720 vultum
1867 2662 2244 2733 Socraticum,
2271 2667 2329 2723 h.
2357 2686 2408 2726 e.

316 2762 542 2840 ‚simum
568 2773 626 2823 et
655 2762 865 2819 Silenis
890 2760 1153 2830 similem,
1180 2761 1346 2835 quasi
1370 2760 1519 2816 inter
1545 2757 1785 2833 Satyros
1810 2758 2008 2829 fuisse,
2036 2771 2139 2818 aut
2163 2763 2294 2819 eum
2319 2764 2408 2820 im-

336 2860 515 2915 risum
542 2878 578 2915 a
601 2858 851 2916 satiricis
874 2857 1075 2932 poetis.
1159 2854 1355 2913 Annoei
1386 2854 1647 2923 Cornuti,
1679 2851 1851 2911 Gavii
1878 2855 2048 2912 Bassi
2085 2866 2146 2914 et
2185 2856 2412 2916 Rabirii

342 2954 553 3011 Satirae
593 2956 899 3012 laudantur
940 2972 977 3009 a
1018 2951 1321 3028 Fulgentio
1363 2949 1678 3010 Planciade
1717 2953 1781 3009 in
1818 2954 2060 3029 exposit.
2100 2972 2265 3010 serm.
2291 2965 2412 3012 ant.

316 3051 446 3131 ‘sed
470 3070 598 3126 quae
625 3050 813 3109 Basso
835 3051 1121 3118 tribuitur,
1140 3049 1249 3106 fuit
1274 3048 1416 3106 forte
1439 3049 1882 3107 commentarius
1908 3048 2286 3110 miscellarum
2312 3052 2411 3108 ob-

340 3149 749 3215 servationum,
777 3157 844 3203 ut
867 3147 996 3203 libri
1020 3146 1143 3220 ejus
1179 3145 1254 3204 de
1297 3141 1428 3202 Diis
1466 3154 1530 3201 et
1567 3144 1640 3202 de
1680 3145 1897 3219 origine
1937 3144 2250 3203 verberum.
2318 3144 2411 3203 Cf.

317 3229 538 3318 intpp.
571 3241 715 3298 Plin.
744 3240 851 3318 Ep.
880 3241 956 3297 X.
990 3240 1083 3297 18.
1112 3249 1171 3298 et
1197 3240 1292 3299 32.
1324 3237 1581 3296 Macrob.
1611 3238 1738 3295 Sat.
1769 3237 1817 3295 Ι.
1839 3236 1895 3294 9.
1924 3235 2006 3296 11.
2034 3239 2124 3294 14.
2153 3235 2306 3295 Gell.
2335 3236 2414 3298 II.

343 3341 403 3399 4.
430 3327 506 3395 V.
535 3340 592 3397 7.
620 3337 728 3398 XI.
758 3338 849 3396 17.
877 3349 937 3395 et
961 3336 1301 3396 Wernsdorf
1318 3338 1360 3396 1.
1386 3338 1427 3393 l.
1456 3357 1511 3414 p.
1538 3331 1704 3395 xlx.
1786 3332 1898 3392 Pro
1930 3334 2170 3394 Rabirio
2203 3337 2265 3392 in
2286 3337 2422 3411 qui·

328 3419 788 3514 ‘busdam'codd
833 3431 878 3487 F
883 3433 1124 3508 ulgentii
1161 3451 1216 3509 p.
1251 3431 1384 3488 183.
1427 3432 1640 3506 legitur
1666 3428 1948 3486 Rubrius:
1990 3429 2091 3490 sed
2116 3430 2290 3504 vulgo
2315 3430 2415 3488 de-

343 3529 559 3604 signari
578 3523 794 3606 'putant
821 3525 892 3583 C.
918 3513 1244 3594 Rabirium,
1270 3536 1500 3602 poetam
1529 3525 1755 3601 epicum
1780 3533 1842 3580 et
1872 3523 2191 3582 secundum
2221 3542 2260 3581 a
2284 3521 2416 3581 Vir-

345 3623 605 3700 gilio,y(v.
632 3618 839 3679 Vellei.
869 3619 947 3676 ΙΙ.
980 3621 1075 3677 36.
1105 3618 1349 3685 Quintil.
1380 3618 1455 3675 X.
1491 3619 1541 3675 1.
1569 3618 1668 3675 90.
1703 3627 1765 3675 et
1790 3615 1961 3675 ovid.
1991 3614 2099 3694 Ep.
2129 3636 2204 3678 ex
2229 3615 2418 3676 Ponto

330 3714 450 3794 IV.
484 3715 577 3773 16.
605 3717 692 3791 5.)
732 3712 900 3790 cujus
922 3728 1119 3774 tamen
1147 3717 1327 3773 satira
1352 3712 1498 3773 forte
1523 3732 1636 3770 non
1665 3711 1965 3772 Luciliana
1990 3712 2118 3770 fuit.
2189 3711 2416 3774 Cornu-

350 3821 497 3881 tum,
523 3811 921 3889 philosophum
952 3809 1210 3878 Stoicum
1232 3809 1634 3884 tragicumque
1652 3818 1881 3885 poetam
1907 3808 1971 3864 in
1989 3804 2298 3866 scribendis
2322 3827 2418 3867 sa-

332 3901 468 3967 'titis
487 3907 809 3963 exercuisse
828 3903 1108 3972 Persium,
1133 3904 1476 3980 discipulum
1502 3922 1689 3975 suum,
1716 3904 2020 3979 ipsumque
2037 3903 2245 3961 satiras
2264 3921 2419 3962 com-

347 4001 622 4076 posuisse,
647 4001 953 4076 conligitur
973 4018 1004 4055 e
1033 3996 1190 4055 Pers.
1220 3998 1343 4059 Sat.
1364 3995 1436 4056 V.
1469 3997 1562 4053 15.

430 4093 825 4171 Satirographi
851 4096 1082 4152 seriores
1110 4091 1266 4150 fuere
1292 4092 1360 4153 L.
1384 4091 1681 4169 Apuleia-3,
1707 4110 1881 4167 quem
1909 4091 2038 4149 vide
2079 4093 2140 4149 in
2183 4088 2420 4152 Floridis

336 4199 401 4263 ¹p.
434 4189 566 4246 346.
616 4185 676 4247 et
715 4210 769 4266 p.
799 4210 877 4249 m.
926 4188 1059 4247 363.
1102 4187 1188 4245 ed.
1221 4187 1502 4245 Elmenh.
1532 4184 1850 4253 Tetradius,
1894 4189 2120 4248 amicus
2163 4185 2421 4252 Ausonii,
