2978 4920
1028 353 1480 437 SA'MRA'
1531 351 1738 435 '‘vnt.

1641 255 1685 309 ἱ

2301 362 2429 430 219

420 561 780 648 Zelotypus
813 555 1181 647 ThymeleS,
1214 537 1468 644 stupidi'
1483 548 1743 640 conlega
1775 551 2114 616 Corinthi?

421 665 554 728 Res
582 664 757 727 haud
788 662 948 726 mira
976 675 1210 739 tamen,
1241 658 1593 724 citharoedo
1616 654 1930 740 Principe,
1961 653 2192 716 mimus

423 755 688 828 Nobilis,
779 763 941 827 Haec
972 762 1142 827 ultra
1172 761 1331 848 quid
1362 760 1480 824 erit
1510 758 1629 821 nisi
1662 756 1899 820 ludus?
1945 754 2035 818 Et
2066 752 2226 818 illud

423 862 724 929 Dedecus
757 863 951 928 Urbis
978 863 1212 936 habes;
1259 884 1375 925 nec
1403 856 1797 923 mirmillonis
1824 857 1888 921 in
1922 853 2134 932 armis,

2238 883 2243 894 ·
2295 854 2423 914 200

424 967 562 1031 Nec
591 966 815 1054 clypeo
844 965 1209 1031 Gracchum
1238 974 1653 1050 pugnantem,
1671 969 1797 1059 ¹aut
1825 957 1984 1020 falce
2013 955 2262 1040 supina,

421 1070 736 1151 (Damnat
765 1068 932 1133 enim
963 1068 1120 1133 tales
1149 1066 1444 1139 habitus;
1494 1062 1603 1128 sed
1634 1061 1913 1136 damnat,
1945 1070 2009 1124 et
2037 1057 2205 1141 odit)

418 1172 555 1236 Nec
582 1170 766 1257 galea
791 1167 1013 1235 faciem
1044 1166 1410 1233 abscondit:
1457 1175 1670 1229 movet
1700 1185 1842 1227 ecce
1870 1160 2229 1234 tridentem,
2262 1169 2267 1176 '

420 1265 771 1359 Postquam
803 1271 1034 1336 librata
1060 1268 1403 1356 pendentia
1431 1268 1594 1333 retia
1622 1266 1850 1330 dextra

417 1372 874 1460 Nequidquam
905 1370 1158 1448 effudit,
1179 1370 1425 1435 nudum
1455 1369 1540 1434 ad
1570 1365 1928 1455 spectacula
1946 1363 2204 1428 vultum
2290 1363 2417 1424 205

417 1474 653 1563 Erigit,
683 1486 748 1541 et
777 1487 917 1540 tota
943 1474 1116 1561 fugit
1146 1472 1584 1538 adnoscendus
1612 1493 1818 1536 arena.
2491 1474 2495 1480 ’

329 1637 334 1640 ,
419 1575 771 1642 Credamus
797 1576 1055 1655 tunicae,
1086 1575 1166 1640 de
1195 1574 1489 1644 faucibus
1518 1596 1711 1639 aurea
1738 1593 1941 1660 quum
1970 1592 2034 1638 se

326 1765 575 1840 omnisque
630 1765 747 1815 udor
765 1764 1107 1817 dimittendus?
1142 1765 1342 1815 Histrio-

332 1845 419 1878 nes
444 1847 569 1879 emm
670 1847 759 1879 mae
780 1829 978 1880 infames
998 1840 1149 1888 erant,
1173 1840 1239 1892 et,
1262 1830 1344 1896 qui

330 1911 487 1943 scenae
524 1911 715 1961 operam
752 1895 986 1952 locabant,
1021 1897 1144 1946 tribu
1181 1911 1341 1945 move·

331 1960 521 2014 bantur,
576 1969 710 2009 raeter
731 1959 1058 2009 Atellanarum
1079 1969 1276 2010 actores.
1300 1977 1344 2009 v.

333 2024 439 2072 Liv.
460 2025 534 2073 VI
568 2060 581 2073 .
602 2027 653 2073 2.
722 2023 905 2073 Gladios
936 2027 1078 2075 etiam
1111 2025 1171 2074 de
1191 2034 1341 2076 certa-

327 2088 458 2137 ‘mine
479 2088 755 2151 gladiatorio
777 2089 992 2154 adcipere
1013 2090 1141 2147 licet,
1162 2098 1215 2138 ut
1235 2090 1342 2138 duae

330 2162 472 2209 arteS,
508 2153 649 2201 modo
680 2163 948 2201 memoratas
993 2170 1119 2202 nunc
1152 2170 1342 2220 compa-

327 2225 578 2271 rentur‚.et
608 2232 773 2266 sensus
803 2217 881 2272 sit,
913 2217 1237 2280 gladiatoriam
1271 2233 1344 2265 ar-

1408 1765 1615 1831 sumque
1626 1767 1780 1814 dextra
1802 1779 1946 1812 manu
1975 1776 2067 1814 rete
2089 1763 2137 1814 in
2169 1759 2418 1816 adversarii

1408 1839 1552 1896 caput
1576 1829 1764 1896 jacere,
1807 1845 2008 1893 eumque
2048 1831 2115 1880 ita
2155 1826 2419 1892 inpeditum

1408 1899 1599 1944 tridente
1630 1894 1727 1943 sive
1743 1893 1936 1959 fuscina
1959 1894 2038 1959 (ut
2059 1911 2161 1960 sup.
2185 1893 2256 1940 11.
2281 1891 2418 1953 143.)

1406 1959 1666 2009 interficere
1687 1967 1899 2015 conatur,
1923 1958 1999 2007 vel
2019 1959 2059 2007 si
2082 1955 2253 2009 erravit
2273 1964 2320 2003 et
2339 1973 2417 2003 ue-

1405 2028 1482 2087 qui
1542 2042 1645 2074 uam
1661 2027 1775 2072 retia·
1790 2024 1968 2089 effudit,
1985 2024 2154 2080 emisit,
2172 2020 2417 2086 effusesu·

1403 2093 1493 2153 git,
1550 2104 1666 2137 onec
1687 2088 1855 2138 iterum
1877 2096 1973 2137 rete
1994 2087 2216 2152 conlegit.
2276 2083 2418 2134 Cons-

1407 2170 1512 2218 sup.
1530 2154 1604 2203 II.
1630 2155 1736 2201 143.
1748 2168 1848 2216 seq.
1863 2164 1910 2200 et
1926 2153 2056 2219 Lips.
2070 2155 2259 2202 Saturn.
2279 2149 2354 2199 II.
2370 2163 2417 2201 c.

1409 2217 1587 2266 7—10.
1669 2217 1906 2266 Retiarius
1945 2233 2055 2267 cum
2108 2216 2418 2273 Mirmillone,

324 2290 425 2331 tem
466 2281 723 2330 histrioniae
761 2281 1098 2346 praeserendam
1139 2297 1257 2336 esse,
1297 2289 1346 2330 et
1407 2282 1589 2330 Threce
1651 2290 1698 2329 et
1751 2283 1971 2330 Secutore
2035 2282 2418 2347 componebatur.

324 2354 528 2395 mortem
582 2345 738 2410 potius
778 2345 967 2393 viriliter
1015 2346 1344 2411 obpetendam,
1394 2345 1527 2409 falce
1556 2348 1734 2407 supina,
1768 2346 1883 2401 sica,
1905 2345 2063 2408 gladio
2095 2346 2301 2401 incurvo,
2326 2345 2417 2393 nisi

324 2426 476 2475 quam
515 2410 742 2477 pudorem
782 2408 1106 2458 amittendum.
1185 2410 1344 2476 Finge,

322 2477 442 2524 effin
476 2491 502 2524 e
546 2475 703 2523 animo
735 2481 833 2531 tuo,
871 2476 1034 2524 dencke
1074 2476 1165 2523 dir.
1250 2475 1345 2524 Sed

322 2540 428 2588 hau
473 2539 617 2588 dubie
634 2538 906 2603 legendum:
914 2541 1234 2604 finge—poni,
1252 2539 1342 2596 fac,

324 2603 471 2680 finge,
495 2605 581 2653 tibi
613 2603 825 2668 proponi.
884 2606 1080 2665 pulpita,
1113 2603 1214 2653 ludi
1246 2619 1345 2652 sce-

327 2684 442 2785 3²33:
462 2668 1344 2798 5:21.²22132}{5,}73..22.{1¹5‚V;,3⁵33

326 2797 494 2864 lotypi,
535 2806 589 2846 ut
638 2798 853 2853 Latinus,
907 2800 1150 2854 sustineat,
1203 2814 1345 2863 quem

327 2878 445 2911 uxor
487 2863 607 2913 dolis
658 2863 1030 2913 circumvenerit.
1119 2864 1343 2927 Thymele,

326 2926 492 2984 mima,
531 2942 638 2991 quae
671 2926 812 2976 hu‘us
849 2927 1004 2976 uxoris
1072 2938 1193 2977 artes
1229 2944 1339 2992 age·

326 2991 429 3040 bat.
464 2990 542 3040 Cf.
564 3006 669 3065 sup.
689 3007 718 3040 a
773 2992 816 3040 I.
835 2993 913 3040 36.
949 3010 1027 3040 con
1048 3010 1146 3056 ega,
1170 2993 1339 3050 socius,

329 3057 555 3112 Com'nthi,
575 3055 721 3102 muni.

395 3122 505 3170 198.
527 3121 765 3168 citharoedo
785 3118 1013 3181 Principe,
1037 3137 1182 3185 quum
1212 3120 1343 3170 Nero

316 3184 430 3298 {pse
450 3183 717 3299 ἰιῖιοιίιθέἓτίε
739 3184 918 3297 cit'lliara
935 3186 1341 3299 ffnat’jg'vsuffi'

316 3264 741 3300 'er.—.e
841 3265 1064 3298 ac.nn.
1225 3284 1342 3299 ..

331 3314 409 3381 15.
443 3322 493 3363 et
524 3315 668 3364 XVI.
690 3314 748 3385 4x
773 3320 821 3362 et'
852 3306 915 3362 cf.
946 3329 1051 3378 sup.
1073 3312 1165 3361 VI.
1199 3314 1339 3379 617.)

323 3378 441 3426 199.
464 3379 556 3428 hoec
575 3381 703 3426 ultra
721 3380 830 3452 quid
850 3381 936 3426 erit
957 3381 1042 3426 nisi
1065 3379 1215 3434 ludus,
1235 3388 1340 3444 post

320 3442 433 3490 haec
452 3442 566 3508 quid
586 3443 849 3492 videbimus
867 3442 918 3490 in
938 3444 1053 3491 urbe
1071 3449 1239 3507 praeter
1266 3442 1338 3491 lu-

327 3505 448 3554 dos'!
510 3508 622 3556 200.
656 3523 754 3572 seq.
795 3507 857 3555 Et
887 3508 1023 3564 illud,
1058 3507 1202 3555 etiam
1234 3506 1340 3565 hoc,

322 3571 533 3620 ‘Dedecus
559 3571 689 3621 Urbis
707 3573 848 3629 habes,
861 3569 960 3635 jam
990 3586 1178 3636 quoque
1209 3571 1341 3619 vide·

319 3638 455 3691 πως,
489 3635 617 3699 quod
654 3651 835 3685 summo
873 3636 978 3684 urbi
1012 3643 1084 3685 est
1103 3635 1340 3694 dedecori,

326 3700 604 3756 Gracchum,
624 3700 853 3749 nobilium
885 3699 1109 3776 aliquem,
1131 3717 1339 3764 pugnan-

325 3774 432 3821 tem,
455 3772 504 3813 et
536 3763 727 3829 quidem
756 3781 850 3813 non
883 3766 1003 3815 facie
1024 3765 1165 3813 annis
1197 3773 1340 3824 tecta,

324 3837 383 3878 ut
405 3829 641 3886 Mirmillo,
662 3829 745 3894 qui
765 3829 919 3892 galea,
942 3837 1074 3879 scuto
1094 3838 1141 3879 et
1161 3830 1338 3894 gladio,

313 3893 405 3942 'vel
429 3900 484 3941 ut
507 3893 708 3951 Secutor,
731 3892 813 3958 qui
843 3894 1001 3959 gladio
1022 3901 1071 3943 et
1090 3896 1241 3956 clipeo,
1263 3896 1338 3943 vel

310 3959 384 4006 'ut
413 3956 590 4017 Threx,
613 3958 695 4023 qui
726 3974 892 4023 parma
922 3975 960 4009 s.
980 3960 1126 4024 pelta,
1147 3966 1195 4007 et
1211 3960 1342 4025 falce

323 4026 504 4085 ευρίπα,
524 4021 575 4070 h.
608 4039 653 4072 e.
684 4021 785 4071 sica
816 4040 854 4071 s.
887 4022 1048 4089 harpe,
1073 4024 1235 4080 utitur,
1258 4023 1341 4089 sed

323 4091 450 4136 ’audo
479 4089 630 4145 vultu,
652 4095 722 4144 ut,
744 4103 851 4163 quae.
883 4086 1159 4153 inpudentia
1191 4088 1339 4137 homi·

311 4152 400 4218 'nis
434 4161 521 4213 est,
557 4153 618 4201 ab
650 4152 867 4200 omuibus
896 4163 1218 4216 cognoscatur,
1251 4153 1338 4201 ha-

321 4216 429 4265 bitu
463 4210 690 4274 Retiarii,‘
707 4217 790 4281 qui
822 4216 948 4275 solus
980 4235 1037 4268 ex
1069 4217 1338 4284 gladiatori-

283 4342 288 4345 ·
320 4281 417 4328 bus
435 4281 645 4346 frontem
684 4300 773 4329 non
797 4283 1033 4343 'abscondit
1067 4285 1217 4347 galea,
1249 4283 1341 4331 sed

326 4354 495 4410 aperta
525 4345 646 4395 facie
683 4354 771 4403 est,
795 4354 843 4394 et
879 4348 980 4396 sola
1012 4350 1167 4397 tunica
1198 4355 1342 4412 atque

320 4410 480 4475 galero
532 4417 798 4468 contentus,
841 4412 1105 4462 conlectum
1149 4427 1342 4476 suspen·

1410 2410 1549 2457 malis
1581 2410 1801 2458 reducto:
1837 2425 1947 2458 nam
1968 2407 2150 2467 Threx,
2172 2420 2291 2460 teste
2326 2411 2415 2458 Ar·

1409 2475 1651 2531 temidoro,
1692 2474 1932 2530 taeaeaa'mu,
1981 2474 2216 2539 insurgere
2261 2477 2417 2533 altius,

1408 2538 1462 2586 ‘ut
1483 2537 1658 2588 ‘contra
1694 2538 1922 2587 Mirmillo
1957 2542 2004 2587 iu
2038 2538 2173 2588 ανῂιὶε
2204 2542 2419 2588 subsidere

1408 2603 1608 2661 solebat,
1631 2602 1671 2650 si
1690 2603 1900 2652 Ausonio
1931 2604 2049 2651 fides
2075 2603 2311 2655 habenda.
2343 2602 2418 2668 (v.

1409 2668 1542 2734 Lips.
1563 2670 1597 2717 l.
1618 2668 1654 2717 l.
1685 2683 1727 2716 c.
1749 2668 1796 2715 9.
1830 2676 1878 2716 et
1914 2668 2017 2730 10.)
2082 2669 2193 2716 202.
2216 2671 2305 2723 sed,
2328 2667 2416 2714 im-

1408 2747 1503 2789 mo,
1525 2733 1654 2797 quin.
1719 2733 1868 2781 Totus
1890 2749 1995 2780 vero
2024 2747 2183 2780 versus
2215 2732 2417 2796 interpo-

1408 2796 1632 2848 lationem
1665 2796 1857 2847 redolet.
1919 2797 2034 2845 204.
2052 2799 2205 2845 dextra
2239 2799 2416 2853 librata,

1407 2871 1575 2912 exacte
1606 2861 1741 2927 quasi
1772 2877 2028 2938 perpensa:
2072 2861 2262 2910 solertia
2291 2862 2416 2910 enim

1405 2942 1524 2991 opus
1543 2935 1658 2983 erat,
1681 2941 1740 2973 ne
1762 2925 1958 2975 nimium
1991 2925 2113 2975 vires
2137 2926 2310 2975 dextrae
2335 2936 2417 2989 aut

1403 2990 1754 3042 intenderentur
1771 3000 1853 3040 aut
1866 2990 2224 3040 remitterentur.
2240 3050 2248 3058 ι
2267 3018 2271 3033 ·
2288 2991 2416 3040 Con-

1406 3056 1536 3104 venit
1557 3057 1700 3105 etiam
1721 3056 1907 3121 propria
1920 3056 1988 3104 vis
1999 3072 2180 3104 sursum
2200 3056 2415 3105 ,deorsum

1406 3120 1640 3177 movendi,
1660 3135 1767 3185 quae
1790 3135 1817 3168 a
1844 3121 2099 3170 fluctuante
2132 3121 2266 3169 librae
2288 3130 2417 3169 motu

1406 3184 1624 3235 desumta
1661 3194 1750 3241 est,
1786 3186 1913 3235 unde
1948 3186 2122 3251 passim
2161 3186 2222 3233 ad
2258 3186 2415 3235 avium

1402 3266 1593 3361 ¹quoque
1630 3249 1838 3298 volatum
1877 3250 2148 3300 transfertur
2184 3249 2272 3299 hoc
2306 3267 2414 3315 ‘ver-

1435 3331 1533 3362 um.

1466 3380 1582 3428 205.
1605 3382 1664 3426 ad
1884 3380 1945 3435 la,
1968 3378 2029 3428 ad
2057 3378 2414 3443 spectationem,

1406 3442 1469 3492 ad
1488 3444 1826 3509 spectandum3
1860 3442 1933 3492 vel
1964 3443 2120 3509 potius
2147 3442 2209 3491 ad
2231 3451 2413 3509 specta-

1405 3515 1547 3555 tores.

1469 3572 1583 3619 207.
1605 3572 1650 3618 8.
1671 3571 1721 3619 Si
1753 3570 1858 3635 quis
1878 3569 2018 3619 etiam
2053 3587 2177 3618 nunc
2210 3569 2412 3632 dubitat,

1407 3634 1679 3685 Gracchum
1709 3651 1828 3697 esse,
1851 3634 1933 3698 qui
1964 3634 2014 3682 in
2048 3650 2191 3684 arena
2216 3648 2413 3712 pugnet,

1406 3716 1551 3764 quum
1576 3707 1733 3747 tamen
1754 3699 1884 3748 nuda
1905 3697 2006 3764 ejus
2027 3699 2171 3749 facies
2191 3710 2252 3749 sit
2283 3711 2330 3759 et
2351 3705 2412 3753 ab

1405 3764 1621 3812 omnibus
1652 3763 1866 3829 cognosci
1888 3772 2048 3838 queat,
2067 3765 2331 3816 evidentius
2362 3768 2412 3817 id

1402 3828 1506 3893 ejus
1534 3827 1722 3877 babitus
1754 3827 1969 3877 docebit:
2004 3845 2113 3879 nam
2148 3846 2247 3891 non
2273 3832 2414 3882 modo

1404 3897 1603 3942 tunicam
1635 3902 1682 3942 et
1709 3894 1933 3959 galerum,
1963 3903 2016 3943 ut
2050 3895 2306 3954 Retiarius,
2328 3915 2412 3962 ge-

1404 3967 1517 4016 stat,
1559 3957 1643 4007 sed
1685 3958 1845 4015 etiam,
1889 3967 1941 4008 ut
1980 3958 2160 4015 Salius,
2205 3962 2412 4025 (Salium

1404 4023 1532 4071 enim
1566 4022 1707 4072 fuisse
1738 4039 1863 4080 eum,
1887 4039 1946 4072 ex
1980 4025 2081 4073 Sat.
2114 4025 2187 4073 ΙΙ.
2222 4028 2331 4073 125.
2363 4027 2411 4073 6.

1404 4087 1706 4154 intelligitur)
1727 4091 1925 4137 tunicam
1956 4090 2139 4136 auream
2160 4106 2198 4136 s.
2220 4090 2412 4152 pictam,

1404 4152 1453 4201 h.
1474 4172 1518 4203 e.
1545 4170 1659 4203 auro
1689 4162 1737 4202 et
1768 4167 1973 4226 purpura
2003 4153 2307 4214 variegatam,
2330 4169 2413 4200 cu-

1396 4216 1477 4281 jus
1499 4234 1692 4267 aureum
1712 4228 1954 4282 patagium
1974 4232 2011 4264 s.
2033 4216 2206 4262 limbus
2237 4223 2285 4263 et
2315 4218 2414 4265 cla-

1405 4299 1492 4331 vus
1512 4299 1541 4330 a
1561 4282 1795 4349 superiore
1824 4281 1927 4344 ejus
1946 4287 2075 4343 parte
2109 4278 2233 4327 circa
2248 4280 2417 4345 fauces

1407 4345 1469 4395 ad
1488 4347 1633 4396 imam
1665 4361 1794 4394 oram
1824 4345 2091 4407 porrigitur,
2111 4352 2159 4391 et
2188 4347 2410 4408 galerum,

1407 4410 1456 4457 h.
1478 4427 1524 4458 e.
1544 4412 1722 4477 apicem
1742 4424 1782 4455 s.
1802 4408 1978 4472 pileum
2010 4406 2059 4454 in
2077 4407 2183 4456 coni
2216 4407 2411 4461 sormam

1509 4476 1700 4538 252
