2978 4920
588 296 706 360 142

1278 289 1948 354 JUVENALIS

663 466 940 541 NumuS,
971 475 1032 527 et
1066 485 1101 526 e
1130 461 1318 548 pleno
1347 483 1592 547 semper
1621 459 1883 527 tollatur
1910 482 2156 536 acervo,

615 594 622 599 ¹
661 568 809 631 Non
841 584 1147 650 umquam
1177 573 1457 649 reputat,
1488 562 1715 647 quanti
1746 561 1864 626 sibi
1892 561 2134 647 gaudia
2160 574 2468 629 constent.
2526 562 2658 628 365

751 670 938 745 Sunt,
969 688 1130 751 quas
1159 664 1433 727 eunuchi
1463 663 1734 728 inbelles·
1750 687 1823 731 ac
1850 663 2067 728 mollia
2094 687 2345 751 semper

669 771 898 837 Oscula
925 768 1257 845 delectent,
1289 779 1352 832 et
1384 766 1736 854 desperatio
1771 769 2011 845 barbae,

670 875 755 938 Et
784 870 960 957 quod
989 868 1275 933 abortivo
1304 890 1428 932 non
1457 880 1552 932 est
1574 890 1754 953 opus.

1846 867 1972 932 Illa
2000 868 2294 954 voluptas

671 976 926 1039 Summa
952 985 1183 1049 tamen,
1215 970 1388 1057 quod
1409 971 1546 1056 jam
1575 970 1778 1034 calida
1803 982 2056 1035 matura
2067 971 2338 1057 juventa

672 1073 943 1161 Inguina
969 1072 1311 1149 traduntur
1339 1070 1618 1161 mediciS‚
1642 1072 1778 1158 jam
1799 1073 2049 1158 pectine
2078 1072 2280 1158 nigro,

2524 1076 2652 1141 370

667 1177 841 1261 Ergo
870 1184 1179 1261 spectatos
1207 1196 1280 1236 ac
1300 1174 1512 1258 jussos
1543 1194 1817 1236 crescere
1845 1172 2126 1259 primum

667 1276 1043 1354 Testiculos‚
1073 1289 1411 1362 postquam
1440 1287 1769 1361 coeperunt
1792 1299 1926 1339 esse
1954 1275 2239 1351 bilibres,

667 1380 968 1444 Tonsoris
995 1378 1224 1441 damno
1253 1389 1504 1442 tantum
1531 1376 1699 1464 rapit
1730 1376 2135 1441 Heliodorus,

665 1478 1058 1566 Conspicuus
1086 1477 1271 1562 longe
1299 1477 1671 1563 cunctisque
1700 1476 1998 1541 notabilis
2028 1477 2224 1541 intrat

663 1579 920 1656 Balnea,
950 1600 1064 1642 nec
1087 1576 1284 1640 dubie
1312 1576 1642 1641 custodem
1670 1577 1820 1641 vitis
1846 1588 1912 1641 et
1942 1576 2111 1640 horti

576 1765 807 1812 librorum
821 1769 954 1824 parte
971 1776 1056 1822 pro
1069 1761 1157 1819 At,
1177 1768 1226 1808 et
1241 1775 1288 1806 v.
1300 1760 1415 1819 365,
1435 1775 1575 1823 repa.

578 1833 645 1875 tat
666 1842 726 1874 ex
744 1830 928 1887 aliquot
949 1828 1056 1873 edd.
1087 1833 1210 1872 antt.
1242 1839 1327 1884 pro
1359 1830 1576 1886 reputant

579 1894 652 1939 vel
691 1896 928 1952 repetant3
965 1904 1149 1935 necnon
1183 1889 1409 1935 recidivus
1439 1903 1503 1936 ex
1544 1890 1575 1937 2

579 1957 721 2003 MSS.
743 1964 791 2001 et
815 1954 862 2002 5.
884 1956 992 2002 edd.
1012 1960 1134 1999 antt.
1151 1968 1237 2012 pro
1260 1953 1388 2012 vulg.
1407 1954 1578 2000 redivi-

575 2033 675 2075 vus,
699 2021 827 2079 quod
851 2019 1021 2065 Festus
1040 2018 1264 2076 exponit=
1301 2030 1360 2062 ex
1385 2025 1576 2064 vetusto

575 2092 880 2138 renovatum,
920 2096 967 2129 v.
998 2095 1042 2129 c.
1074 2081 1331 2127 aedificium
1364 2093 1402 2124 s.
1434 2083 1572 2140 lapis.

577 2147 705 2198 Quae
727 2148 857 2192 notio
879 2147 1034 2193 aliena
1054 2152 1126 2191 est
1148 2146 1208 2191 ab
1229 2145 1278 2189 h.
1302 2145 1337 2192 l.
1358 2152 1408 2190 at
1428 2147 1575 2205 aptis-

2521 1580 2649 1645 375

1638 1775 1771 1808 ream
1795 1763 1984 1821 aptiora
2004 1768 2181 1817 essent,
2206 1763 2486 1809 castrandus
2514 1776 2651 1810 cura-

1638 1827 1774 1873 bant.
1837 1826 2147 1872 Domitianus
2177 1827 2354 1885 aliique
2392 1834 2500 1885 post
2532 1840 2647 1874 eum

1640 1889 1964 1949 Imperatores
1985 1903 2144 1937 mares
2155 1891 2356 1938 castrari
2371 1897 2586 1938 vetuere.
2601 1905 2649 1938 ν.

1642 1953 1665 2000 1
1672 1961 1770 2012 ntp.
1794 1953 1925 1999 Suet.
1945 1954 2130 1999 Domit-
2151 1969 2193 2000 c.
2206 1955 2251 2001 7.
2279 1954 2648 2016 colidajuoeuta,

1640 2031 1684 2063 v.
1708 2030 1812 2076 sup.
1835 2019 1896 2062 ad
1921 2032 1965 2065 v.
1983 2016 2103 2075 325.
2119 2023 2327 2072 matura,
2338 2016 2490 2079 justae
2511 2032 2647 2079 mag-

1640 2081 1892 2139 nitudinis,
1926 2089 1974 2128 et
2007 2083 2070 2127 ad
2100 2085 2430 2141 generandum
2460 2084 2647 2129 idonea.

1637 2142 1748 2191 370.
1767 2146 2038 2203 traduntur,
2055 2153 2110 2191 ut
2126 2147 2334 2193 testiculi
2346 2154 2647 2195 exsecentur.

576 2213 700 2258 simo
735 2225 827 2256 vox
846 2211 1071 2256 recidivus
1102 2215 1151 2254 et
1172 2210 1469 2267 metaphora,
1492 2224 1575 2269 pe-
1629 2210 1809 2267 pectine
1838 2210 1996 2269 nigro,
2016 2212 2215 2270 inguine
2249 2211 2400 2270 nigris
2431 2211 2646 2257 crinibus

572 2277 665 2322 tita
682 2276 758 2321 vel
774 2289 803 2320 a
824 2274 1029 2322 coedemlo
1050 2279 1098 2319 et
1119 2273 1319 2319 surculis
1341 2286 1382 2321 s.
1402 2275 1580 2333 plantis
1642 2272 1864 2327 horrid03
1899 2280 1955 2319 ut
1969 2275 2056 2321 Gr.
2076 2272 2212 2326 nesle.
2275 2274 2391 2322 371.
2412 2279 2645 2335 wedam,

572 2340 935 2400 arboribusque,
973 2352 1083 2398 quae
1136 2337 1388 2383 recidendo
1440 2351 1579 2384 rena-

578 2409 779 2450 scuntur
815 2411 900 2449 aut
938 2417 965 2449 e
996 2403 1235 2448 radicibus
1266 2402 1576 2460 repullulant,

575 2472 727 2520 (unde
748 2477 797 2514 ct
818 2470 866 2515 h.
890 2470 923 2515 l.
938 2463 1159 2528 pullulat)
1176 2466 1247 2511 vel
1267 2467 1444 2525 potius,
1459 2481 1580 2526 quo·

576 2534 710 2579 niam
733 2535 839 2594 syn.
855 2546 952 2581 sec.
973 2532 1129 2578 brevis
1152 2537 1243 2587 est,
1267 2531 1507 2576 acadendo
1526 2538 1576 2576 et

574 2598 897 2655 aseminibus,
910 2611 1021 2657 quae
1043 2597 1133 2643 etsi
1151 2602 1330 2642 temere
1351 2595 1576 2641 cecidisse

573 2668 659 2711 aut
679 2662 872 2721 penitus
894 2665 1014 2708 adeo
1041 2660 1276 2705 interiisse
1304 2659 1573 2715 videantur,

576 2736 734 2773 tamen
779 2733 1035 2785 resurgunt
1064 2737 1120 2770 ac
1156 2730 1465 2769 renovantur.
1499 2723 1577 2772 ef.

577 2792 739 2851 Intpp.
756 2789 895 2849 Virg.
914 2790 1021 2834 AEn.
1036 2787 1128 2833 IV.
1142 2785 1252 2832 344.
1274 2801 1299 2831 ε
1315 2785 1448 2844 pleno
1460 2800 1574 2833 sem·

567 2869 658 2915 per
679 2852 865 2900 tollatur
885 2865 1041 2898 acerno
1059 2852 1201 2895 verba
1220 2849 1390 2894 Horat.
1412 2849 1512 2897 Sat.
1536 2850 1575 2895 Ι.

577 2918 624 2965 1.
656 2917 731 2964 51.
761 2916 956 2975 gaudeo,
987 2915 1207 2972 voluptas
1248 2912 1485 2967 Venerea,
1520 2920 1576 2959 ut

573 2982 753 3041 passim
777 2994 855 3038 ap.
875 2979 1053 3026 Tibull.
1077 2984 1124 3022 et
1148 2979 1208 3022 al.

635 3043 909 3091 366-378,
962 3042 1087 3088 Aliae
1131 3041 1359 3087 mulieres
1410 3055 1575 3088 amore

573 3107 904 3154 Eumae-horum
934 3107 1211 3165 capiuntur,
1232 3107 1361 3164 quod
1406 3106 1577 3151 molles

571 3178 686 3217 sunt
707 3172 807 3229 isti,
828 3176 877 3214 et
892 3171 953 3216 ad
975 3170 1243 3223 libidinem,
1266 3182 1361 3215 non
1386 3182 1499 3214 vero
1515 3172 1576 3216 sd

569 3237 925 3296 generationem
940 3233 1113 3280 idonei.
1138 3234 1214 3278 cf.
1237 3245 1340 3291 sup.
1359 3234 1420 3278 ad
1437 3231 1480 3278 Ι.
1499 3232 1576 3279 22.

567 3305 619 3347 et
640 3299 853 3347 Martial.
871 3298 961 3345 VI.
983 3298 1063 3345 67.
1084 3295 1286 3352 inbelles,
1303 3296 1500 3341 inutiles
1515 3298 1576 3342 ad

566 3365 896 3417 concubitum,
916 3364 991 3409 vel
1011 3361 1171 3421 potius
1192 3359 1472 3406 effeminati.
1505 3372 1576 3404 os·

565 3429 670 3474 cula
690 3428 865 3485 nwllia,
881 3428 1065 3480 suavia,
1082 3426 1159 3471 vel
1171 3423 1445 3480 muliebria,
1460 3425 1576 3483 quia

564 3505 620 3538 os
635 3493 830 3538 inberbe
841 3498 890 3537 et
905 3492 1128 3550 glabrum
1145 3496 1236 3542 est,
1251 3489 1379 3534 unde
1391 3501 1448 3534 ea
1457 3488 1575 3535 duro

563 3558 641 3603 ori
655 3555 852 3616 obponit
871 3555 1084 3603 Martial.
1097 3554 1190 3601 XI.
1209 3552 1286 3600 23.
1304 3551 1348 3600 l.
1364 3551 1573 3611 despera-

566 3620 632 3665 tio
652 3618 817 3676 barbe,
833 3621 962 3678 quod
978 3620 1112 3667 nulla
1125 3619 1186 3665 iis
1204 3630 1312 3677 spes
1324 3622 1399 3663 est
1410 3617 1573 3663 barbo

566 3681 773 3739 alendae,
791 3688 839 3727 et
856 3696 1045 3742 semper
1060 3686 1178 3729 sunt
1189 3682 1424 3728 inberbes.
1457 3679 1570 3728 368.

566 3746 686 3807 quod
711 3745 911 3791 abortivo
931 3747 1307 3802 medicamento,
1329 3757 1428 3804 quo
1455 3757 1569 3789 con.

563 3816 759 3871 ceptum
777 3822 807 3854 a
827 3821 879 3854 se
899 3810 1111 3869 abigant,
1140 3810 1219 3871 (ut
1239 3821 1345 3868 sup.
1369 3809 1439 3855 11.
1460 3805 1569 3869 32.)

563 3887 655 3920 non
670 3876 736 3920 est
755 3886 884 3933 opus,
899 3874 1013 3932 quia
1032 3875 1133 3920 scil.
1155 3887 1254 3920 non
1271 3872 1569 3932 concipiunt,

564 3939 644 3985 vel
664 3937 877 3997 gravidae
894 3936 1017 3982 fiunt
1036 3951 1064 3984 e
1086 3937 1397 3996 spadonibus·

626 4001 741 4049 369.
757 4013 889 4062 seqq.
907 3999 1148 4048 Matronae
1164 4002 1307 4046 Rom.
1318 4006 1374 4045 ut
1388 4012 1446 4045 eo
1461 4012 1568 4045 ma-

552 4061 715 4128 jorem
736 4078 798 4112 ex
818 4070 868 4110 et
882 4077 995 4110 cum
1019 4064 1252 4111 eunuchis
1270 4064 1565 4122 voluptatem

560 4136 806 4191 caperent.
824 4140 995 4174 vernas
1015 4141 1128 4174 suos
1145 4141 1262 4185 non,
1277 4135 1333 4173 ut
1353 4127 1566 4186 vulgaris

559 4207 668 4241 mos
711 4194 911 4246 ferebat,
946 4194 1007 4239 ab
1039 4193 1142 4251 ipso
1173 4193 1319 4238 ubere
1346 4198 1563 4238 materno

561 4265 738 4317 raptos,
762 4257 844 4303 sed
859 4252 966 4317 jam
983 4258 1103 4302 bene
1125 4256 1332 4310 adultos,
1354 4268 1562 4315 quorum

558 4322 785 4379 genitalia
797 4322 912 4369 satis
927 4321 1122 4382 grandia
1144 4328 1192 4367 et
1209 4322 1270 4368 ad
1283 4333 1387 4368 rem
1401 4319 1562 4366 Vene-

1642 2336 1870 2395 insignes,
1885 2335 2035 2399 justae
2058 2340 2424 2399 magnitudinis.
2457 2339 2647 2398 Specta·

1644 2406 1714 2458 to,
1739 2401 1787 2445 h.
1807 2414 1852 2447 e.
1876 2403 2018 2448 certis
2037 2402 2396 2463 experimentis,
2415 2415 2478 2447 an
2501 2406 2649 2462 proba

1642 2466 1760 2522 sint,
1790 2479 1959 2521 necne,
1983 2469 2228 2527 explorata
2255 2474 2309 2513 et
2339 2468 2550 2527 cognita,
2574 2471 2647 2515 di-

1639 2536 1817 2575 cuntur
1832 2532 2020 2589 proprie
2042 2534 2256 2586 metalla,
2274 2534 2434 2588 numi,
2454 2532 2646 2578 histrio-

1642 2606 1727 2637 nes
1749 2607 1805 2639 ac
1820 2595 2134 2652 gladiatores:
2160 2598 2289 2642 unde
2305 2598 2537 2655 spectatio,
2549 2611 2647 2655 spe-

1639 2659 1834 2715 ctamen,
1885 2660 2202 2717 spectaculum.
2278 2658 2392 2706 873.
2429 2660 2646 2708 Tonsoris

1641 2718 1825 2780 damno,
1843 2722 1953 2780 quia
1977 2728 2083 2768 tum
2119 2725 2265 2770 barba
2286 2736 2381 2768 non
2406 2726 2596 2783 crescit,
2616 2739 2644 2772 e

1640 2779 1780 2843 cujus
1817 2794 2012 2832 tonsura
2046 2786 2235 2833 lucrum
2269 2800 2440 2846 capere
2477 2791 2642 2847 possit.

1641 2845 1824 2893 Eodem
1840 2845 1953 2909 joco
1988 2851 2233 2910 Aristoph.
2266 2852 2318 2896 in
2341 2850 2475 2898 Nub.
2507 2853 2643 2908 dicit,

1641 2910 1989 2960 Socraticorum
2044 2914 2350 2973 nudipedalia
2400 2918 2643 2963 sutoribus

1639 2974 1796 3021 fraudi
1834 2989 1951 3022 esse.
1994 2982 2175 3024 tantum
2207 2979 2414 3025 tonsoris
2443 2980 2645 3039 damno,

1640 3052 1735 3086 non
1749 3047 2093 3088 matronarum.
2116 3042 2413 3102 Heliodorus,
2427 3057 2514 3101 pro
2525 3058 2648 3104 quo.

1640 3103 1713 3147 vis
1733 3104 1938 3162 medico,
1959 3108 2032 3152 vel
2053 3106 2279 3165 chirurgo
2299 3105 2434 3169 (nam
2459 3115 2645 3157 veteres

1639 3168 1814 3212 medici
1837 3181 2006 3215 omnes
2035 3176 2172 3216 erant
2208 3171 2441 3231 chirurgi)
2484 3177 2536 3217 et
2566 3186 2648 3220 ea.

1643 3238 1858 3286 stratore,
1900 3239 1957 3279 ut
1988 3232 2274 3293 Archigenes
2305 3246 2493 3293 sup.·v.
2532 3236 2645 3285 236.

1641 3293 1717 3340 De
1737 3308 1794 3340 eo
1815 3310 1862 3341 v.
1886 3295 2028 3345 Paul.
2041 3298 2264 3357 AEgineta
2286 3298 2380 3345 IV.
2401 3298 2483 3347 49.

1701 3357 1813 3405 374.
1830 3360 2350 3421 Conspicuuninsignis,
2367 3365 2642 3422 spectabilis

1639 3423 1972 3481 magnitudine
2003 3425 2304 3485 genitalium.
2354 3427 2432 3472 cf.
2464 3428 2552 3473 inf.
2594 3442 2642 3475 v.

1637 3483 1748 3533 512.
1782 3487 1895 3535 513.
1926 3488 2123 3543 Balnea,
2156 3503 2268 3548 quoe
2299 3490 2486 3549 probris
2516 3493 2643 3539 infa-

1638 3550 1733 3596 mia
1763 3559 1918 3606 erant,
1942 3554 2112 3612 intrat,
2132 3555 2311 3610 nudus,
2333 3560 2392 3600 ut
2411 3555 2641 3615 adspectu

1634 3617 1829 3673 grandis
1842 3618 2073 3664 mentulae
2085 3618 2248 3664 oculos
2264 3624 2461 3677 pascant
2471 3619 2637 3667 lavan-

1636 3684 1708 3724 tes
1741 3680 1966 3726 mulieres
1998 3682 2183 3742 virique
2214 3682 2405 3729 molles.
2440 3682 2516 3729 Cf.
2550 3684 2640 3732 inf.

1636 3741 1830 3791 1X.35.
1855 3742 1953 3791 XI.
1988 3744 2095 3792 156.
2128 3744 2346 3793 Martial.
2380 3745 2422 3794 Ι.
2455 3746 2536 3794 97.
2560 3747 2638 3794 11.

1632 3817 1731 3867 seq.
1794 3807 1906 3854 376.
1938 3809 2169 3856 Provocat
2199 3810 2536 3870 magnitudine
2554 3825 2638 3871 pe-

1632 3870 1708 3915 nis
1730 3871 1891 3931 ipsum
1911 3872 2137 3919 custodem
2156 3874 2267 3919 vitta
2286 3878 2332 3920 et
2350 3872 2479 3920 hortu·
2499 3874 2640 3921 Pria·

1631 3946 1768 3993 pum,
1786 3932 1926 3996 cujus
1946 3939 2167 3986 mentula
2185 3938 2397 3984 enormis
2419 3939 2642 3998 fingitur,

1631 4003 1682 4043 et
1699 4001 1778 4045 cui
1799 4013 1896 4045 non
1920 4001 2066 4047 modo
2085 4002 2358 4058 hortorum,
2382 4004 2467 4048 sed
2485 4003 2636 4049 etiam

1631 4063 1901 4121 vinearum,
1931 4077 2156 4124 agrorum
2190 4064 2514 4125 villarumque
2549 4080 2635 4113 cu·

1628 4128 1785 4174 stodia
1819 4129 2230 4176 committebatur.
2275 4130 2355 4177 Cf.
2387 4130 2641 4190 Antipatri

1627 4191 1793 4251 Epigr.
1812 4192 1898 4239 tv.
1918 4193 1969 4237 in
1999 4192 2211 4239 Brunck.
2235 4193 2380 4242 Anal.
2407 4194 2470 4240 T.
2491 4194 2562 4241 11.
2581 4207 2636 4253 p.

1629 4256 1659 4302 ’1
1664 4287 1679 4303 .
1691 4271 1720 4301 a
1736 4255 1940 4311 dmnina,
1955 4252 2060 4316 ejus
2065 4252 2227 4316 jussu.
2259 4256 2483 4314 Domina,
2495 4272 2641 4310 uxor.

1626 4318 1701 4367 cf.
1720 4331 1826 4379 sup.
1849 4321 1911 4367 ad
1934 4334 1983 4370 v.
1995 4318 2079 4369 80.
2168 4344 2172 4349 ·
2370 4349 2377 4354 «
