2978 4920
586 276 683 339 14

1302 267 1971 334 JUVEN.'A1.18

636 460 641 465 ’
678 443 1126 528 Paulatimque
1154 440 1364 506 aniana
1390 440 1722 506 caluerunt
1749 437 1968 503 mollia
1996 460 2171 515 saxa,

675 547 769 609 Et
796 543 1080 612 maribus
1108 541 1312 607 nudas
1339 539 1617 606 ostendit
1649 540 1901 627 Pyrrha
1917 539 2201 627 puellas:

679 643 1234 731 Quidquidagunt
1257 643 1564 719 homines,
1581 655 1829 719 votum,
1852 642 2066 718 timor,
2090 641 2209 718 ira,
2234 639 2551 727 voluptas,
2597 644 2691 704 85

679 744 959 821 Gaudia,
984 743 1336 821 discursus,
1366 742 1567 808 nostri
1595 754 1689 807 est
1719 743 1975 829 farrago
2003 740 2220 806 libelli.

679 848 773 912 Et
802 846 1058 933 quando
1089 845 1343 911 uberior
1370 845 1679 909 vitiorum
1710 846 1940 931 copia?
1984 844 2247 931 quando

584 988 593 1007 ι
681 952 897 1038 Major
924 950 1206 1016 avaritiae
1232 950 1444 1037 patuit
1475 949 1700 1013 sinus?
1745 949 1882 1013 alea
1908 949 2167 1035 quando

683 1055 826 1117 Hos
853 1052 1143 1118 animos?
1190 1054 1419 1139 Neque
1446 1052 1616 1115 enim
1643 1050 1870 1115 loculis
1897 1050 2350 1116 comitantibus
2376 1050 2509 1115 itur

682 1153 795 1218 Ad
822 1176 1037 1219 casum
1065 1153 1327 1231 tabulae,
1355 1151 1565 1240 posita
1592 1150 1703 1215 sed
1731 1151 1981 1217 luditur
2008 1172 2171 1215 arca.

2569 1140 2688 1218 '90

682 1253 919 1318 Proelia
945 1266 1186 1340 quanta
1215 1254 1345 1318 illic
1373 1253 1807 1339 dispensatore
1835 1251 2081 1316 videbis

681 1358 1060 1443 Armigerol
1112 1357 1476 1443 Simplexne
1506 1357 1688 1420 furor
1720 1356 2008 1420 sestertia
2034 1366 2289 1419 centum

684 1460 981 1536 Perdere,
1004 1469 1067 1522 et
1096 1459 1379 1522 horrenti
1408 1457 1691 1523 tunicam
1721 1479 1848 1521 non
1877 1456 2140 1522 reddere
2171 1477 2350 1520 servo
2369 1460 2397 1518 ?

594 1660 730 1707 unde
766 1667 920 1705 sortes
960 1660 1167 1705 ducebat
1210 1666 1382 1710 vates;
1419 1658 1479 1703 de
1516 1671 1612 1718 qua

604 1722 953 1789 „augustanum
978 1738 1016 1768 s.
1053 1719 1375 1784 ψηφομανπίᾳ
1405 1730 1499 1768 cet.
1518 1723 1613 1768 vid.

602 1790 786 1836 Potter.
805 1789 1048 1835 Archoeol.
1072 1785 1142 1832 11.
1174 1789 1247 1834 16.
1282 1795 1332 1834 et
1350 1787 1614 1846 spanhem.

592 1856 664 1901 ad
684 1854 874 1900 Gallim.
904 1853 972 1900 H.
994 1854 1043 1897 in
1080 1853 1241 1910 Apoll.
1283 1850 1361 1896 43.
1415 1849 1618 1896 Orac-ula

596 1920 756 1964 verine
775 1917 1012 1972 dicuntur,
1025 1931 1129 1976 quoe
1150 1913 1611 1976 vaticinationesem·

600 1983 795 2034 dantur,
809 1981 887 2026 sed
897 1986 941 2026 et
952 1985 1110 2036 sortes,
1123 1993 1226 2039 quoe
1240 1981 1491 2033 ducuntur,
1508 1979 1607 2025 cic.

601 2047 663 2093 de
676 2044 788 2090 Div.
811 2044 883 2092 Π.
903 2044 988 2091 33.
1015 2045 1223 2091 Romani
1237 2049 1382 2090 sorice
1398 2044 1612 2103 adpella-

601 2111 719 2156 bnnt
735 2111 925 2168 quaevis
934 2109 1125 2154 oracula
1140 2122 1404 2169 eorumque
1419 2121 1612 2167 respon-

603 2185 678 2230 se,
705 2180 806 2218 tarn
840 2186 925 2233 per
958 2181 1128 2226 sortes,
1162 2186 1307 2232 quam
1342 2186 1423 2218 ore
1463 2173 1611 2226 edita,

590 2238 835 2298 quoniam
879 2238 961 2283 illa
997 2236 1300 2283 oraculorum
1341 2250 1519 2298 genera
1555 2236 1614 2282 ils

601 2303 704 2349 sola
726 2302 824 2348 fere
838 2310 951 2348 nota
968 2308 1017 2347 et
1033 2301 1190 2347 vicina
1211 2308 1368 2358 erant,
1388 2314 1436 2348 v.
1452 2314 1497 2347 c.
1516 2312 1614 2347 sor-

607 2372 680 2413 tes
708 2367 1036 2422 Praenestinae,
1061 2367 1324 2412 Antia'inae
1358 2373 1446 2411 cet.
1519 2366 1612 2411 Sed

592 2433 655 2479 κὴ.
673 2433 708 2478 l.
723 2434 867 2479 sortes
877 2433 1023 2478 etiarn
1033 2432 1226 2491 proprio
1238 2443 1379 2478 sensu
1395 2430 1613 2489 adcipere

606 2499 736 2556 licet.
806 2498 1033 2543 Ceterum
1073 2497 1155 2541 alii
1194 2498 1492 2556 Apollinem,
1533 2496 1614 2543 alii

605 2561 914 2619 Themidem,
937 2562 1069 2625 (quae
1088 2568 1195 2621 post
1207 2562 1449 2607 Tellurem
1467 2569 1515 2606 et
1531 2575 1613 2606 an-

605 2633 655 2673 te
675 2627 951 2687 Apollinem
967 2639 1194 2685 responsa
1209 2626 1410 2686 Delphis
1427 2626 1616 2671 dedisse

609 2693 836 2750 traditur)
858 2692 938 2738 alii
975 2692 1133 2749 ipsum
1158 2691 1331 2738 «Iovem
1366 2704 1395 2735 a
1428 2689 1616 2735 Deuca·

607 2755 735 2801 lione
778 2756 1054 2801 consultum
1099 2761 1387 2800 memorant.
1437 2755 1616 2808 auium,

607 2816 747 2880 enjus
780 2825 1004 2864 naturam
1027 2817 1171 2862 multi
1195 2819 1310 2862 olim
1346 2818 1617 2878 philosophi

592 2882 803 2942 igneam
820 2893 927 2927 esse
941 2882 1192 2941 putabant,
1209 2881 1448 2926 caluerunt
1461 2881 1621 2927 mollia

608 2959 753 3003 ητα,-
791 2957 896 3007 qnae
919 2945 1100 2999 fabula,
1125 2954 1181 2991 ut
1213 2946 1341 3003 aliae,
1363 2957 1425 2990 ex
1455 2946 1619 3004 inepta

608 3011 903 3070 etymologia
925 3018 1047 3064 orta,
1070 3021 1221 3068 quum
1260 3018 1398 3057 vetus
1419 3010 1617 3069 quidam

611 3081 751 3133 poeta
768 3073 884 3126 λαὸς
898 3089 960 3121 ex
978 3073 1098 3125 λείας
1114 3075 1347 3122 duxisset:
1376 3088 1422 3121 v.
1441 3074 1617 3134 Heyne

611 3137 656 3185 Ι.
674 3140 706 3185 l.
726 3152 774 3198 p.
790 3140 868 3185 95.
887 3147 937 3186 et
956 3140 1227 3194 Hei-manni
1248 3138 1456 3201 Mythol.
1467 3140 1524 3186 T.
1544 3137 1617 3187 II.

648 3236 662 3251 .
682 3202 875 3250 so5.-·
915 3203 994 3250 84.
1036 3202 1274 3263 Rigaltius
1306 3208 1357 3250 in
1388 3204 1522 3250 Diss.
1558 3205 1617 3250 de

596 3297 597 3300 =
647 3274 712 3314 at.
729 3267 906 3314 Juven.
921 3275 1104 3323 monet,
1120 3268 1194 3312 his
1212 3268 1367 3314 verbis
1379 3269 1619 3315 subtiliter

611 3333 769 3387 innui,
819 3334 962 3379 futile
999 3345 1104 3379 esse
1151 3345 1209 3378 ac
1245 3334 1617 3393 perabsurdum,

608 3398 740 3457 quod
771 3406 930 3461 poetar
961 3398 1241 3445 fabulentur
1271 3399 1333 3444 de
1364 3398 1619 3445 sanctitate

609 3473 825 3518 morum,
841 3464 904 3509 ob
925 3475 1071 3522 quam
1089 3461 1355 3509 Deucalion
1372 3470 1419 3509 et
1436 3463 1547 3524 Pyrr
1556 3463 1620 3510 ha

611 3528 788 3572 servati
822 3528 925 3573 sint
949 3536 1201 3587 uunquam¹
1228 3527 1447 3589 exempla
1481 3540 1620 3587 repa·

610 3591 777 3636 rande
814 3592 1099 3652 posteritati,
1133 3605 1289 3652 neque
1322 3600 1508 3639 castam
1542 3591 1621 3637 fix·

610 3652 706 3763 {5⁸
738 3655 992 3715 Pyrrham,
1030 3659 1114 3702 sed
1148 3658 1309 3720 potius
1343 3667 1537 3718 magam
1570 3664 1621 3702 et

597 3752 601 3758 .
658 3730 795 3767 narn.
1526 3730 1530 3733 ’

678 3781 763 3830 86.
792 3781 1043 3842 discernes,
1063 3785 1222 3830 studia
1244 3779 1524 3842 hominum,
1545 3781 1618 3829 ‹n-

610 3846 859 3903 vitiarun,
878 3848 1042 3905 glorio
1065 3849 1399 3908 honorumque
1420 3848 1617 3907 cupido·

609 3922 744 3968 rum,
780 3911 1057 3970 multisque
1087 3920 1343 3973 propterea
1381 3914 1621 3973 variisque

608 3974 854 4022 movibus
874 3975 1213 4022 distentorum.
1237 3975 1466 4038 farrago,
1479 3990 1619 4036 argu-

608 4046 834 4085 mentum
858 4039 1047 4085 varium
1071 4048 1120 4087 et
1153 4040 1396 4100 mixtum3
1429 4042 1619 4100 proprie

607 4104 845 4214 xlma
874 4099 1262 4168 quadrupedum,
1294 4118 1322 4149 e
1354 4105 1502 4151 tritici
1532 4111 1614 4165 ge.

672 4232 756 4281 8¹7.
789 4233 866 4280 Cf.
891 4233 981 4279 inf.
1002 4247 1050 4279 v.
1072 4232 1179 4281 147.
1195 4245 1266 4293 sq.
1290 4230 1384 4292 v1,
1406 4233 1519 4281 292.
1541 4246 1611 4293 sq.

606 4304 661 4343 et
683 4298 859 4346 Horat.
892 4297 989 4347 Oti.
1020 4296 1120 4345 111.
1153 4298 1202 4347 ⁶.
1228 4298 1302 4345 1-7.
1327 4312 1397 4359 sq.
1436 4297 1516 4346 45.
1540 4312 1608 4359 sq.

1682 1657 1875 1713 Quando
1889 1659 2034 1719 major
2045 1658 2263 1703 avaritia:
2270 1657 2425 1719 patuit
2438 1658 2690 1713 &aname-

1680 1724 1879 1782 taphora
1892 1724 2041 1782 petita
2055 1734 2082 1767 a
2097 1723 2203 1767 sinu
2223 1725 2296 1768 vel
2316 1722 2559 1776 velorum,
2579 1736 2692 1770 ven-

1681 1794 1756 1833 tos
1768 1787 2135 1846 excipientium,
2162 1788 2235 1832 vel
2260 1795 2404 1846 togae,
2425 1787 2475 1831 in
2494 1800 2592 1846 quo
2611 1801 2689 1847 ρε-

1681 1852 1824 1898 cunia
1847 1855 1947 1897 sive
1964 1852 2266 1910 marsupium
2284 1865 2310 1896 e
2331 1852 2455 1897 collo
2474 1853 2691 1911 pendeus

1676 1917 1786 1962 aliae
1804 1931 1897 1975 que
1911 1916 2334 1960 rescondebantnr.
2371 1914 2555 1976 quando
2571 1914 2687 1969 aleo,

1675 1982 1845 2026 insana
1863 1980 2062 2026 ludendi
2083 1980 2259 2037 cupido
2272 1979 2353 2025 hos
2364 1991 2413 2025 et
2428 1987 2501 2025 tot
2511 1981 2691 2025 animos

1676 2044 1927 2104 occupavit
1944 2045 1969 2090 Ρ
2010 2045 2084 2089 vel
2119 2044 2301 2104 potius,
2346 2047 2541 2104 quando
2587 2044 2691 2089 alea

1678 2117 1873 2155 tantum
1896 2109 2131 2162 adfectus,
2155 2111 2305 2154 studii
2326 2118 2373 2153 et
2405 2109 2690 2166 cupiditatis

1676 2175 1867 2227 habuit,
1885 2174 1934 2218 h.
1959 2187 2001 2218 e.
2025 2174 2218 2232 quando
2249 2174 2355 2219 baec
2375 2173 2577 2219 ludendi
2609 2184 2688 2220 cu.

1681 2240 1854 2298 piditas
1871 2245 1969 2284 tam
1993 2239 2162 2284 insana
2179 2238 2309 2284 fuit?
2345 2238 2570 2297 Abrupta
2585 2251 2687 2284 ora-

1683 2303 1749 2347 tio
1794 2303 2004 2349 adfectui
2047 2309 2369 2347 consentanea
2406 2309 2498 2348 est.
2569 2300 2687 2349 Alea

1680 2365 1797 2428 (quo
1820 2381 1920 2411 voc.
1945 2366 2103 2412 omnis
2122 2367 2402 2426 designatur
2415 2368 2581 2425 ludus,
2606 2368 2685 2427 qni

1677 2432 1871 2479 fortuna
1894 2432 2049 2491 magis
2070 2444 2217 2490 quam
2242 2438 2344 2479 arte
2377 2432 2582 2492 regitur,
2604 2446 2688 2478 no·

1680 2499 1849 2557 bisque
1867 2495 2188 2556 Hazardcpt’el
2216 2495 2311 2543 dici
2345 2493 2489 2557 solet)
2518 2497 2685 2544 Romoe

1680 2571 1730 2608 et
1764 2562 1919 2622 turpis
1953 2569 2057 2605 erat
2091 2569 2140 2606 et
2174 2561 2361 2621 legibus
2384 2559 2533 2607 vetita
2554 2580 2569 2609 ε
2604 2562 2685 2608 sed

1680 2628 1771 2687 ipsi
1804 2637 1997 2686 quoque
2031 2622 2354 2683 Imperatores
2385 2623 2520 2672 nullo
2553 2621 2687 2672 lusus

1679 2704 1853 2752 genere
1876 2690 2031 2748 tnagis
2047 2703 2194 2747 quam
2214 2690 2305 2736 hoc
2323 2691 2687 2737 oblectabantur

1680 2754 2058 2814 exemplumque
2100 2754 2293 2799 dabant.
2381 2753 2463 2801 89.
2507 2754 2684 2808 Loculi,

1681 2818 1878 2878 capsula
1918 2819 1993 2864 vel
2036 2831 2285 2874 crumena,
2319 2834 2431 2878 quae
2475 2819 2684 2879 aliquam

1682 2883 1899 2944 pecuniae
1919 2889 2171 2928 'summam
2203 2884 2436 2931 continet.
2501 2883 2580 2929 90.
2614 2883 2690 2929 Ad

1681 2963 1855 3002 casum,
1900 2948 2156 2995 fortuitum
2196 2945 2389 3007 ludum,
2421 2950 2686 3007 fortunam,

1684 3013 1871 3070 tabule,
1891 3015 2023 3066 alere,
2040 3012 2094 3057 in
2107 3026 2202 3071 quo
2221 3012 2331 3057 lusu
2349 3014 2435 3059 tali
2451 3014 2529 3060 vel
2547 3021 2686 3059 tesse-

1681 3091 1750 3124 rae
1782 3077 1831 3122 in
1866 3079 2066 3123 abacum
2102 3090 2186 3122 seu
2220 3077 2419 3123 tabulam
2458 3075 2683 3124 lusoriam

1682 3142 1961 3188 mittuntur.
1995 3143 2069 3187 cf.
2093 3141 2180 3186 inf.
2204 3142 2266 3187 ad
2286 3139 2427 3187 XIV.
2451 3141 2499 3189 5.
2520 3143 2686 3201 posita,

1681 3208 1900 3265 adposita
1930 3207 1980 3252 in
2016 3206 2148 3259 ludo,
2175 3215 2229 3252 ut
2264 3219 2351 3251 nos
2371 3225 2388 3254 ι
2418 3207 2527 3272 aufe
2560 3206 2685 3268 Spiel

1678 3277 1849 3318 setun.
1913 3267 2062 3325 Arca,
2083 3270 2222 3317 theca
2244 3272 2484 3326 numeria,
2499 3272 2551 3317 in
2574 3283 2682 3334 que,

1683 3334 1917 3395 quidquid
1942 3335 2171 3395 'pecunia
2208 3345 2474 3381 numerate
2513 3335 2683 3397 aliquis

1683 3401 1844 3453 babet,
1867 3401 2157 3446 reconditur.
2213 3399 2290 3447 91.
2314 3400 2623 3460 Dispensator
2637 3392 2685 3447 et

1683 3470 1875 3511 curator
1902 3465 1971 3510 rei
2003 3463 2275 3522 familiaris,
2306 3459 2544 3526 cinnanos,
2582 3474 2684 3526 post

1684 3533 1906 3575 actorem
1930 3528 2151 3589 princeps
2184 3541 2450 3585 servorum,
2483 3531 2571 3589 qui
2608 3531 2684 3580 du-

1685 3595 1821 3640 mino
1840 3600 1914 3638 est
1946 3606 1975 3639 a
2006 3594 2271 3641 rationibus
2302 3593 2492 3654 adcepti
2526 3602 2575 3642 et
2607 3608 2684 3641 ex-

1684 3659 1843 3719 pensi,
1858 3658 2208 3718 pecuniamque
2219 3659 2464 3718 dispensat.
2484 3659 2557 3712 Cf.
2572 3647 2685 3706 VH.

1685 3721 1804 3773 219.
1861 3723 2115 3781 armigero,
2137 3723 2335 3770 domino
2354 3722 2543 3780 ludenti
2556 3738 2686 3770 arma

1684 3790 1737 3835 h.
1759 3803 1801 3833 e.
1825 3788 1964 3839 talos,
1986 3790 2064 3839 (ut
2093 3787 2184 3834 ini’.
2218 3785 2361 3835 XIV.
2384 3786 2456 3849 5.)
2494 3789 2597 3834 ludi
2618 3790 2683 3852 ³¹¹.-

1684 3860 1971 3906 strutnenta‚
2007 3852 2084 3896 vel
2116 3853 2219 3898 h.1.
2253 3851 2381 3911 inpr.
2413 3853 2682 3912 pecuniam.

1683 3916 2080 3963 subministrante
2092 3931 2107 3962 ε
2134 3918 2414 3977 metaphora
2426 3913 2593 3963 abello
2610 3931 2682 3978 pe·

1668 3982 1791 4035 'tita,
1815 3977 1943 4027 unde
1959 3987 2009 4026 et
2031 3980 2204 4040 p‘roelz‘a
2237 3995 2325 4041 pro
2346 3977 2682 4046 rixis,.jurgiis·

1685 4044 1763 4091 92.
1815 4045 2080 4105 Simplexne
2096 4044 2248 4108 saror
2274 4052 2366 4099 est,
2387 4059 2505 4091 num
2544 4059 2679 4103 parra

1679 4116 1872 4155 tantum
1897 4111 1969 4155 vel
2006 4117 2101 4155 una
2133 4111 2319 4156 insania
2350 4109 2460 4156 est?
2528 4107 2678 4158 Ver&

1678 4188 1773 4219 non
1804 4173 2162 4231 dispensatoris,
2196 4174 2451 4221 dominum
2487 4177 2676 4234 perden-

1679 4246 1778 4283 tem
1802 4233 2124 4297 objurgantis,
2147 4238 2228 4284 sed
2257 4239 2409 4297 ipsius
2433 4246 2605 4298 poetae,
2626 4245 2675 4284 ut

1679 4302 1881 4361 reliqua.
1918 4301 2124 4348 horrenti
2146 4301 2320 4362 frigore
2334 4302 2539 4360 reddere,
2558 4305 2675 4350 dare.
