2978 4920
1057 317 1500 389 SA'TIRA
1564 321 1677 390 v1.

2287 253 2417 400 109²

413 495 550 582 Nos
579 493 822 560 utinam
851 492 1027 557 vani!
1075 494 1185 559 sed
1215 495 1443 561 clamat
1465 478 1725 574 Pontia,
1758 498 1931 575 Feci,

367 585 374 594 ’
415 595 761 674 Confiteor,
791 595 1136 682 puerisque
1167 596 1322 661 meis
1342 598 1591 662 aconita
1617 600 1860 685 paravi,
1924 631 1929 638 ·

413 700 577 775 Quae
607 699 914 785 deprensa
943 703 1181 784 paten't.
1228 698 1474 764 facinus
1504 712 1714 765 tamen
1743 702 1884 789 ipsa
1910 706 2146 790 peregi.
2277 701 2407 772 640

415 802 606 865 Tune
634 801 796 866 duos
824 823 954 864 una
983 801 1324 866 saevissima
1351 802 1573 890 vipera
1602 810 1815 869 coena?
1997 829 2005 840 ·

413 904 604 968 Tune
633 904 833 968 duos?
882 904 1160 989 Septem,
1195 905 1244 968 si
1278 918 1519 992 septem
1550 908 1715 971 forte
1745 899 2031 976 fuissent.

423 1035 428 1036 ff
497 1004 848 1069 Credamus
879 1004 1159 1093 tragiciS,
1191 1006 1508 1094 quidquid
1534 1008 1614 1072 de
1647 1008 1950 1076 Colchide
1980 1036 2146 1077 saeva
2194 1033 2201 1043 ·

409 1107 665 1173 Dicitur
694 1121 761 1174 et
793 1106 1061 1173 Procne:
1109 1108 1201 1173 nil
1222 1122 1441 1174 contra
1462 1133 1671 1174 conor.
1717 1125 1781 1176 et
1811 1111 1935 1177 illae

408 1213 699 1278 Grandia
724 1226 1007 1278 monstra
1036 1213 1165 1278 suis
1195 1214 1516 1280 audebant
1554 1215 1971 1303 temporibus3
2019 1219 2129 1283 sed

2275 1218 2403 1288 645

406 1317 552 1380 Non
581 1328 843 1403 propter
872 1340 1114 1381 numos
1160 1317 1365 1382 minor
1393 1318 1731 1384 admiratio
1760 1320 2021 1385 summis

405 1417 700 1483 Debetur
728 1419 1047 1496 monstriS,
1080 1420 1331 1506 quoties
1359 1419 1513 1485 facit
1542 1420 1638 1500 ira
1665 1434 1991 1486 nocentem

403 1520 602 1583 Hunc
630 1542 875 1597 sexum,
908 1531 970 1584 et
1002 1519 1175 1584 rabie
1195 1521 1380 1606 jecur
1405 1520 1779 1586 incendente
1808 1522 2104 1590 feruntur

314 1721 476 1767 manis
497 1720 753 1779 inauditas,
780 1725 976 1780 scelera,
994 1725 1154 1785 qualia
1177 1738 1321 1771 num-

315 1798 462 1844 quam
482 1788 649 1833 Romae
664 1794 715 1832 et
726 1787 776 1834 in
792 1787 933 1834 Latio
949 1791 1078 1835 edita
1094 1797 1224 1836 sunt.
1245 1790 1326 1836 cf.

315 1863 425 1910 sup.
446 1849 541 1897 111.
562 1849 642 1896 84.
662 1850 742 1898 85.
760 1859 809 1900 et
826 1854 911 1900 inf.
929 1853 1048 1900 xn.
1076 1853 1185 1901 103.
1211 1853 1320 1900 105.

378 1914 489 1961 638.
512 1914 619 1961 Nos
641 1917 821 1963 utinam
837 1920 965 1976 vani,
986 1920 1242 1966 mendaces
1259 1919 1324 1963 si-

311 1992 444 2040 mus,
468 1980 644 2025 vellem
666 1981 773 2028 haec
793 1983 975 2042 tragica
1004 1996 1034 2028 a
1056 1982 1194 2030 nobis
1228 1984 1317 2028 fin

311 2052 540 2105 gerentur
568 2050 785 2105 tantum,
826 2060 923 2091 non
967 2060 1080 2093 vera
1120 2052 1281 2094 essent
1301 2045 1315 2092 l

319 2108 440 2168 Vani
457 2109 703 2162 dicuntur,
718 2111 800 2169 qui
820 2109 910 2156 sibi
933 2124 1071 2164 vana,
1097 2111 1258 2157 inania
1270 2117 1321 2157 et

308 2173 524 2232 speciosa
554 2174 860 2232 persuadent,
897 2175 973 2220 vel
1008 2175 1122 2220 talia
1162 2181 1322 2221 astute

305 2242 624 2297 componunt.
660 2235 742 2299 (cf.
777 2238 839 2283 ad
872 2239 994 2283 Geli.
1026 2238 1221 2286 xvm.
1251 2234 1320 2298 4.)

304 2293 425 2348 638.
448 2313 582 2359 seqq.
634 2302 825 2356 Pontia,
861 2301 1145 2363 Drymionis
1180 2317 1320 2356 uxor,

303 2364 371 2412 T.
395 2364 562 2411 Pontii
586 2365 703 2422 tilia,
726 2379 837 2424 quae
861 2365 1071 2412 Neronis
1094 2367 1322 2426 tempori-

298 2430 421 2487 bus,
438 2434 632 2475 mortuo
650 2432 844 2489 marito,
859 2430 981 2477 duos
1000 2431 1120 2477 lilios
1136 2444 1321 2478 veneno

304 2492 521 2551 necavit,
539 2501 593 2539 ut
610 2496 736 2540 bona
752 2508 919 2541 eorum
940 2496 1044 2556 ipsa
1059 2497 1318 2555 adciperet,

305 2559 384 2605 vel
406 2560 608 2604 donaret
620 2559 858 2618 adultero,
874 2561 958 2606 sed
969 2566 1135 2619 postea
1149 2574 1204 2606 se
1216 2560 1321 2619 ipsa

304 2621 538 2683 prodidit,
559 2629 865 2684 mortemque
880 2624 972 2671 sibi
994 2624 1226 2671 conscivit
1243 2624 1319 2670 in·

305 2687 421 2733 cisis
443 2686 592 2733 venis.
630 2702 675 2735 v.
707 2695 807 2734 ant.
842 2689 989 2749 lapid.
1022 2690 1071 2735 in
1109 2687 1198 2736 Ge.
1224 2687 1317 2734 Fa·

304 2741 443 2797 b'ricii
476 2749 672 2800 Collect.
706 2754 844 2798 Antt.
876 2767 922 2813 p.
956 2752 1066 2802 234.
1102 2752 1313 2799 Martini.

306 2816 378 2863 11.
398 2814 483 2864 34.
502 2821 552 2860 et
574 2821 668 2861 vet.
690 2817 849 2864 Schol.
869 2819 997 2878 apud
1023 2819 1239 2865 Hennin.
1263 2823 1314 2863 et

305 2878 542 2937 Sclmrzfl.
574 2880 689 2927 Feci
707 2894 799 2926 vox
819 2895 1011 2929 reorum
1033 2884 1313 2942 fatentium,

304 2952 362 2992 ut
369 2944 544 3006 ficiue
562 2943 746 2991 videtur
762 2944 990 2993 Praetoris
1012 2960 1054 2994 s.
1073 2947 1310 3001 Quaesito-

301 3010 388 3067 ris,
410 3023 493 3054 reo
508 3008 746 3056 convicto·
791 3009 899 3056 639.
920 3013 1121 3070 aconita,
1139 3026 1181 3056 v.
1202 3025 1311 3071 sup.

300 3074 364 3121 ad
386 3071 428 3118 1.
455 3071 565 3120 158.
608 3071 724 3120 640.
741 3072 858 3128 Quae
869 3076 1057 3122 aconita
1071 3077 1310 3135 deprensa,

300 3130 429 3198 apud
450 3150 532 3184 me
554 3138 765 3195 inventa.
822 3137 917 3185 Sed
949 3141 1177 3200 quoniam
1202 3153 1310 3185 ver·

301 3203 421 3248 bum
447 3205 610 3261 patent
631 3192 873 3262 adjicitur,
906 3205 1076 3250 malim
1099 3205 1149 3251 h.
1173 3205 1204 3248 l.
1238 3204 1309 3250 sic

299 3256 568 3327 explicare·
606 3263 723 3320 Quae
760 3266 975 3314 facinora
1017 3270 1085 3323 (h.
1130 3283 1175 3316 e.
1215 3269 1308 3315 hoc

299 3331 510 3385 facinus)
568 3329 788 3389 deprensa
836 3336 1015 3392 patent,
1052 3329 1310 3379 manifesta

297 3402 434 3449 sunt.
465 3396 557 3440 Pro
573 3398 723 3440 tamen
740 3394 865 3442 forte
883 3397 975 3456 leg.
993 3400 1196 3451 tantum·
1216 3397 1310 3443 nisi

249 3492 252 3493 γ
295 3465 433 3505 totus
444 3471 610 3505 versus
626 3459 688 3504 ab
700 3459 1038 3520 interpolatore
1049 3461 1311 3520 profectus.

363 3522 477 3573 641.
517 3523 662 3577 Poeta
696 3524 846 3570 iratus
879 3526 1155 3585 adloquitur
1186 3527 1309 3573 Pon·

296 3587 454 3634 tiam.
490 3588 534 3633 Ο
556 3587 809 3634 saeviuima
830 3591 1009 3650 vipera.
1033 3599 1310 3637 monstrum

295 3653 531 3709 hominis,
552 3652 763 3697 inmanis
783 3655 961 3712 bellua,
984 3650 1209 3716 (Neuter)
1245 3668 1308 3701 an

295 3721 353 3762 tu
376 3715 489 3762 duos
509 3716 632 3762 filios
652 3730 748 3762 una
770 3731 895 3766 coena
916 3719 1148 3773 occidisti,
1162 3720 1310 3765 simul

293 3781 542 3841 mactasti,
562 3781 610 3825 h.
629 3794 673 3826 e.
696 3784 875 3830 necasti
893 3783 1115 3830 veneno?
1140 3784 1311 3830 Pontia

292 3848 585 3904 respondet.
623 3844 785 3890 Immo
802 3856 968 3909 reptem
990 3860 1236 3893 necassem
1255 3848 1311 3894 fi-

293 3909 407 3966 lios,
416 3911 457 3955 si
470 3913 646 3970 septem
647 3907 976 3970 fortefuissent
991 3911 1132 3958 mihi.
1147 3910 1312 3958 Verba

291 3976 408 4019 tune
426 3973 536 4019 duos
552 3955 687 4025 δυυῦς
699 3983 1013 4034 repetuntur,
1038 3982 1088 4021 et
1107 3977 1313 4037 abrupta

289 4039 448 4083 oratio
469 4038 679 4087 adfectui
699 4042 937 4086 convenit.

360 4100 472 4148 643.
494 4116 626 4161 seqq.
651 4102 813 4150 Venba
834 4112 1019 4165 poetae:
1057 4104 1107 4151 Si
1132 4105 1309 4151 nostris

294 4167 597 4238 temporibus
620 4167 791 4213 Pontia
823 4170 918 4214 tale
951 4169 1140 4215 facinus
1172 4182 1304 4215 com-

292 4228 450 4284 misit,
449 4225 584 4291 jam
620 4232 871 4278 credamus
908 4247 1019 4279 vera
1040 4246 1163 4292 esse,
1195 4247 1307 4293 quae

293 4288 473 4357 tragici
487 4301 643 4355 poetae
667 4299 727 4341 de
761 4294 935 4343 Medea
958 4305 1006 4342 et
1031 4297 1214 4345 Procne
1237 4298 1308 4343 fa-

294 4346 473 4404 bulose
473 4359 726 4406 tradidisse
740 4362 997 4420 videntur3
1022 4376 1135 4408 nam
1154 4364 1309 4409 scelus

1388 1693 1574 1771 Pontia·
1603 1725 1762 1772 multo
1782 1725 1978 1785 gravius
2011 1732 2103 1785 est,
2124 1729 2185 1775 de
2217 1695 2314 1789 quo
2346 1745 2396 1778 v.

1386 1790 1511 1836 adv.
1530 1788 1644 1836 645.
1666 1794 1817 1847 torva,
1832 1803 1992 1846 saeva3
2019 1792 2111 1838 nisi
2131 1794 2288 1849 malis,
2304 1794 2397 1841 ira-

1388 1860 1454 1901 ta.
1497 1854 1571 1900 ef.
1596 1867 1712 1900 mox
1735 1867 1779 1898 v.
1806 1853 1916 1901 647.
1941 1868 2042 1915 seq.
2079 1856 2291 1904 Colchide
2322 1860 2396 1905 fe-.
2402 1855 2409 1864 ”

1386 1919 1539 1977 mina,
1546 1917 1740 1975 Medea,
1754 1919 2233 1977 Acetae,Colchorum
2249 1923 2393 1981 regis,

1384 1982 1482 2028 filia
1504 1989 1554 2029 et
1577 1996 1726 2030 uxore
1756 1983 1970 2041 Jasonis,
2003 1999 2111 2044 quoe
2142 1986 2407 2045 repudiata

1382 2047 1445 2092 ab
1457 2061 1535 2105 eo,
1548 2060 1701 2106 quum
1722 2048 1910 2095 Creusae
1922 2051 1997 2095 vel
2012 2050 2216 2096 Glauces
2229 2061 2395 2096 amore

1382 2116 1554 2170 captus
1585 2119 1731 2170 esset,
1762 2112 1936 2159 liberos
1979 2126 2092 2161 suos
2128 2110 2395 2175 jugulavit.

1386 2173 1570 2221 Procne
1583 2176 1856 2228 Pandionis.
1863 2178 2233 2225 Atheniensium
2247 2180 2403 2240 regis,

1386 2237 1502 2293 filia,
1525 2245 1576 2285 et
1605 2239 1766 2299 Terei,
1798 2239 2044 2288 Thracum
2071 2243 2216 2302 regis,
2252 2257 2393 2302 uxor,

1384 2314 1496 2361 quae
1521 2304 1716 2362 marito,
1739 2309 1794 2350 ut
1824 2310 2047 2364 stuprum
2084 2306 2405 2368 Philomeloe,

1383 2366 1534 2411 sorori
1554 2380 1675 2424 suoe,
1697 2369 1760 2414 ab
1790 2380 1848 2413 eo
1877 2368 2087 2416 inlatum
2109 2370 2391 2429 vindicaret,

1385 2427 1501 2490 Ityn
1525 2431 1676 2478 filium
1692 2439 1885 2480 coctum
1898 2434 2289 2496 epulandumque
2305 2439 2389 2485 ad·

1382 2494 1598 2552 posuisse
1628 2496 1818 2543 dicitur.
1875 2496 2075 2545 Fabulae
2095 2500 2178 2545 illa
2201 2503 2391 2548 notissi-

1382 2572 1471 2603 mae
1516 2566 1566 2604 et
1602 2574 1633 2606 a
1664 2561 1833 2606 multis
1871 2562 2026 2620 poetis
2065 2568 2299 2613 tractatae.
2344 2582 2390 2616 v.

1383 2623 1560 2682 Heyne
1582 2625 1641 2670 ad
1666 2625 1946 2684 Apollodor.
1962 2638 2011 2684 p.
2043 2626 2316 2676 230—235.
2340 2639 2390 2677 et

1381 2685 1493 2733 842.
1510 2701 1611 2749 seq.
1627 2689 1691 2736 ad
1714 2690 1846 2749 Virg.
1871 2688 1979 2737 Bel.
1995 2690 2085 2738 vl.
2097 2690 2172 2738 79.
2195 2691 2269 2737 nil
2284 2708 2391 2741 con.

1378 2755 1459 2797 tra
1489 2753 1649 2800 dicere
1681 2766 1848 2811 conom-
1882 2754 2035 2801 nolim
2067 2767 2260 2814 negare,
2282 2759 2389 2806 haec

1378 2829 1492 2862 vera
1513 2831 1632 2865 esse.
1698 2817 1810 2867 645.
1829 2823 1891 2873 et,
1905 2819 2073 2874 etiam,
2087 2819 2196 2880 ille,
2217 2821 2391 2871 Medea

1375 2887 1425 2927 et
1438 2882 1638 2938 Procne,
1654 2882 1877 2930 audebant
1880 2883 2086 2944 grandia
2101 2891 2323 2942 mustra,
2339 2877 2399 2933 h.'

1375 2958 1419 2993 e.
1443 2948 1622 2993 scelera
1643 2948 1875 3002 inmania,
1897 2947 1974 3010 (ut
1995 2961 2113 2994 mox
2135 2961 2181 2997 v.
2203 2947 2315 2998 647.
2337 2958 2388 2998 et

1374 3023 1480 3070 sup.
1502 3024 1547 3056 v.
1567 3011 1678 3059 286.
1701 3013 1846 3059 ubiv.
1867 3008 1992 3072 not.)
2016 3019 2065 3058 at
2087 3025 2176 3058 non
2191 3020 2388 3076 propter

1373 3088 1554 3133 numos,
1567 3076 1688 3122 lucri
1700 3077 1984 3136 cupiditate,
2002 3082 2057 3123 ut
2074 3076 2277 3136 Pontia,
2302 3078 2387 3128 s'ed

1372 3139 1659 3198 inpatientia
1679 3141 1875 3196 amoris,
1900 3141 2078 3187 doloris
2101 3150 2149 3187 et
2172 3143 2275 3200 iroe,
2298 3159 2384 3192 cu-

1365 3199 1451 3263 jus
1468 3205 1660 3251 adfectu
1674 3205 1913 3251 femineus
1925 3206 2231 3266 potissimum
2249 3223 2387 3255 sexus

1371 3268 1773 3328 intemperantius
1784 3276 1979 3329 propter
1994 3271 2146 3316 animi
2167 3272 2384 3319 imbecil-

1371 3330 1559 3378 litatem
1576 3332 1851 3388 incenditur,
1865 3341 1913 3380 et
1922 3348 2027 3410 ‘quo
2043 3335 2115 3392 fit,
2132 3342 2189 3381 ut
2203 3350 2384 3384 summa

1372 3396 1578 3442 monstra
1596 3411 1636 3445 s.
1665 3398 1846 3444 scelera
1867 3398 2091 3443 minorem
2113 3397 2384 3445 admiratio-

1373 3473 1479 3505 nem
1501 3457 1832 3522 majoremque
1853 3461 2213 3518 excusationem
2238 3462 2384 3509 habe-

1374 3530 1479 3582 ant,
1503 3527 1578 3571 vel
1602 3526 1764 3571 minus
1786 3526 1911 3571 mira
1943 3525 2043 3570 sint
2075 3530 2124 3570 et
2147 3529 2384 3574 excusati-

1374 3603 1475 3646 ora,
1492 3603 1637 3648 quam
1663 3588 1703 3634 si
1720 3590 1846 3649 quis,
1864 3596 1919 3635 ut
1940 3586 2130 3646 Pontia,
2150 3590 2296 3636 scelus
2308 3594 2383 3638 in-

1366 3667 1485 3714 gens
1505 3667 1662 3711 sanus,
1683 3667 1779 3698 non
1802 3653 2096 3712 perturbato,
2118 3656 2201 3701 sed
2218 3657 2383 3715 quieto

1373 3725 1421 3775 et
1445 3718 1709 3777 tranquillo
1734 3715 1919 3776 animo,
1936 3715 2083 3779 facit,
2115 3726 2165 3765 et
2195 3735 2394 3781 compu-

1375 3786 1496 3838 tans,
1509 3783 1720 3841 cogitato
1741 3788 1790 3827 et
1811 3782 2056 3836 consulto;
2079 3785 2272 3843 qualem
2289 3800 2382 3847 ego

1373 3846 1577 3891 minime
1598 3845 1804 3902 tulerim,
1820 3847 1904 3906 qui
1925 3859 2036 3891 meo
2043 3842 2231 3907 Judicio
2253 3852 2389 3898 mul-

1374 3916 1425 3955 to
1450 3911 1694 3956 scelestior
1715 3917 1790 3955 est
1817 3924 1966 3970 quam
1999 3911 2061 3968 is,
2083 3914 2168 3972 qui
2187 3914 2379 3959 iracun-

1375 3976 1453 4020 dia
1467 3974 1754 4020 stimulante
1766 3973 2141 4036 praecepaefirtur
2155 3979 2218 4022 ad
2235 3991 2381 4024 omne

1375 4039 1580 4084 facinuS.
1603 4038 1679 4085 cf.
1703 4039 1806 4086 Cic.
1829 4039 1926 4086 Off.
1952 4039 1993 4084 1.
2013 4038 2060 4089 8.
2079 4046 2200 4086 extr.

1436 4101 1550 4150 64⁷.
1572 4116 1672 4163 seq.
1696 4103 1875 4150 Notum
1878 4102 2070 4165 ,furem
2085 4103 2381 4166 quidsemina

1368 4169 1510 4227 possit
1515 4167 1664 4227 ‚Virg.
1678 4168 1790 4215 AEn.
1809 4169 1876 4216 V.
1892 4169 1938 4214 6.
1971 4168 2046 4212 ef.
2062 4166 2226 4241 Senec..
2244 4168 2380 4215 Med.

1371 4247 1419 4279 v.
1455 4230 1566 4279 579.
1587 4245 1720 4307 seqq.
1741 4238 1790 4278 et
1806 4232 2040 4292 praeclara
2072 4232 2157 4278 irae
2181 4228 2381 4292 ejusque

1371 4296 1667 4343 effectuum
1657 4310 1817 4357 imago
1828 4309 1906 4355 ap.
1930 4295 2101 4341 Horat.
2123 4295 2213 4341 od
2234 4297 2380 4344 1.16.‘

1373 4362 1424 4412 5.
1447 4375 1582 4420 seqq.
1637 4357 1747 4407 648.
1771 4359 1910 4417 rabie,
1927 4354 2060 4409 δανὸς
2084 4372 2170 4419 pro
2189 4360 2378 4408 iracul·

1506 4442 1542 4477 Z
