2978 4920
594 313 679 381 56

678 483 964 550 Tantum
993 482 1184 546 habet
1216 492 1281 546 et
1310 481 1477 546 fidei.

1299 309 1965 383 JUVENALIS

1568 482 1613 545 J
1618 503 1762 546 ures
1790 481 1935 545 licet
1964 492 2029 544 et
2064 481 2571 559 Samothracum,

678 592 770 655 Et
799 600 1159 652 nostrorum
1187 607 1365 658 aras;
1413 596 1810 648 contemnere
1837 582 2108 647 fulmina
2133 605 2379 671 pauper

2552 585 2688 650 145.

679 688 982 754 Creditur
1010 699 1205 773 atque
1236 686 1431 764 DeoS,
1464 684 1587 751 Dis
1615 683 2089 771 ignoscentibus
2116 684 2290 771 ipsis,

681 788 877 868 Quid,
907 787 1084 874 quod
1114 787 1442 852 materiam
1470 786 1716 872 praebet
1744 808 2093 871 causasque
2112 786 2407 871 jocorum

682 889 995 955 Omnibus
1022 889 1125 952 hic
1158 887 1349 964 idem,
1381 887 1433 950 si
1462 885 1640 949 foeda
1667 898 1731 950 et
1763 885 1952 950 scissa
1979 886 2248 964 lacerna,

687 991 755 1055 Si
787 1002 938 1076 toga
966 986 1291 1052 sordidula
1320 999 1438 1064 est,
1462 999 1527 1051 et
1558 999 1751 1073 rupta
1778 986 2024 1051 calceus
2053 986 2214 1051 alter

683 1092 858 1158 Pelle
886 1104 1103 1179 patet;
1150 1090 1250 1154 vel
1281 1090 1331 1154 si
1361 1100 1625 1154 consuto
1653 1089 1912 1154 vulnere
1941 1112 2241 1167 crassum,

2552 1092 2677 1154 150

683 1195 907 1279 Atque
936 1215 1148 1256 recens
1177 1191 1379 1254 linum
1409 1189 1686 1255 ostendit
1716 1212 1840 1254 non
1871 1213 2000 1255 una
2027 1191 2335 1255 cicatrix?

685 1292 799 1357 Nil
827 1292 1019 1356 habet
1047 1290 1266 1355 infelix
1296 1302 1641 1376 paupertas
1668 1288 1894 1353 durius
1921 1291 1987 1354 in
2019 1312 2106 1369 se,

685 1395 893 1472 Quam
921 1392 1099 1479 quod
1126 1391 1424 1456 ridiculos
1451 1391 1736 1455 homines
1764 1391 1936 1456 facit.

2026 1393 2260 1471 Exeat,
2291 1391 2527 1478 inquit,

687 1495 754 1561 Si
782 1494 993 1582 pudor
1021 1506 1138 1571 est,
1168 1504 1233 1557 et
1258 1491 1338 1555 de
1366 1492 1633 1578 pulvino
1656 1504 1872 1578 surgat
1904 1492 2206 1578 equestri,

687 1598 892 1682 Cujus
921 1618 1019 1658 res
1048 1594 1174 1680 legi
1202 1617 1326 1657 non
1358 1594 1636 1672 subficit,

1666 1606 1730 1658 et
1762 1594 2018 1658 sedeant
2047 1594 2153 1657 hic
2554 1596 2675 1660 155

685 1698 1017 1760 Lenonum
1047 1696 1229 1780 pueri
1262 1717 1666 1780 quocumque
1697 1696 1763 1757 in
1790 1694 2027 1758 fornice
2057 1695 2207 1759 nati.

687 1798 818 1862 Hic
844 1795 1113 1883 ,plaudat
1142 1794 1327 1860 nitidi
1357 1795 1663 1881 praeconis
1692 1795 1861 1859 filius
1890 1796 2053 1860 inter

691 1898 1016 1983 Pinnirapi
1047 1897 1251 1961 cultos
1270 1897 1560 1982 juvenes»,
1583 1898 1976 1983 juvenesque
2007 1896 2265 1961 lanistae.

606 2135 718 2184 148.
733 2134 779 2181 4.
794 2136 867 2182 Cf.
883 2133 1022 2181 Ovid.
1037 2131 1169 2181 Fast.
1186 2133 1353 2188 1.217.
1364 2134 1413 2181 8.
1432 2134 1605 2180 Horat.

605 2202 708 2248 Sat.
729 2200 770 2246 1.
797 2199 841 2246 1.
867 2199 948 2246 62.
981 2204 1030 2242 et
1062 2199 1124 2243 ab
1157 2198 1246 2243 hoc
1278 2200 1429 2257 petita
1463 2199 1609 2244 verba

604 2265 800 2319 Lucilii,
816 2277 844 2309 a
865 2269 961 2309 vet.
984 2261 1142 2309 Schol.
1163 2264 1378 2309 laudata:
1421 2262 1608 2308 Aurum

605 2336 743 2388 atque
760 2328 947 2374 ambitio
964 2326 1185 2384 specimen
1218 2328 1405 2372 virtutis
1427 2327 1611 2385 utrique

606 2398 693 2451 est,
728 2392 931 2438 Tantum
958 2390 1141 2444 habeas,
1169 2395 1349 2437 tantum
1378 2393 1474 2450 ipse
1503 2391 1609 2444 sies,

608 2459 815 2517 tantique
835 2455 1060 2503 habearis.
1121 2454 1228 2502 141.
1252 2469 1352 2516 seq.
1382 2455 1608 2515 Pauperi,

605 2524 751 2580 etiam
760 2518 963 2582 juranti,
977 2521 1107 2565 nulla
1121 2522 1238 2566 fides
1250 2522 1467 2567 habetur.
1477 2522 1612 2582 jures

606 2601 735 2644 arar,
753 2593 807 2632 ut
828 2581 982 2646 ἴμυυμι
1011 2583 1091 2636 ese
1106 2584 1218 2642 ms,
1243 2585 1292 2631 h.
1315 2599 1358 2633 e.
1384 2600 1469 2646 per
1484 2597 1609 2637 aras,

606 2665 727 2711 quas
751 2647 974 2712 jurantes
1007 2653 1288 2710 tangebant,
1324 2649 1391 2711 (v.
1425 2650 1515 2695 inf.
1549 2649 1610 2695 ad

605 2715 752 2763 XlV.
794 2715 925 2772 219.)
969 2722 1019 2760 et
1051 2715 1143 2760 hoc
1179 2728 1292 2773 prot
1343 2728 1427 2772 per
1459 2713 1609 2767 Deos,

606 2778 957 2833 Samothracum
979 2783 1025 2824 et
1046 2782 1326 2835 nom-orum,
1348 2780 1397 2824 h.
1417 2779 1533 2822 deos
1564 2782 1613 2821 et

606 2843 881 2901 peregrinos
892 2850 941 2887 et
955 2843 1216 2888 Romanos.
1242 2840 1612 2886 Samothracum

608 2907 675 2952 dii
717 2905 878 2950 Cabiri
916 2918 959 2950 s.
1001 2904 1168 2963 magni
1210 2904 1512 2959 dicebantur,
1553 2905 1612 2948 de

607 2970 784 3030 quibus
815 2982 866 3012 v.
902 2968 1076 3027 Heyne
1109 2968 1226 3014 Exc.
1258 2967 1353 3013 IX.
1388 2969 1448 3012 ad
1474 2967 1611 3025 Virg.

609 3035 719 3080 AEn.
744 3032 813 3077 11.
834 3041 883 3078 et
907 3032 1175 3079 Hermann.
1203 3032 1412 3092 Mythol.
1434 3031 1497 3077 T.
1521 3032 1614 3076 111.

609 3112 659 3158 p.
683 3096 954 3143 159—-176,
1021 3095 1127 3141 145.
1154 3095 1199 3141 6.
1234 3096 1441 3156 Pauper,
1463 3107 1609 3155 quem

608 3164 764 3209 fames
781 3168 938 3220 urget,
950 3157 1182 3221 cujusque
1200 3174 1407 3220 presens
1425 3160 1610 3205 malum

611 3227 765 3273 futuri
789 3233 974 3271 metum
997 3224 1166 3278 vincit,
1189 3226 1251 3270 ad
1274 3224 1483 3282 perjuria
1506 3236 1612 3283 pro-

611 3291 718 3346 nior
739 3302 841 3335 esse
860 3298 909 3336 et
929 3290 1044 3336 binc
1065 3290 1178 3334 deos
1206 3301 1468 3347 eorumque
1489 3289 1613 3333 iram

609 3370 666 3402 ac
690 3367 853 3414 poenas
874 3355 1037 3400 minus
1058 3354 1227 3399 timere
1259 3352 1467 3398 creditur
1487 3352 1610 3397 divi·

610 3421 769 3466 tibus:
808 3418 888 3464 Dii
920 3431 1111 3477 quoque
1142 3417 1233 3477 ipsi
1266 3416 1454 3463 facilius
1473 3418 1611 3477 igno-

610 3498 740 3532 scere
751 3489 999 3542 putantur,
1011 3483 1142 3542 quod
1161 3482 1440 3528 necessitate
1454 3481 1613 3541 magis

610 3562 754 3608 quam
780 3548 1065 3608 inprobitate
1088 3546 1365 3606 peccaverit.

677 3610 787 3659 148.
829 3627 961 3673 seqq.
1012 3613 1214 3658 casaub.
1262 3613 1321 3657 ad
1370 3610 1613 3668 Theophr.

615 3676 759 3723 Char.
783 3676 927 3722 XIX.
961 3675 1316 3734 &veter-ibus,
1351 3674 1529 3735 inquit,
1561 3675 1611 3719 in

612 3741 717 3786 foro
740 3739 935 3785 honeste
959 3740 1117 3786 vestiri
1152 3741 1299 3785 moris
1332 3749 1453 3795 erat,
1478 3738 1610 3784 domi

611 3806 741 3864 quod
764 3805 879 3847 satis
899 3814 1052 3850 esset=
1086 3803 1218 3849 aliud
1249 3804 1380 3848 enim
1403 3804 1610 3859 homini,

611 3869 741 3923 aliud
765 3867 1055 3914 humanitati
1077 3869 1192 3912 satis
1214 3881 1317 3913 esse
1336 3868 1612 3921 censebant,

613 3940 670 3977 ut
703 3932 772 3988 ait
795 3932 959 3976 Varro.
999 3931 1072 3976 Cf.
1103 3931 1211 3976 Sen.
1243 3931 1333 3990 Ep.
1367 3931 1443 3977 93.
1478 3931 1613 3978 Suet.

611 3996 739 4056 Aug.
765 3994 838 4054 73.
880 3996 1004 4041 Plut.
1038 3997 1086 4039 in
1119 3995 1267 4041 Sulla.
1334 3995 1433 4045 Qui
1464 3995 1615 4052 igitur

612 4061 738 4116 foede
777 4059 938 4106 vestiti
980 4059 1028 4104 in
1069 4060 1315 4118 publicum
1351 4060 1615 4118 prodirent,

611 4126 723 4172 odio
744 4131 883 4184 erant
902 4129 951 4169 et
973 4123 1158 4181 inrisui.
1187 4123 1262 4168 hic
1281 4121 1398 4167 idem
1420 4133 1618 4182 pauper,

611 4190 654 4235 si
671 4186 986 4250 seda—gpelle
995 4192 1154 4247 patet.-
1188 4187 1315 4233 conf.
1336 4187 1546 4233 Martial.
1574 4188 1610 4233 1.

617 4253 729 4301 104.
747 4252 797 4300 5.
820 4250 868 4300 6.
900 4259 949 4299 et
972 4253 1145 4299 Horat.
1170 4251 1268 4297 Sat.
1294 4252 1335 4298 1.
1358 4251 1405 4299 3.
1428 4249 1512 4297 31.
1532 4250 1611 4297 32.

614 4318 815 4377 vulnere,
837 4325 1057 4377 ruptura,
1082 4317 1223 4375 rima,
1247 4318 1432 4370 fissura,
1456 4320 1514 4361 ut
1533 4329 1614 4375 ap.

1671 2134 1834 2180 Valer.
1859 2133 1932 2180 Fl.
1959 2135 2001 2182 1.
2022 2134 2132 2180 480.
2166 2135 2251 2181 ubi
2281 2148 2328 2179 v.
2355 2134 2526 2181 Burm.
2559 2137 2678 2182 cica-

1670 2199 1788 2255 trix,
1812 2205 2012 2245 sartura.

1738 2262 1849 2310 152.
1870 2263 1916 2309 3.
1949 2263 2022 2308 cf.
2059 2262 2217 2310 Plaut.
2255 2263 2405 2309 Stich.
2437 2262 2478 2308 1.
2515 2262 2564 2311 3.
2597 2263 2675 2310 20.

1673 2341 1774 2385 seq.
1803 2329 1868 2374 al.
1932 2326 2041 2374 153.
2072 2340 2173 2386 seq.
2205 2327 2448 2374 Homines
2483 2329 2545 2373 ad
2575 2329 2676 2373 ino-

1673 2392 1802 2451 piam
1817 2392 1994 2438 redacti
2006 2392 2151 2437 etiam
2167 2392 2356 2451 publice
2368 2391 2541 2438 inrisui
2551 2399 2682 2446 sunt,

1674 2462 1724 2502 et
1756 2457 1816 2502 de
1843 2458 1948 2503 loco
1980 2456 2267 2509 honestiore.
2289 2469 2436 2516 quem
2460 2457 2577 2503 olim
2601 2471 2679 2503 oc-

1675 2527 1986 2580 cupaverant,
2023 2534 2153 2567 nunc
2181 2518 2492 2583 dejiciuntur.
2529 2523 2681 2582 inquit

1674 2599 1739 2631 sc.
1759 2586 2050 2643 designator,
2062 2586 2148 2645 qui
2165 2587 2215 2631 in
2233 2584 2361 2631 ludis
2375 2587 2684 2644 spectaculis·

1674 2664 1769 2709 que
1786 2650 1966 2695 ordinis
1983 2662 2150 2694 curam
2169 2651 2287 2710 agit,
2304 2657 2354 2695 et
2368 2651 2524 2695 cuivis
2536 2664 2680 2696 suum

1676 2714 1894 2773 designat
1912 2714 2087 2758 locum.
2147 2712 2413 2760 154-159,
2434 2715 2511 2759 cf.
2526 2715 2682 2760 omni-

1679 2791 1741 2822 no
1759 2778 1847 2824 inf.
1863 2779 1924 2822 ad
1938 2776 2073 2822 XIV.
2087 2778 2358 2825 323-4326.
2375 2783 2506 2824 exeat
2522 2793 2549 2825 e
2565 2793 2683 2838 qua·

1676 2842 1958 2887 tuordecim.
1974 2841 2169 2901 pulvino
2184 2842 2398 2901 equestri.-
2421 2856 2538 2889 nam
2556 2844 2685 2889 Cali-

1674 2906 1791 2964 gula
1812 2906 1997 2963 primus
2016 2905 2341 2960 Senatoribus,
2359 2921 2419 2952 ne
2438 2908 2584 2953 nudis
2605 2921 2679 2953 as·

1675 2970 1860 3013 seribus
1893 2970 2171 3020 insiderent.
2195 2972 2418 3029 pulvillos
2442 2972 2685 3017 substerni

1669 3029 1846 3093 jussit3
1886 3034 2030 3092 idque
2062 3042 2229 3094 postea
2253 3034 2513 3093 Equitibus
2535 3038 2682 3082 etiam

1675 3110 1953 3143 concessum
1978 3099 2184 3145 videtur.
2221 3099 2299 3145 Cf.
2319 3099 2455 3158 Lips.
2479 3102 2539 3145 de
2563 3101 2681 3146 Am·

1676 3161 1833 3220 phith.
1868 3175 1912 3209 c.
1943 3160 2020 3208 13.
2049 3164 2178 3223 cujus
2209 3176 2282 3208 rer
2310 3163 2566 3209 familiaris
2592 3178 2682 3210 non

1675 3226 1851 3285 subjicit
1870 3224 1979 3283 leg-i,
2006 3239 2099 3271 non
2123 3233 2258 3274 tanta
2279 3234 2372 3284 est,
2394 3235 2579 3287 quanta
2600 3230 2681 3276 de·

1677 3290 1758 3334 bet
1789 3302 1893 3335 esse
1926 3291 2180 3347 Equitum,
2220 3293 2488 3337 secundum
2522 3292 2681 3353 legem

1676 3354 1958 3399 theatralem
1990 3356 2151 3400 Roscii
2176 3354 2386 3412 Othonis,
2409 3358 2471 3402 de
2505 3370 2601 3415 qua
2632 3371 2677 3401 v.

1675 3417 1737 3462 ad
1751 3414 1891 3462 XIV.
1911 3417 2024 3467 323.
2042 3432 2142 3478 seq.
2163 3419 2373 3465 lenonum
2392 3422 2676 3479 puer-imne-

1675 3481 1800 3526 conis
1816 3481 1977 3542 filins,
2001 3489 2051 3528 et
2067 3484 2263 3544 juvenes
2297 3484 2480 3529 laniate
2510 3484 2605 3537 hic,
2628 3486 2678 3530 in

1677 3547 2056 3603 quatuordecim,
2092 3547 2298 3604 sedeant,
2330 3549 2446 3607 quia
2478 3562 2680 3594 censum

1678 3609 1857 3655 habent
1891 3619 2184 3670 equestrem,
2220 3612 2297 3657 vel
2337 3613 2523 3658 artibus
2561 3612 2681 3670 suis,

1676 3687 1783 3733 quae
1820 3682 2099 3733 quaestuosae
2130 3683 2286 3732 erant,
2319 3677 2394 3721 vel
2430 3677 2526 3722 alio
2560 3690 2678 3735 quo-

1675 3751 1884 3796 cumque
1905 3741 2067 3793 modo,
2092 3755 2137 3785 v.
2162 3755 2202 3786 c.
2221 3741 2492 3793 connubiis,
2517 3740 2680 3786 malis·

1674 3815 1768 3861 que
1789 3803 1989 3860 artibus,
2011 3812 2250 3863 paratum.
2309 3803 2532 3849 Forntees
2547 3805 2681 3852 cellae

1677 3867 1927 3913 fornicatae
1960 3882 1996 3913 s.
2027 3876 2373 3915 concameratae
2407 3882 2465 3915 ac
2493 3870 2681 3915 subter-

1677 3944 1850 3989 ranea,
1863 3946 1983 3991 quas
1997 3940 2153 3978 scorta
2167 3933 2437 3979 inhabitare
2447 3933 2681 3980 solebant.

1682 3994 1791 4042 157.
1837 3997 1998 4054 nitidi,
2039 3999 2299 4057 unguentis
2338 3997 2566 4055 delibuti,
2605 3997 2679 4043 vel

1682 4061 1822 4117 lauti,
1844 4068 1893 4106 et
1913 4062 1979 4106 id.
1995 4063 2076 4121 qd.
2098 4075 2213 4107 mox
2234 4060 2348 4108 culti
2363 4079 2378 4107 .-
2412 4074 2526 4108 nam
2544 4061 2680 4106 dives

1682 4131 1770 4169 est.
1785 4124 2241 4185 plaudat‚exquisite
2257 4139 2363 4185 pro,
2375 4128 2557 4173 sedeat.
2583 4125 2684 4170 Ad-

1676 4190 1841 4249 plaudi
1871 4190 2052 4235 solebat
2085 4199 2134 4235 et
2156 4191 2484 4243 histrionibus,
2507 4197 2556 4234 et
2578 4188 2677 4233 Irn-

1677 4254 1975 4313 peratoribus
1996 4253 2196 4312 aliisque
2220 4254 2334 4300 viris
2362 4256 2490 4314 apud
2523 4266 2677 4311 popu-

1678 4318 1780 4364 lum
1803 4318 2044 4378 gratiosis,
2061 4332 2213 4377 quum
2237 4319 2424 4365 theatra
2443 4317 2681 4378 ingredie-
