2978 4920
1311 323 1983 392 JUVENALIS

696 518 959 584 Blande.
1029 519 1272 581 'Fumea
1299 515 1430 579 alto
1453 515 1812 577 Drusorum
1844 519 2194 582 stemmate,
2218 519 2541 592 tamquam
2594 507 2687 568 ·4o

697 619 950 684 Feceris
977 620 1113 704 ipse
1142 615 1406 702 aliquid,
1436 626 1699 702 propter
1727 610 1905 698 quod
1933 608 2163 674 nobilis
2190 630 2375 685 essm,
2599 613 2607 630 ²

697 722 795 784 Ut
826 730 890 783 te
918 715 1293 803 conciperet,
1323 738 1471 802 quae
1504 713 1806 799 sanguine
1835 711 2043 796 fulget
2076 709 2244 783 1u1i;

701 823 847 885 Non
879 841 1025 905 quae
1055 830 1314 882 ventoso
1342 815 1503 881 cond
1511 828 1656 879 ucta
1685 814 1807 878 sub
1835 836 2064 898 aggere
2094 811 2272 877 texit.

702 923 830 985 vos
859 919 1151 995 humiles,
1180 917 1413 1004 inquis,
1444 915 1625 1000 vulgi
1654 938 1800 1001 pars
1830 914 2057 978 ultima
2082 913 2304 989 nostri,

704 1027 992 1104 Quorum
1021 1045 1204 1087 nemo
1232 1033 1425 1108 queat
1455 1021 1726 1106 patriam
1756 1028 2102 1082 monstrare
2131 1013 2444 1102 parentis:

1496 1121 1708 1199 vivas,
1740 1132 1802 1184 et
1832 1119 2094 1204 originis
2123 1117 2318 1202 hujus

705 1127 833 1190 Ast
860 1149 979 1211 ego
1012 1123 1405 1211 Cecropides,

2612 1013 2693 1074 45

708 1226 965 1292 Gaudia
991 1226 1180 1312 longa
1207 1226 1371 1289 feras
1395 1249 1409 1287 ε
1458 1236 1667 1288 tamen
1697 1224 1825 1286 ima
1852 1222 2036 1307 plebe
2069 1218 2379 1298 Quiritem

708 1329 1086 1395 Facundum
1114 1328 1408 1392 invenies.
1456 1326 1610 1390 solet
1642 1326 1745 1389 hic
1776 1323 2112 1389 defendere
2142 1344 2360 1387 causas

708 1429 957 1495 Nobilis
983 1430 1240 1494 indocti.
1285 1429 1495 1493 veniet
1525 1427 1605 1490 de
1632 1426 1817 1513 plebe
1847 1437 2085 1512 togata,

712 1532 839 1608 Qui
861 1530 1027 1616 juris
1056 1529 1253 1593 nodos
1281 1541 1344 1593 et
1374 1528 1588 1615 legum
1618 1527 1956 1612 aenigmata
1984 1525 2204 1590 solvat.

714 1632 842 1694 Hic
871 1630 1030 1716 petit
1064 1630 1443 1715 Euphraten·
1461 1628 1716 1717 juvenis
1745 1627 2096 1713 domitique
2128 1623 2355 1689 Batavi

716 1734 1032 1798 Custodes
1056 1733 1320 1821 aquilaS,
1351 1735 1541 1797 armis
1569 1731 1920 1797 industrius
1945 1757 1959 1795 :
2007 1743 2073 1808 at
2105 1741 2176 1794 tu

632 1907 713 1956 27.
736 1906 813 1955 45.
838 1904 897 1954 de
919 1904 936 1952 i
1052 1904 1177 1958 idem
1197 1905 1311 1952 Tac.
1332 1904 1459 1952 Anu.
1485 1905 1635 1953 XIII.

636 1972 714 2017 19.
739 1970 880 2018 XIV.
900 1971 930 2016 2
966 2004 980 2016 .
1011 1969 1119 2033 (ubi
1150 1969 1398 2030 laudatur)
1431 1970 1639 2018 57-59.

631 2034 778 2082 XVI.
803 2035 875 2081 10.
897 2034 974 2080 30.
1007 2034 1178 2095 quibus
1196 2033 1309 2082 locis
1330 2033 1436 2080 libri
1457 2041 1640 2081 tantum

636 2112 731 2144 non
756 2112 918 2145 omnes
949 2097 1070 2161 patri
1102 2097 1218 2144 dant
1251 2099 1438 2153 Blandi,
1468 2104 1518 2146 et
1548 2098 1643 2147 filio

637 2161 800 2209 Plauti
831 2175 1116 2225 cognomen3
1149 2162 1273 2210 unde
1306 2162 1498 2228 quidam
1531 2162 1580 2211 h.
1610 2164 1641 2211 1.

638 2227 808 2273 Plance
827 2234 1145 2290 reposuerunt.
1210 2228 1288 2275 40.
1321 2243 1420 2290 seq.
1449 2226 1646 2291 Singula

634 2288 771 2342 δωὸς
793 2297 841 2338 et
870 2291 1095 2355 praeclare
1121 2306 1336 2355 expressa
1357 2310 1367 2338 ε
1404 2292 1642 2355 Superbis,

639 2354 777 2419 quasi
793 2370 886 2403 non
905 2355 1102 2404 fortunae
1121 2355 1343 2404 beneficio
1359 2356 1642 2419 contigisset,

638 2418 724 2468 sed
761 2418 860 2485 ipse
893 2420 1140 2470 meruisses
1171 2419 1418 2469 virtutibus
1449 2421 1561 2477 tuis,
1593 2428 1647 2469 ut

640 2500 822 2533 summo
862 2484 965 2533 loco
1005 2486 1270 2541 nascereris,
1313 2493 1457 2549 utque
1496 2495 1647 2534 mater

640 2557 725 2597 tua
757 2557 878 2597 esset
915 2565 979 2598 ex
1011 2549 1330 2613 antiquissima
1361 2566 1417 2599 ac
1455 2549 1646 2598 nobilis-

641 2612 762 2662 sima
781 2621 921 2677 gente
940 2616 972 2661 J
974 2613 1088 2669 ulia,
1111 2630 1204 2662 non
1237 2614 1450 2663 meretrix
1470 2614 1645 2678 aliqua,

644 2685 727 2727 aut
775 2678 946 2726 infimae
988 2677 1265 2727 conditionis
1314 2678 1498 2734 mulier,
1539 2694 1648 2743 quae

645 2745 861 2792 conducta
878 2744 1093 2791 mercede
1111 2746 1215 2792 terit
1232 2744 1392 2792 telam.
1409 2760 1455 2791 v.
1479 2744 1650 2818 Heyne

644 2806 708 2855 ad
727 2807 905 2855 Tibull.
921 2808 964 2854 1.
982 2809 1030 2854 6.
1051 2809 1129 2856 79.
1176 2808 1374 2862 Tumere,
1394 2809 1648 2871 superbire,

643 2879 701 2919 ut
729 2873 902 2935 inflari,
932 2870 1041 2932 (inf.
1062 2888 1108 2919 v.
1128 2871 1233 2934 72.)
1263 2875 1422 2936 φνσᾷυ,
1449 2871 1649 2934 φῦημι,

646 2936 888 2997 δγκῧσθω,
918 2934 1066 2997 ὄγκος,
1098 2944 1318 2983 stemmate
1350 2936 1456 2992 alto,
1481 2950 1650 2998 genere

649 3000 857 3063 antiquo,
882 3001 955 3061 (v.
973 3016 1078 3064 sup.
1098 2998 1159 3048 ad
1180 3000 1272 3048 VI.
1293 2999 1432 3062 385.)
1466 3002 1548 3048 43.
1573 3002 1652 3048 sub

649 3079 825 3127 aggere,
856 3063 972 3111 forte
1000 3063 1233 3128 pomoerii,
1259 3064 1340 3138 (ut
1369 3063 1653 3127 significetur

647 3129 950 3174 submoeniana
970 3128 1201 3184 meretriX,
1221 3129 1286 3176 ibi
1309 3129 1557 3192 habitans)
1579 3129 1653 3178 vel

651 3190 740 3237 snb
762 3205 822 3253 ag
853 3206 929 3238 ere
951 3191 1131 3239 urbano
1150 3206 1189 3239 s.
1205 3192 1463 3256 Tarquinii,
1486 3192 1575 3256 (cf.
1588 3194 1652 3242 V.

658 3255 765 3304 153.
783 3254 828 3302 V
865 3289 878 3302 .
892 3255 1002 3303 588.
1025 3255 1150 3303 Plin.
1170 3256 1270 3303 III.
1285 3259 1331 3304 5.
1348 3273 1383 3304 s.
1403 3259 1450 3305 9.
1468 3265 1516 3304 et
1528 3256 1656 3331 Lips.

651 3317 1083 3381 Mil.Rom.V.14.)
1097 3319 1170 3368 vel
1179 3318 1227 3367 in
1237 3320 1399 3368 castris
1409 3321 1657 3377 Praetoriis,

651 3392 778 3432 wnto
808 3383 1000 3449 perviis,
1021 3399 1051 3431 a
1079 3383 1249 3449 Sejano
1272 3384 1532 3442 exstructis,
1553 3401 1656 3433 mu-

652 3449 807 3512 risque
829 3448 955 3497 urbis
974 3448 1249 3512 conjunctis,
1267 3456 1321 3497 ut
1342 3450 1512 3498 mulier
1540 3465 1658 3515 pau·

652 3512 861 3626 ffiula,
900 3511 1061 3561 militis
1098 3514 1213 3563 forte
1250 3513 1447 3578 alicujus
1495 3523 1657 3563 contu-

771 3577 874 3634 alis,
899 3577 1183 3643 designetur.
1248 3581 1308 3627 In
1339 3579 1499 3628 multis
1529 3579 1660 3627 libris

652 3639 825 3704 legitur
844 3644 922 3689 sub
940 3646 1059 3700 abire,
1078 3643 1166 3692 sub
1184 3642 1278 3693 dio.

719 3705 800 3778 44.
833 3720 930 3778 seq.
954 3706 1117 3756 Oratio
1148 3707 1334 3772 superbi
1365 3706 1567 3757 hominis
1587 3709 1659 3756 in-

654 3778 792 3831 gemo
823 3770 1075 3833 aptissima.
1141 3771 1255 3819 Pars
1283 3773 1460 3828 ultima,
1481 3773 1659 3830 infima,

654 3833 799 3908 vulgi,
818 3831 910 3880 faex
931 3835 1090 3909 populi
1112 3841 1160 3882 et
1179 3836 1321 3884 urbis.
1387 3838 1657 3885 Nostrates:

654 3896 736 3944 das
753 3897 1183 3959 bergeriwhe-Puck.
1203 3901 1246 3946 la
1265 3902 1469 3949 camille.

722 3961 801 4010 45.
835 3960 997 4021 Synes.
1033 3962 1136 4009 adv.
1161 3961 1373 4011 Andron.
1401 3980 1437 4012 s.
1463 3965 1661 4031 ’Ἄνθρω-

657 4043 739 4080 πος
762 4026 839 4074 aton
868 4024 987 4087 ἴχαη
1019 4026 1151 4074 u’mrn
1176 4025 1307 4087 ἴημα
1336 4031 1527 4084 τιττῖ,
1552 4032 1662 4077 ἀλλ’

657 4089 748 4140 οόὶὶ
769 4090 954 4157 rau-gis.
987 4091 1067 4137 46.
1090 4092 1356 4151 Cecropides,
1378 4093 1521 4155 regia,
1542 4102 1666 4141 certe

655 4155 962 4220 amplissima,
976 4154 1116 4219 stirpe
1127 4161 1268 4203 ortus.
1300 4156 1504 4221 Cecrops
1517 4157 1665 4206 Athe·

659 4234 825 4269 narum
858 4218 1068 4267 conditor
1102 4218 1369 4285 primusque
1401 4235 1497 4276 rex,
1521 4238 1550 4270 a
1574 4237 1666 4285 quo

658 4283 932 4349 posteriores
969 4300 1117 4349 reges,
1150 4300 1433 4348 quamquam
1474 4302 1567 4334 non
1604 4288 1665 4338 ab

657 4360 719 4399 eo
735 4347 935 4406 oriundi,
957 4365 1117 4400 omnes
1136 4351 1389 4413 Cewopidae
1406 4349 1536 4401 dicti.

1766 1906 1845 1953 46.
1878 1905 1958 1953 47.
1994 1902 2226 1952 Sarcasmi
2255 1899 2430 1966 passim
2459 1897 2585 1946 obvii
2615 1896 2701 1947 vim

1703 1969 1840 2018 facile
1853 1969 2021 2018 sentiet
2034 1967 2198 2015 lector.
2234 1967 2433 2020 Gaudia,
2448 1963 2702 2016 commoda,

1704 2035 1779 2082 vel
1802 2033 2025 2099 gaudium
2046 2031 2171 2080 iruna
2198 2033 2332 2093 hty‘us
2351 2030 2554 2102 originis.
2586 2029 2707 2100 477-

1706 2102 1786 2148 55.
1818 2101 1893 2146 Tu
1926 2098 2115 2163 quidem
2146 2112 2232 2145 nos
2261 2094 2464 2159 despicis
2495 2100 2544 2141 et
2567 2092 2705 2140 homi·

1707 2179 1814 2211 nem
1836 2178 1931 2229 prae
1952 2172 1999 2210 te
2020 2170 2159 2226 putas
2179 2160 2444 2231 neminemj
2472 2157 2559 2205 sed
2578 2156 2709 2228 scias,

1707 2229 1879 2276 multos
1907 2228 2078 2275 infimae
2117 2225 2268 2290 plebis
2302 2223 2514 2270 hommes
2551 2228 2707 2286 patrie

1706 2293 1781 2341 vel
1800 2291 2068 2357 eloquentia
2078 2291 2152 2339 vel
2176 2287 2422 2337 virtutibus
2437 2286 2578 2334 utiles
2598 2299 2705 2337 esse,

1708 2373 1849 2421 quum
1871 2365 1923 2405 tu
1944 2364 2106 2404 contra
2136 2353 2240 2402 rudi
2273 2350 2519 2413 inutilique
2552 2357 2707 2396 trunco

1709 2437 1765 2471 ac
1787 2420 1931 2488 stipiti
1951 2419 2213 2469 simillimus
2233 2417 2311 2466 sis.
2346 2416 2572 2488 Ama‘ket
2593 2428 2707 2469 vere,

1709 2487 1853 2535 etiam
1874 2486 1934 2535 de
1958 2484 2192 2534 Rubelliis
2207 2489 2375 2532 nostrae
2395 2487 2569 2529 aetatis.
2620 2478 2709 2524 Ima

1711 2550 1771 2599 de
1802 2552 1925 2612 plebe
1964 2550 2201 2605 Quiritem,
2228 2548 2545 2611 *Romanum3
2596 2540 2712 2605 quod

1711 2630 1879 2664 nomen
1908 2629 2090 2679 semper
2109 2613 2170 2661 ad
2196 2613 2275 2677 jus
2295 2609 2499 2659 civitatis
2519 2614 2711 2682 spectat,

1712 2679 1829 2727 etin
1846 2679 1969 2743 sing.
1989 2694 2118 2727 num.
2141 2693 2235 2726 non
2257 2674 2345 2722 nisi
2368 2691 2398 2723 a
2415 2680 2567 2739 poetis
2588 2686 2710 2718 usur·

1711 2750 1863 2809 patur.
1921 2745 2001 2792 49.
2018 2744 2140 2805 plebe
2161 2749 2325 2805 togata,
2344 2739 2589 2792 Romana,
2607 2751 2712 2799 quo·

1714 2807 1840 2856 niam
1878 2815 1989 2871 toga
2040 2807 2224 2881 propria
2266 2803 2447 2853 civibus
2490 2801 2636 2849 Rom.
2671 2806 2713 2847 et

1714 2872 1903 2935 quidem
1924 2871 1973 2920 h.
1991 2872 2025 2919 l.
2045 2871 2206 2919 infima
2230 2871 2350 2931 plebe
2372 2870 2443 2932 (v.
2466 2882 2573 2930 sup.
2596 2863 2655 2912 ad
2674 2863 2714 2910 1.

1713 2937 1820 3000 96.)
1841 2940 1960 2985 venit
1978 2945 2021 2985 et
2052 2936 2103 2984 in
2122 2933 2403 2999 quibusdam
2434 2930 2584 3003 libris,
2607 2928 2717 2976 forte

1713 3000 1903 3050 rectius.
1952 3011 2125 3065 togatus
2165 2997 2351 3048 emend.
2396 2998 2594 3044 Scriver.
2639 2994 2715 3041 50.

1715 3069 1861 3122 nodos,
1908 3065 2217 3113 difficultates.
2269 3064 2416 3127 legum
2463 3063 2715 3124 enigmata,

1717 3130 1859 3178 verba
1877 3131 2073 3179 obscura
2093 3137 2139 3178 et
2162 3126 2396 3191 ambigua.

1781 3197 1860 3243 51.
1893 3196 1972 3243 52.
2005 3195 2230 3243 Homines
2264 3193 2462 3240 obscuro
2500 3189 2606 3237 loco
2637 3202 2716 3235 na·

1717 3267 1791 3306 tos
1820 3257 2068 3323 stipendia,
2090 3257 2139 3305 in
2168 3255 2383 3305 extremis
2414 3269 2601 3318 quoque
2635 3252 2716 3299 im·

1716 3330 1717 3333 ’
1754 3323 1835 3371 erii
1858 3322 2044 3380 finibus,
2066 3337 2257 3378 merere,
2279 3329 2334 3369 ut
2365 3320 2585 3369 ferociam
2616 3319 2718 3388 bar:

1719 3340 1936 3436 Batoi-um
1958 3394 2216 3442 coerceant,
2237 3394 2284 3434 et
2305 3386 2372 3434 ita
2404 3384 2565 3449 patrie
2587 3385 2722 3433 saluti

1720 3453 1994 3516 prospicere,
2050 3451 2274 3516 proezclare
2335 3457 2498 3501 monet
2552 3457 2719 3516 poeta:

1721 3531 1832 3564 nam
1853 3516 2046 3579 Equites
2076 3515 2264 3580 aliique,
2285 3530 2393 3562 cum
2427 3513 2596 3564 divites
2626 3521 2722 3563 tum

1722 3580 1918 3639 nobiles,
1938 3580 2063 3629 cives
2085 3579 2185 3642 jam
2205 3579 2317 3627 iude
2338 3594 2367 3626 a
2388 3579 2537 3627 Marii
2554 3588 2603 3628 et
2622 3576 2721 3625 Sul·

1722 3645 1783 3693 1ae
1808 3645 2091 3709 temporibus
2122 3643 2302 3691 militiae
2335 3658 2505 3691 nomen
2526 3644 2638 3692 dare
2657 3657 2718 3689 re·

1723 3710 1968 3765 cusabant,
1981 3717 2028 3757 et
2047 3708 2220 3757 sensim
2241 3723 2291 3755 se
2312 3707 2423 3756 huic
2441 3709 2573 3758 oneri
2595 3708 2725 3760 belli-

1724 3789 1816 3836 que
1835 3774 2072 3822 laboribus
2093 3772 2445 3820 subtrahebant.
2498 3770 2727 3823 Acerrimi

1718 3854 1833 3887 vero
1849 3847 1896 3887 et
1915 3836 2216 3887 valentissimi
2234 3837 2555 3885 Romanorum
2579 3838 2732 3887 hostes

1726 3909 1826 3950 tum
1858 3902 2093 3971 temporis,
2125 3907 2293 3965 proeter
2324 3902 2593 3958 Britannos,
2630 3903 2725 3950 Da·

1727 3983 1823 4024 cos,
1845 3969 2022 4018 Suevos
2051 3965 2259 4030 aliosque
2293 3966 2574 4023 Germanos,
2603 3973 2733 4015 erant

1730 4031 1937 4080 Orientis
2072 4030 2154 4086 uli,
2193 4029 2240 4077 in
2313 4030 2440 4078 rimis
2473 4031 2641 4078 Parthi
2678 4044 2730 4077 ac

1730 4095 1850 4159 Syri,
1870 4049 2037 4159 (umfeo
2088 4130 2100 4142 .
2121 4095 2156 4142 l.
2179 4046 2441 4155 EupEv-ates,
2463 4095 2546 4158 qui
2577 4093 2729 4143 termi-

1730 4174 1817 4207 nus
1853 4159 2033 4225 imperii
2068 4160 2209 4207 Rom.
2242 4159 2307 4206 inf
2326 4159 2502 4207 oriente
2541 4159 2655 4222 fuit)
2688 4166 2732 4210 et

1729 4222 1911 4283 Batavi,
1951 4239 1978 4272 a
2015 4224 2167 4274 Civile
2208 4223 2256 4272 in
2297 4238 2427 4270 arma
2466 4222 2602 4287 rapti.
2670 4220 2731 4270 Hi

1729 4296 1885 4337 tamen
1922 4303 2015 4337 non
2051 4290 2221 4345 domiti,
2255 4288 2338 4336 sed
2375 4302 2543 4353 pacem
2579 4285 2729 4352 pacti:

1640 4376 1645 4380 ·
1729 4352 1802 4416 (v.
1820 4353 1934 4402 Tac.
1951 4353 2082 4404 Ann.
2106 4355 2198 4403 lv.
2222 4354 2652 4404 12—37.‘54-86.
2675 4352 2734 4400 V.
