2978 4920
1008 301 1463 392 SATIRA
1505 313 1686 390 ,x1.f,

387 502 492 564 Ac
518 500 706 565 re'bus
736 499 951 564 mersis
977 499 1374 600 intventgfm,
1403 496 1632 562 fencris
1659 504 1851 581 atque

2240 313 2363 378 275

2279 497 2362 557 40

384 602 659 687 Argenti
685 601 895 689 gravis
920 613 985 666 et
1014 623 1312 687 pecorum
1338 619 1761 686 agrorumque
1789 602 2124 684 capacem?

387 700 657 766 Talibus
683 724 723 764 a
749 700 1014 765 dominis
1042 711 1186 785 post
1215 711 1442 764 cuncta
1468 696 1838 762 novissimus
1866 697 1999 762 exit

388 801 707 879 Annulus‚
739 814 802 866 et
832 802 1035 886 digito
1060 800 1370 866 mendicat
1404 799 1611 863 Pollio
1638 798 1829 863 nud0.

386 904 533 965 Non
560 901 925 987 praematuri
952 901 1204 978 cineres,
1235 924 1349 965 nec
1375 900 1571 965 funus
1600 898 1892 963 acerbum

386 1000 733 1075 Luxuriae3
782 1001 891 1065 sed
920 1012 1121 1065 morte
1148 1000 1346 1086 magis
1374 997 1715 1063 metuenda
1742 1011 2043 1064 senectus.

384 1099 477 1163 Hi
505 1100 880 1186 plerumque
907 1101 1176 1187 gradus:
1224 1100 1537 1177 conducta
1563 1097 1829 1184 pecunia
1858 1099 2080 1162 Romae

383 1202 475 1264 Et
504 1223 712 1263 coram
741 1200 1007 1264 dominis
1035 1201 1443 1265 consumitur.
1484 1199 1634 1263 inde
1663 1198 1773 1263 ubi
1802 1197 2085 1284 paulum,

385 1300 612 1363 Nescio
640 1300 820 1386 quid,
851 1313 1156 1387 superest,
1186 1312 1250 1364 et
1279 1299 1471 1385 pallet
1500 1299 1729 1364 seueris
1757 1310 1997 1377 auctor,

386 1402 514 1479 Qui
542 1415 784 1467 vertere
812 1402 1039 1481 solum,
1072 1402 1256 1467 Baias
1283 1416 1347 1468 et
1377 1402 1460 1475 ad
1487 1414 1694 1467 ostrea
1720 1416 2000 1488 currunt.
2039 1455 2040 1458 ,

387 1506 628 1570 Cedere
656 1529 928 1592 namque
955 1507 1095 1570 foro
1114 1508 1250 1593 jam
1280 1529 1405 1570 non
1433 1517 1528 1570 est
1559 1506 1856 1583 deteriuS‚
1888 1528 2080 1592 quam

2278 1509 2362 1568 50

382 1605 706 1690 Esquilias
733 1630 773 1669 a
797 1606 1066 1670 ferventi
1096 1605 1365 1691 migrare
1399 1606 1667 1670 Subura.

388 1706 507 1769 Ille
536 1706 715 1771 dolor
743 1706 911 1770 solus
939 1707 1206 1793 patriam
1233 1706 1647 1792 fugientibuS,
1676 1706 1787 1770 illa

387 1806 697 1871 Moestitia
722 1819 838 1882 est,
867 1807 1140 1871 caruisse
1167 1830 1331 1871 anno
1363 1807 1762 1871 Circensibus
1789 1828 1935 1870 uno.

299 1949 338 1995 1.
360 1964 492 2009 capax
522 1947 729 1996 omnium
761 1948 1002 2003 bonorum,
1008 1946 1203 2011 seueris,
1225 1965 1301 1995 ar·

302 2014 431 2075 genti
448 2020 536 2060 cet.
557 2028 660 2075 quae
682 2011 816 2075 quasi
846 2020 978 2060 vorat
1009 2027 1064 2060 ac
1089 2011 1303 2075 deglutit.

290 2075 485 2140 fencris,
564 2077 732 2131 cuniae,
754 2078 908 2124 fenere
927 2084 975 2123 et
996 2075 1119 2123 datae
1138 2085 1186 2123 et
1220 2075 1303 2123 ad-

306 2145 468 2204 ceptae.
537 2140 774 2203 urfeneris
792 2140 993 2188 scribam
1007 2155 1092 2203 pro
1097 2139 1304 2203 foenovis,

304 2219 352 2251 V.
376 2203 438 2251 ad
458 2204 549 2250 lx.
575 2205 684 2252 141.

307 2268 459 2377 14311.
483 2269 674 2331 Argenti
701 2270 866 2331 gravis.
901 2282 946 2314 v.
979 2282 1082 2330 sup.
1118 2265 1178 2313 ad
1217 2265 1309 2313 IX.

373 2395 456 2441 42.
481 2394 657 2442 Talibus
691 2411 717 2440 α
760 2395 960 2448 dominis,
996 2391 1310 2447 helluonibus,

309 2460 579 2515 novissimus,
610 2466 861 2523 postremo,
885 2458 972 2520 (cf.
1003 2471 1106 2522 sup.
1140 2455 1201 2504 ad
1221 2455 1314 2504 vl.

311 2523 455 2586 356.)
477 2525 579 2578 erit,
612 2521 938 2587 obpigneratur
970 2529 1052 2569 aut
1081 2520 1314 2575 venditur,

310 2589 525 2642 annulus,
543 2602 726 2641 aureuS,
742 2586 922 2650 insigne
940 2584 1162 2648 Equitum
1181 2603 1194 2645 3
1226 2600 1315 2632 un·

313 2651 373 2700 de
391 2653 532 2715 digito
563 2654 698 2708 nudo,
721 2650 950 2698 inminuto
977 2663 1119 2698 censu
1152 2663 1315 2711 eques·

311 2715 396 2763 tri:
440 2730 551 2762 nam
582 2717 867 2764 coustitutum
897 2723 1009 2769 erat,
1044 2730 1101 2761 ne
1130 2716 1207 2760 eui
1227 2716 1314 2775 jus

308 2781 578 2827 annulorum
595 2780 660 2842 (s.
672 2778 833 2828 annuli
844 2776 1084 2842 gestandi)
1097 2786 1214 2833 esset,
1227 2779 1314 2824 nisi

310 2846 389 2892 cui
421 2846 612 2907 ingenuo
644 2846 742 2904 ipsi,
779 2845 904 2904 patri
939 2858 1100 2904 avoque
1131 2850 1314 2903 paterno

312 2910 509 2956 sestertia
554 2907 732 2955 CCCC
774 2922 945 2956 census.
999 2908 1145 2962 uisset,
1188 2904 1315 2954 Plin.

264 3006 267 3008 >
309 2970 557 3019 XXXIII.
572 2972 622 3018 2.
639 2985 676 3017 s,
699 2972 747 3017 7.
766 2970 924 3025 Pollio,
975 2975 1172 3024 ecoctor,
1193 2969 1308 3017 forte

307 3035 365 3091 is,
390 3033 450 3082 de
482 3048 574 3096 quo
606 3049 652 3080 v.
685 3032 808 3080 Plin.
834 3034 926 3082 IX.
962 3034 1036 3081 10.
1067 3049 1105 3081 s.
1131 3034 1208 3083 13.
1232 3033 1309 3082 Cf.

305 3115 410 3164 sup.
430 3095 491 3145 ad
515 3097 607 3144 IX.
630 3098 678 3144 6.

374 3163 456 3210 44.
489 3161 566 3208 45.
607 3161 741 3208 Mors
774 3168 1041 3221 praematura
1080 3168 1127 3208 et
1160 3164 1315 3209 acerba

313 3225 468 3274 minus
497 3227 733 3272 metuenda
758 3232 830 3273 est
850 3226 1059 3280 luxurioe,
1082 3223 1128 3271 h.
1149 3240 1190 3273 e.
1213 3226 1317 3274 lux-

314 3290 478 3340 uriosis
514 3288 796 3345 hominibus,
838 3303 981 3352 quam
1020 3298 1228 3343 senectus,
1270 3297 1320 3337 ct

316 3354 489 3403 morbis
505 3361 554 3402 et
573 3353 696 3401 fame
716 3353 950 3408 laboranS,
973 3367 1077 3414 quae
1105 3352 1316 3415 gravissi-

314 3435 393 3467 ma
415 3425 485 3466 est
512 3417 783 3466 helluonum
809 3415 1185 3465 et’helluationis
1215 3431 1318 3480 poe·

319 3498 414 3540 na;
447 3481 536 3530 nisi
567 3497 727 3530 sensus
754 3488 852 3530 est:
896 3495 1020 3528 mors
1045 3480 1094 3526 in
1119 3479 1318 3528 infantia

312 3546 392 3594 vel
412 3545 462 3593 in
488 3545 730 3610 juventute
753 3544 1002 3593 luxuriosis
1033 3543 1187 3592 minus
1219 3559 1319 3592 me-

312 3609 491 3659 tuenda
511 3618 596 3667 est,
648 3626 755 3658 uam
776 3617 1006 3657 senectuS.
1051 3609 1101 3656 N
1105 3623 1181 3656 am
1196 3623 1320 3655 mors

312 3672 565 3725 infantium
639 3675 846 3722 icebatur
884 3675 1056 3729 acerba,
1091 3671 1318 3735 juvenum

314 3741 563 3793 inmatura,
580 3744 628 3784 et
646 3753 810 3785 senum
831 3738 1065 3784 naturalis.
1089 3736 1166 3785 Cf.
1186 3736 1320 3784 Viro,

316 3804 438 3852 AEn.
460 3801 553 3850 v1.
571 3801 682 3849 429.
706 3802 813 3849 sen.
834 3803 925 3867 Ep.
950 3802 1058 3848 123.
1081 3808 1128 3848 et
1149 3775 1319 3848 Kimi-

317 3881 449 3914 man.
470 3865 530 3914 de
549 3865 648 3913 fun.
669 3865 810 3912 Rom.
835 3866 878 3912 1.
913 3865 958 3913 4.
992 3872 1109 3912 extr.
1146 3864 1322 3912 Cineres

315 3936 367 3978 et
382 3930 539 3995 sunus
569 3945 652 3994 pro
672 3935 835 3976 morte.
899 3929 1106 3978 46—49.
1129 3928 1199 3975 Hi
1226 3930 1320 3989 ple·

316 4010 504 4057 rumque
516 3996 686 4058 gradus
701 3999 826 4046 sunt,
843 3991 1011 4054 quibus
1031 3991 1107 4039 isti
1128 3992 1320 4056 perditae

313 4059 442 4122 gulae
476 4056 687 4105 homines
718 4056 778 4104 ad
810 4055 1014 4122 inopiam
1047 4056 1323 4120 perveniunt

317 4129 369 4170 et
407 4121 514 4170 fidei
552 4121 850 4169 violationem
865 4137 890 4165 2<
918 4119 1125 4192 'primum
1157 4123 1321 4169 cond-u-

316 4195 448 4242 eunt,
470 4184 519 4234 h.
541 4200 584 4233 e.
606 4185 762 4233 fenere
791 4182 1045 4248 adcipiunt‚
1070 4184 1218 4231 Romae
1244 4201 1322 4245 pe·

1366 1948 1453 1996 bus
1483 1946 1615 2013 ipsis,
1649 1962 1741 1996 non
1772 1948 1872 1996 sine
1901 1947 2058 1997 dolore
2089 1947 2140 1998 id
2171 1944 2368 1996 videnti-

1364 2013 1469 2067 buS,
1497 2022 1758 2060 consumunt
1771 2030 1788 2070 ;
1822 2011 2027 2066 tandem,
2057 2014 2137 2060 ubi
2160 2013 2364 2073 paulum,

1367 2084 1414 2124 et
1445 2079 1585 2124 neseio
1608 2079 1729 2138 quid,
1765 2075 1920 2125 forsan
1953 2076 2026 2124 vel
2058 2076 2200 2125 ferme
2234 2076 2367 2133 nihil,

1367 2149 1575 2201 superest,
1596 2147 1646 2187 et
1667 2140 1769 2203 jam
1800 2150 1957 2187 auctor
1971 2140 2164 2204 seueris,
2180 2140 2366 2202 ‚seuerae

1371 2209 1456 2258 tor,
1481 2205 1639 2266 pallet,
1673 2204 1820 2260 timet,
1852 2219 1913 2252 ne
1944 2203 2077 2253 fenus
2108 2221 2217 2254 cum
2248 2212 2370 2254 sorte

1370 2266 1554 2339 perdat,
1576 2275 1752 2315 vertum
1773 2269 1908 2314 solum
1940 2269 2101 2331 patriae
2134 2276 2183 2316 et
2204 2277 2368 2334 sponte

1372 2345 1424 2377 in
1455 2329 1666 2377 exsilium
1708 2332 1907 2378 abeunt:
1955 2346 2064 2378 nam
2100 2335 2176 2393 qui
2215 2336 2369 2381 volunt

1371 2410 1543 2454 paenam
1562 2395 1756 2455 aliqua-m
1774 2393 2074 2459 subterfugere
2094 2406 2176 2442 aut
2190 2397 2373 2448 calama&

1378 2468 1529 2514 tatem,
1562 2458 1699 2506 solum
1729 2468 1924 2515 vertunt,
1946 2460 2023 2506 hoc
2054 2468 2133 2514 est,
2153 2462 2291 2508 sedem
2320 2479 2375 2510 ac

1380 2523 1520 2570 locum
1557 2530 1750 2570 mutant.
1790 2522 1893 2571 Cic.
1962 2538 2013 2571 ro
2053 2523 2184 2571 Caec.
2220 2538 2263 2572 c.
2295 2526 2377 2576 34.

1379 2584 1560 2650 Lepide
1581 2593 1737 2634 autem
1758 2594 1897 2650 poeta
1948 2586 2046 2642 icit,
2063 2587 2249 2634 eosdem
2269 2605 2375 2636 cur·

1379 2666 1491 2706 rere,
1509 2649 1779 2698 festinanter
1827 2649 1944 2698 atria
1956 2650 2137 2706 cedere,
2156 2666 2215 2698 ne
2235 2666 2265 2698 a
2279 2667 2378 2700 cre·

1375 2714 1600 2762 ditoribus
1619 2728 1803 2779 compre
1836 2714 2081 2770 emantur,
2104 2722 2153 2761 et
2183 2729 2233 2761 se
2264 2731 2375 2764 con·

1376 2777 1494 2826 ferre
1530 2777 1681 2835 Baias,
1712 2794 1798 2844 pro
1833 2785 1904 2826 ter
1934 2777 2024 2826 loci
2057 2778 2376 2828 amoenitatem

1376 2849 1424 2890 et
1451 2841 1661 2899 delicias,
1684 2857 1777 2916 quo
1844 2877 1855 2889 .
1878 2843 1911 2889 l.
1934 2843 2191 2891 reseruntur
2222 2853 2375 2899 ostrea,

1377 2921 1481 2970 quae
1515 2906 1583 2953 ibi
1609 2914 1869 2971 capiuntur.
1902 2906 1981 2956 Cf.
2000 2923 2102 2971 sup.
2124 2908 2186 2956 ad
2209 2907 2310 2956 III.
2330 2909 2376 2956 4.

1373 2971 1466 3019 IV.
1492 2971 1598 3019 141.
1619 2978 1668 3018 et
1682 2971 1832 3019 VIII.
1853 2971 1930 3018 83.

1436 3035 1518 3083 50.
1545 3034 1704 3082 Cedere
1706 3034 1834 3099 foro,
1863 3033 2111 3083 creditores
2141 3034 2374 3094 fraudare,¹

1360 3100 1482 3158 jam,
1517 3099 1683 3147 nostris
1714 3098 2012 3163 temporibuS‚
2047 3115 2134 3146 non
2165 3108 2226 3146 est
2257 3103 2373 3148 dete-

1375 3164 1487 3217 rius,
1527 3177 1617 3210 non
1658 3163 1807 3225 magis
1842 3161 2195 3226 ignominiosum
2234 3162 2375 3214 habe-

1381 3235 1471 3281 tur,
1496 3241 1638 3289 quam
1669 3243 1727 3274 ex
1746 3225 1905 3275 media
1936 3233 1984 3274 et
2019 3235 2218 3274 aestuosa
2239 3229 2380 3276 Urbis

1381 3289 1568 3352 regione
1587 3290 1784 3354 migrare
1802 3291 1851 3338 in
1874 3291 2186 3339 suburbanam
2219 3300 2268 3339 et
2297 3292 2376 3340 fri-

1380 3352 1620 3417 gidiorem.
1689 3355 1849 3404 Cedere
1860 3355 1969 3419 foro
1990 3354 2119 3403 Gall.
2123 3355 2254 3418 faire
2272 3358 2379 3415 hanff

1381 3427 1611 3480 queroute:
1656 3434 1766 3466 nam
1803 3419 1852 3466 in
1875 3419 1981 3482 foro
2017 3417 2380 3480 argentariorum

1378 3490 1513 3529 erant
1544 3482 1767 3536 tabernae,
1789 3490 1837 3529 et
1870 3497 1942 3529 res
1972 3480 2245 3545 pecuniaria
2275 3498 2379 3547 per-

1381 3544 1644 3609 scriptione,
1664 3543 2015 3610 transcriptione
2036 3552 2126 3592 cet.
2146 3547 2380 3594 tractaba-

1380 3616 1484 3667 tur3
1518 3609 1644 3656 unde
1674 3608 1981 3672 negotiatores
1999 3609 2045 3654 in
2061 3607 2171 3672 foro
2191 3609 2379 3670 (Germ.
2409 3607 2414 3611 ’

1381 3671 1557 3735 Βὸῐεθ)
1579 3675 1758 3740 versari,
1782 3680 1830 3720 et
1848 3671 2120 3736 contraforo
2140 3676 2288 3723 cedere
2308 3676 2380 3726 div

1382 3743 1567 3785 cuntur.

1447 3802 1528 3849 51.
1567 3797 1801 3862 Esquilias,
1840 3817 1944 3864 quae
1973 3803 2135 3865 gelide
2167 3803 2385 3867 dicuntur

1384 3879 1437 3912 su
1475 3899 1487 3913 .
1510 3864 1575 3912 V.
1596 3865 1673 3912 78.
1728 3865 1903 3913 Subura
1906 3865 2124 3931 ferventi,
2147 3868 2207 3915 ob
2224 3869 2381 3924 situm,

1384 3944 1441 3976 ve
1493 3927 1647 3992 potius
1682 3929 1936 3978 maximum
1971 3933 2131 3997 populi
2168 3932 2382 3995 frequen-

1382 3992 1515 4041 tiam.
1538 4009 1581 4040 ν.
1601 4009 1702 4058 sup.
1725 3993 1785 4042 ad
1805 3995 1906 4043 III.
1927 3998 1973 4042 5.

1448 4059 1528 4105 52.
1566 4060 1642 4105 53.
1679 4058 1785 4107 Hoc
1824 4067 2008 4106 tantum
2045 4058 2219 4111 dolent,
2259 4055 2385 4119 quod

1387 4119 1676 4183 aliquamdiu
1712 4121 2011 4171 Circensibus
2050 4121 2172 4167 ludis
2208 4128 2385 4167 carent.
2421 4179 2425 4183 ⁴
2509 4140 2513 4147 ’

1389 4185 1562 4233 Facete
1591 4185 1651 4234 de
1670 4185 1836 4234 insana
1866 4187 2078 4234 ludorum
2111 4181 2387 4254 spectando-

322 4253 502 4297 cum'am
516 4267 533 4308 ,·
588 4248 757 4297 deinde
798 4263 903 4295 eam
946 4264 1090 4295 eoram
1142 4250 1326 4296 dominis
1388 4264 1491 4295 rum
1512 4247 1784 4313 cupiditate,
1808 4265 1903 4311 qua
1923 4248 2127 4296 Romam
2148 4241 2389 4299 ardebant.

319 4313 444 4377 ejus,
479 4314 526 4362 h.
548 4330 590 4363 e.
621 4312 925 4362 creditoribus
955 4312 1030 4361 vel
1062 4311 1325 4386 feneratori-

1393 4312 1470 4360 Cf.
1492 4329 1595 4377 sup.
1617 4313 1718 4361 ΙΙΙ.
1740 4315 1850 4364 223.
1870 4319 1917 4359 et
1938 4309 2003 4358 ibi
2022 4317 2118 4357 not.

1476 4377 1518 4437 2
1548 4397 1593 4438 N
1625 4378 1667 4435 2
