2978 4920
988 315 1471 381 ΒΑΤΙΒΑ1
1520 315 1609 378 X.

347 506 612 581 Actum,
644 503 875 590 inquit,
910 485 1064 567 nihil
1096 511 1214 577 est,
1247 499 1364 563 nisi
1397 501 1597 563 Poeno
1626 499 1828 564 milite
1858 511 2074 586 portas

2224 315 2351 378 255

2225 499 2351 562 155

347 606 750 691 Frangimus,
781 615 845 669 et
875 602 1084 667 media
1110 601 1415 668 vexillum
1447 623 1616 687 pono
1642 600 1912 664 Subura.

349 707 407 770 O
436 707 645 793 qualis
674 707 864 770 facies
894 718 957 770 et
988 689 1163 791 quali
1194 703 1390 789 digna
1418 701 1674 780 tabella,

347 811 563 887 Quum
603 808 863 874 Gaetula
890 808 1118 872 ducem
1148 817 1430 893 portaret
1462 804 1654 869 belua
1683 803 1926 869 luscum
1952 810 1967 869 !

349 910 585 975 Exitus
615 933 767 998 ergo
796 910 1111 997 quisest?
1158 911 1216 972 Ο
1245 907 1449 993 gloria
1475 911 1491 970 !
1540 905 1816 970 vincitur
1843 905 2009 970 idem

350 1012 618 1097 Nempe,
632 1022 695 1075 et
716 1010 777 1072 in
796 1008 1086 1073 exsilium
1107 1031 1389 1095 praeceps
1406 1005 1602 1092 fugit,
1622 1018 1817 1092 atque
1834 1006 1921 1071 ibi
1941 1028 2209 1093 magnus
2230 1005 2357 1071 160

352 1110 817 1197 Mirandusque
847 1109 1038 1173 cliens
1068 1109 1242 1173 sedet
1272 1109 1354 1173 ad
1383 1107 1684 1194 proetoria
1713 1108 1901 1193 regis,
2245 1149 2248 1154 -

350 1213 571 1276 Donec
604 1211 888 1297 Bithyno
917 1209 1110 1274 libeat
1141 1208 1401 1295 vigilare
1432 1220 1722 1294 tyranno.
1771 1239 1880 1266 „s

351 1311 574 1375 Finem
607 1312 854 1388 animae,
886 1333 1034 1397 quoe
1062 1333 1162 1374 res
1190 1311 1499 1378 humanas
1527 1308 1778 1373 miscuit
1809 1309 1982 1386 olim,

351 1413 500 1476 Non
530 1401 751 1497 gladii,
782 1434 906 1475 non
939 1434 1090 1475 saxa
1119 1411 1366 1476 dabunt
1394 1432 1511 1474 nec
1540 1410 1705 1483 tela;
1753 1409 1864 1475 sed
1893 1409 1998 1474 ille

347 1513 715 1599 Cannarum
746 1512 979 1577 vindex
1008 1534 1081 1576 ac
1112 1511 1271 1577 tanti
1302 1510 1626 1597 sanguinis
1656 1510 1827 1576 ultor

769 1617 828 1693 Ι,
860 1615 1137 1693 demenS,
1168 1627 1232 1681 et
1264 1638 1460 1679 saevas
1488 1637 1673 1678 curre
1701 1636 1816 1701 per
1845 1614 2069 1702 Alpes,

349 1614 675 1680 Annulus.

2232 1505 2356 1576 165

348 1719 446 1782 Ut
479 1720 694 1805 pueris
719 1718 967 1805 placeas
996 1718 1464 1784 et·declamatio
1494 1719 1607 1782 fias
1632 1723 1646 1781 ἔ

346 1818 539 1882 Unus
571 1819 806 1883 Pellaeo
825 1820 1059 1916 juveni·
1082 1841 1205 1882 non
1238 1818 1491 1883 subficit
1521 1817 1725 1882 orbis:

262 2020 361 2084 ejus
402 2027 581 2084 partem
629 2036 711 2085 per
753 2021 877 2070 XVI
916 2036 1064 2069 annos
1100 2037 1277 2088 expug-

262 2096 422 2139 nasse,
447 2082 596 2131 voluit
629 2093 678 2133 et
712 2084 861 2151 ipsam
894 2086 1115 2143 Romam,
1136 2095 1282 2152 caput

268 2147 392 2196 erbis
411 2156 654 2205 terrarum,
678 2163 860 2213 capere.
915 2150 993 2197 De
1015 2150 1152 2199 inrito
1172 2167 1282 2199 con·

268 2211 371 2260 silio
386 2213 560 2267 Romae
575 2211 902 2278 obpugnandae
913 2229 958 2260 v.
974 2213 1075 2261 Liv.
1090 2215 1235 2263 XXV
1243 2216 1280 2261 1.

214 2319 218 2324 .
270 2278 450 2326 7—11.
474 2277 657 2340 Magna
673 2292 782 2324 vero
802 2275 853 2323 in
871 2277 1024 2324 verbis
1053 2277 1173 2326 inest
1194 2279 1281 2335 vis,

269 2351 317 2389 et
350 2339 584 2389 sententia
619 2347 749 2388 tanto
782 2339 905 2388 duce
941 2340 1102 2406 digna.
1137 2352 1285 2405 portas

268 2405 461 2453 Romae.

341 2470 450 2519 156.
470 2466 694 2518 'resistam
732 2470 874 2519 victor
910 2469 1144 2534 ingressus
1182 2472 1284 2521 Ro·

270 2550 399 2583 mam
450 2549 574 2597 pono
621 2534 671 2582 in
713 2537 857 2582 media
909 2535 1101 2591 Subura,
1150 2535 1199 2584 h.
1241 2551 1285 2585 e.

274 2599 422 2655 Urbe,
447 2606 500 2645 ut
520 2615 572 2647 su
608 2633 623 2647 .
646 2599 746 2648 ΙΙΙ.
770 2602 816 2648 5.
838 2597 922 2647 ubi
944 2615 989 2647 v.
1007 2606 1104 2648 not.

336 2615 612 2730 157—16‘i'.
637 2665 792 2732 Locus
806 2663 1080 2728 praeclanu,
1113 2679 1288 2728 magna

269 2726 603 2776 sententiarum
620 2729 850 2791 gravitate
866 2736 914 2776 et
927 2726 1192 2777 adfectibus
1209 2744 1282 2777 sa·

273 2792 339 2841 lib
431 2805 507 2847 ue,
529 2792 594 2840 rei
614 2807 644 2840 a
678 2792 880 2848 tissimis,
899 2790 1108 2856 insignis.

341 2858 400 2904 15
437 2891 449 2903 .
476 2857 581 2905 158.
670 2857 907 2906 eridentur
926 2857 1197 2905 deformitas
1213 2865 1284 2905 te·

272 2920 556 2983 meritasque
594 2920 898 2977 Hannibalis,
946 2921 1028 2995 qui
1070 2921 1284 2986 Apenni-

273 3001 391 3033 num
425 2991 734 3046 transgiessus
764 2994 812 3033 et
846 2999 1074 3051 propiore,
1128 3002 1203 3034 uae
1237 2986 1286 3034 in

271 3047 512 3097 Etruriam
555 3047 701 3102 ducit,
735 3047 814 3097 via
836 3064 935 3114 ·per
974 3050 1089 3114 palu
1121 3065 1195 3097 em
1237 3058 1285 3100 et

269 3110 530 3177 profundas
572 3112 692 3160 Arni
733 3112 784 3160 fl.
821 3113 1065 3177 voragines
1107 3113 1286 3162 Gaetula

274 3176 439 3242 (Afra,
475 3175 682 3252 Libyca)
716 3177 860 3234 belua,
891 3175 941 3223 h.
962 3193 1006 3225 e.
1038 3177 1286 3243 elephanto

274 3252 454 3297 vectus,
477 3241 652 3305 vigiliis
677 3247 725 3289 et
747 3248 972 3289 nocturno
989 3242 1180 3290 humore
1200 3259 1285 3308 pa-

272 3305 499 3369 lustrique
525 3305 649 3354 coelo
681 3314 907 3369 gravante
927 3314 1085 3371 caput,
1107 3314 1154 3354 et
1175 3306 1288 3371 quia

271 3368 490 3419 medendi
528 3385 615 3418 nec
653 3370 784 3418 locus
823 3385 909 3418 nec
942 3378 1127 3435 tempus
1166 3378 1285 3428 erat,

272 3434 416 3483 altero
455 3435 591 3483 oculo
623 3444 804 3500 captus,
824 3434 896 3481 vel
929 3435 1076 3482 luscus
1104 3451 1143 3483 s.
1171 3451 1286 3483 uno-

274 3498 411 3547 culus
443 3498 595 3547 factus
632 3506 719 3547 est.
749 3515 795 3546 v.
831 3498 934 3546 Liv.
963 3499 1134 3547 XXII.
1155 3501 1206 3547 2.
1242 3508 1291 3548 et

275 3561 446 3627 Polyb.
469 3563 570 3613 ΙΙΙ.
591 3564 673 3615 79.
723 3561 779 3610 Ὀ
809 3564 967 3626 qualis,
1001 3578 1144 3627 quam
1175 3562 1287 3611 ridi-
1338 3562 1583 3628 ³pidorum.
1651 3563 1695 3618 1,
1728 3566 1914 3619 demens,
1943 3579 2000 3611 -v.
2031 3577 2137 3626 sup.
2175 3560 2236 3610 ad
2270 3557 2366 3612 VI.

627 3598 914 3676 Hinnibalis
963 3627 1100 3684 lusci,
1145 3643 1288 3691 quam

275 3693 433 3763 digna,
456 3692 560 3788 quae
581 3690 876 3757 pingeretur!
899 3700 949 3740 et
970 3694 1095 3757 quali
1113 3694 1287 3750 tabella,

309 3763 484 3806 1ctura.

273 3772 307 3822 p
342 3821 450 3869 159.
486 3819 662 3878 Exitus,
682 3821 789 3870 finis
825 3828 894 3869 tot
918 3820 1214 3870 victoriarum
1242 3828 1291 3868 et

275 3883 382 3931 vitae
413 3883 713 3933 Hannibalis.
779 3886 820 3933 Ο
847 3887 1010 3950 glor-ia,
1033 3901 1175 3951 quam
1206 3901 1290 3934 va-

257 3959 357 4004 ‘na,
374 3949 533 3997 brevis
557 3957 605 3997 et
634 3950 806 3998 fallax!
843 3950 1036 4015 ejusque
1057 3949 1292 4018 cupiditas

273 4028 420 4076 quam
455 4014 601 4061 stulta
633 4030 689 4062 ac
725 4014 981 4080 perniciosa
1014 4015 1110 4062 est!
1184 4015 1290 4063 160.

274 4092 372 4140 seq.
399 4078 609 4125 Vincitur
636 4081 765 4135 idem,
786 4078 887 4143 ipse
915 4078 996 4127 ille
1029 4077 1289 4133 Hannibal,

277 4140 543 4215 imperator·
568 4150 745 4198 tantus,
786 4152 834 4190 et
874 4144 1011 4192 toties
1057 4142 1218 4197 victor,
1261 4158 1291 4190 a

278 4203 512 4270 Scipione,
549 4206 623 4262 et,
643 4206 897 4255 adcusatus
937 4207 1225 4271 Carthagine
1263 4222 1292 4254 a

274 3626 402 3683 cula,
427 3626 575 3691 facies

1344 3752 1725 3811 ¹declamationis,
1733 3756 1829 3820 fias

1344 2018 1406 2072 ad
1430 2019 1662 2078 Prusiam,
1686 2021 1911 2085 Bithynia
1928 2037 1977 2069 re
2008 2037 2073 2069 em
2085 2037 2103 2078 ,·
2127 2030 2259 2086 atque
2279 2022 2358 2076 ibi,

1344 2086 1394 2133 in
1412 2086 1594 2142 exsilio,
1616 2102 1803 2151 magnus
1819 2039 2132 2149 me‘ranffusque
2144 2086 2280 2134 cliens
2297 2087 2357 2133 ad

1346 2150 1482 2213 Regis
1500 2148 1677 2198 Prusiae
1696 2152 1926 2211 pretoria,
1944 2149 2222 2215 praetorium,
2245 2149 2295 2198 h.
2311 2164 2356 2199 e.

1345 2214 1522 2275 regiam
1536 2213 1613 2263 vel
1633 2214 1877 2279 palatium,
1899 2218 1972 2279 (v.
1983 2231 2088 2281 sup.
2106 2214 2169 2264 ad
2187 2217 2228 2262 1.
2247 2214 2356 2277 75.)

1349 2276 1467 2326 etin
1491 2277 1592 2342 ejus
1622 2277 1754 2334 atrio,
1776 2280 1907 2335 sedet,
1930 2279 2094 2343 quovis
2123 2294 2281 2335 mane,
2303 2285 2356 2326 ut

1345 2340 1461 2404 regi,
1493 2348 1689 2408 patrono
1720 2357 1821 2397 suo,
1844 2341 1906 2390 ad
1937 2340 2193 2390 ministeria
2222 2356 2356 2390 man·

1348 2405 1554 2470 dataque
1586 2413 1753 2472 praesto
1785 2405 1861 2463 sit,
1888 2405 1964 2454 vel
1995 2414 2122 2454 certe
2156 2405 2357 2454 officium

1348 2469 1599 2518 salutando
1610 2478 1815 2546 praestet,
1832 2470 2122 2537 prestolans,
2139 2473 2273 2519 dmzec
2286 2480 2359 2534 ty-

1345 2545 1513 2649 tzssssz‘zz
1531 2536 2050 2647 ‘istssrffssszttfgk
2078 2536 2145 2583 ω’·
2162 2535 2359 2647 3323}

1348 2663 1445 2711 vim
1466 2662 1605 2712 facile
1626 2662 1813 2712 senties.

1417 2728 1528 2776 163.
1562 2728 1735 2784 Finem,
1772 2727 1899 2781 vitae,
1931 2733 2140 2781 mortem,
2180 2728 2359 2784 artimoe,

1351 2791 1544 2842 homini.
1594 2795 1772 2840 miscuit
1811 2791 1958 2847 caede,
2001 2790 2142 2839 armis
2181 2797 2358 2855 pertur-

1348 2857 1496 2905 bavit.

1417 2922 1525 2970 165.
1554 2921 1663 2970 166.
1695 2920 1916 2969 Annulus
1947 2919 2034 2969 fuit
2059 2920 2182 2969 ultor
2211 2919 2362 2968 cladis

1350 2985 1476 3052 apud
1504 2986 1697 3035 Cannas
1729 2984 1961 3034 Romanis
1996 2984 2175 3042 inlatae,
2199 2992 2359 3049 totque

1349 3050 1646 3105 annulorum,
1670 3048 1899 3098 Romanis
1932 3048 2093 3123 ibique
2126 3048 2360 3112 equitibus

1351 3113 1697 3162 detractorum:
1732 3129 1843 3162 nam
1878 3112 2120 3163 Hannibal
2149 3116 2230 3173 (ut
2258 3113 2360 3162 De·

1349 3179 1635 3234 mostheneS,
1658 3177 1719 3227 de
1740 3194 1833 3242 quo
1853 3194 1898 3226 v.
1917 3176 2042 3227 Plin.
2056 3180 2135 3227 33.
2161 3179 2206 3228 1.
2227 3193 2266 3226 s.
2284 3179 2328 3227 6.

1350 3242 1486 3309 periit
1513 3243 1680 3292 hausto
1710 3258 1907 3299 veneno,
1930 3234 2057 3308 quod
2088 3243 2175 3291 sub
2198 3257 2292 3293 ann
2345 3242 2363 3289 i

1349 3323 1538 3418 {emma
1560 3308 1707 3355 multo
1728 3315 1837 3356 aute.
1868 3315 2183 3372 praeparatum
2213 3306 2361 3354 habe-

1340 3402 1345 3407 *
1385 3380 1449 3420 at.
1470 3389 1515 3419 v.
1537 3370 1639 3421 Liv.
1657 3372 1893 3420 XXXIX.
1914 3374 1993 3420 51.
2014 3379 2062 3419 et
2083 3371 2210 3418 Plut.

1420 3438 1529 3484 166.
1552 3437 1661 3485 167.
1694 3437 1874 3484 Amara
1900 3433 2056 3482 inrisio
2081 3432 2368 3482 Hannibalis

1353 3499 1643 3563 aliorumque
1676 3499 1836 3563 gloriae
1868 3497 2081 3547 militaris
2111 3495 2251 3544 nimis
2279 3512 2363 3546 cn-

1352 3630 1467 3677 306.
1497 3645 1646 3683 saevas,

1357 3694 1465 3741 167.
1499 3700 1554 3740 ut
1589 3691 1863 3747 declamatio,
1895 3689 1942 3738 b.
1964 3706 2006 3740 e.
2041 3698 2364 3755 argumentum

1861 3755 2018 3821 pueris
2047 3754 2096 3803 in
2128 3755 2364 3806 rhetorum

1353 3821 1542 3876 scholis,
1562 3830 1617 3870 ut
1632 3820 1847 3886 fabulam
1860 3821 1989 3885 fieri,
2009 3837 2259 3878 sermonem,
2279 3839 2363 3869 ru-

1354 3903 1516 3934 morem
1545 3892 1593 3933 et
1608 3889 1765 3949 jocum
1786 3902 1883 3934 esse.
1938 3885 2015 3935 cf.
2036 3886 2098 3935 ad
2122 3887 2163 3934 1.
2190 3888 2367 3936 145.oe

1355 3952 1480 4001 VII.
1506 3951 1613 3998 161.
1721 3985 1734 3998 .
1787 3970 1792 3973 Δ

1422 4016 1531 4064 168.
1566 3966 1730 4080 seg-eg
1737 4031 1845 4063 uam
1862 4014 2124 4091 perniciosa
2144 4011 2204 4060 sit
2220 4010 2366 4084 nimia

1350 4080 1517 4144 gloriae
1552 4080 1802 4145 cupiditas,
1828 4089 1970 4129 etiam
2001 4076 2259 4127 Alexandri
2290 4075 2368 4123 M.

1351 4153 1400 4194 et
1418 4162 1463 4193 v.
1483 4144 1751 4192 173-187.
1787 4145 1957 4192 Xerxis
1972 4142 2192 4208 probatur
2207 4153 2365 4197 exem-

1354 4209 1458 4274 plis.
1530 4209 1690 4257 Pellaeo
1705 4210 1888 4271 juveni,
1909 4202 2179 4254 Alexandro
2205 4202 2277 4249 M.
2292 4200 2368 4250 ita

1682 3641 1870 3692 asperas
1907 3634 1955 3676 et
1991 3624 2098 3675 nive
2134 3625 2365 3691 obpletas.

276 4268 524 4328 Romanis,
542 4274 598 4333 ‚in
622 4272 831 4320 ¹'exsilium
859 4272 1045 4333 proeccps
1067 4272 1137 4335 fu
1171 4275 1223 4327 it,
1246 4279 1295 4320 et
1343 4272 1480 4323 dicto
1500 4288 1528 4321 a
1549 4272 1692 4327 Pena,
1711 4269 2005 4320 Macedoniae
2024 4267 2138 4315 urbe
2156 4272 2204 4313 et
2224 4264 2370 4329 regia.

276 4328 480 4400 primum
517 4336 579 4386 ad
612 4335 900 4385 Antiochum
937 4333 1099 4400 Syria,
1155 4334 1292 4385 eind'e

1424 4337 1699 4386 168—170.
1721 4331 2005 4384 Insatiabilis
2023 4338 2071 4379 et
2090 4328 2248 4392 infelix
2269 4329 2369 4393 glo·
