2978 4920
1014 308 1458 371 SATIRA
1516 307 1591 369 V.

346 478 576 564 Pugna
607 478 962 564 Saguntina
985 478 1189 553 fervet
1219 477 1548 541 commissa
1575 476 1812 562 lagena.
1858 526 1861 533 .

346 581 496 665 Ipse
526 577 818 664 capillato
848 578 1152 642 diffusum
1181 578 1438 643 consule
1467 589 1671 664 potat,

345 680 799 766 Calcatamque
827 691 1014 745 tenet*
1028 679 1212 744 bellis
1240 678 1574 744 socialibus
1603 701 1814 756 uvam,

347 779 655 842 Cardiam
684 801 1012 863 nunquam
1029 777 1343 865 ‘cyathum
1373 777 1678 842 missurus
1706 778 1937 842 amico.

346 880 505 941 Cras
531 877 708 943 bibet
738 878 1286 963 Albanisaliquid
1311 877 1391 941 de
1420 876 1741 945 montibus
1770 877 2021 942 eunde.
2082 906 2089 939 ;
2133 882 2139 889 ’

351 979 604 1056 Setinis,
635 980 820 1065 cujus
846 978 1119 1065 patriam
1148 978 1543 1063 titulumque
1569 990 1855 1047 senectus

349 1078 604 1143 Delevit
632 1079 837 1147 multa
864 1080 1094 1149 veteris
1122 1078 1366 1164 fulgine
1395 1091 1615 1143 testae.

352 1184 554 1261 Quale
581 1184 862 1248 'coronati
895 1185 1182 1250 Thrasea
1210 1182 1679 1269 Helvidiusque
1707 1183 2013 1317 bibebant
2084 1256 2087 1261 ⁵

270 1385 434 1430 fictilia
456 1392 504 1429 et
524 1398 660 1441 para.
661 1384 741 1429 itis
758 1384 994 1442 adposita,
1011 1396 1108 1429 non
1126 1383 1280 1428 domi

270 1463 351 1494 no.
375 1449 442 1495 cf.
464 1463 507 1497 v.
525 1447 606 1494 38.
625 1462 723 1506 seq.
758 1448 1017 1506 Saguntia,
1035 1449 1147 1493 urbs
1162 1448 1278 1492 His·

270 1515 449 1572 paniae,
467 1509 607 1572 cujus
626 1512 768 1570 gleba
790 1519 839 1556 et
860 1512 1048 1570 argilla,
1065 1513 1279 1570 adeoque

272 1591 389 1623 vasa
405 1584 612 1632 terrena,
628 1591 655 1621 a
673 1577 849 1634 quibus
870 1575 973 1633 ipsa
997 1589 1172 1621 nomen
1194 1577 1279 1621 ad·

270 1642 454 1700 cepisse
471 1642 770 1695 credebatur,
784 1653 885 1698 prae
896 1641 1065 1686 ceteris
1080 1640 1121 1683 la
1128 1641 1277 1684 udan-

274 1713 370 1753 tur.
393 1720 441 1751 v.
468 1704 591 1749 Plin.
617 1704 829 1750 XXXV.
855 1703 934 1750 12.
954 1715 996 1750 ε.
1015 1703 1095 1748 46.
1117 1703 1279 1763 ibique

275 1769 517 1816 Hatduin.
675 1808 680 1817 ,

340 1835 419 1880 30.
452 1833 578 1891 Ipse,
595 1839 846 1891 patruum,
869 1832 941 1878 vel
964 1832 1099 1878 dives
1121 1832 1201 1878 ille
1223 1846 1279 1878 ac

275 1899 452 1943 nobilis
483 1898 672 1955 hospes,
706 1910 789 1942 rex
823 1911 867 1941 v.
904 1895 979 1942 14.
1016 1895 1281 1956 Namffipse

276 1963 432 2022 poetis
481 1962 674 2018 dicitur,
717 1961 777 2006 de
831 1973 929 2019 quo
973 1960 1279 2016 potissimum

276 2039 437 2071 sermo
459 2032 549 2071 est.
583 2026 657 2070 Cf.
681 2038 786 2084 sup.
810 2027 878 2070 ad.
893 2025 934 2069 I.
957 2023 1039 2073 62.
1068 2023 1283 2082 diffluum

278 2091 469 2146 vinum,
492 2091 621 2148 quod
645 2104 672 2134 e
694 2089 938 2141 torculari,
962 2088 1038 2133 vel
1060 2089 1186 2141 lacu,
1209 2087 1286 2133 vel

279 2155 421 2200 doliis
444 2156 493 2198 in
518 2155 774 2212 amphoras
806 2158 855 2196 et
886 2154 1028 2197 cados
1060 2151 1287 2205 diffindi,

276 2226 328 2265 et
352 2219 403 2263 in
427 2218 485 2262 iis
501 2218 642 2262 condi
663 2216 861 2269 solebat,
875 2216 1131 2261 corticibus
1148 2217 1288 2260 cado-

277 2296 392 2329 rum
415 2283 538 2343 pice,
563 2283 636 2325 vel
660 2294 811 2340 gypso
833 2288 881 2324 et
904 2275 1011 2325 ce'ra
1042 2280 1212 2332 inlitis,
1236 2286 1291 2324 ut

277 2352 597 2392 veterasceret
611 2353 659 2388 et
676 2346 855 2389 multos
870 2345 1068 2389 demum
1089 2349 1193 2401 post
1207 2356 1290 2387 an·-

276 2423 372 2457 nos
397 2415 710 2468 promeretur.
763 2406 991 2457 Consum
1028 2420 1138 2451 nam
1164 2406 1292 2451 cadis

276 2474 673 2522 inscribebantur
747 2472 944 2516 nomina
1008 2471 1292 2522 Consulum,

279 2539 464 2599 quibus
490 2536 654 2580 vinum
689 2536 1001 2591 condebatur,
1022 2535 1106 2593 qui
1127 2547 1295 2595 eorum

281 2601 452 2649 titulus
467 2606 546 2644 est
570 2607 618 2643 et
639 2603 765 2655 noto,
787 2612 884 2657 qua
906 2600 1060 2657 patria
1083 2605 1295 2656 aetasque

283 2667 387 2713 vini
406 2663 646 2722 designari
661 2664 860 2708 solebat.
880 2662 1057 2707 consule
1067 2662 1294 2721 capillato,

283 2732 502 2785 intonso,
534 2728 747 2787 adeoque
772 2723 880 2787 jam
912 2736 1025 2772 ante
1060 2740 1103 2771 a.
1147 2725 1201 2769 U.
1241 2724 1294 2770 C.

287 2792 400 2840 454.
436 2793 670 2850 diffusum.
706 2789 773 2851 (v.
807 2792 868 2836 ad
892 2790 986 2837 vl.
1010 2789 1140 2845 105.)
1215 2787 1295 2835 31.

284 2862 434 2913 tenet„
451 2864 699 2913 tamquam
720 2855 809 2900 sibi
832 2856 1078 2913 proprium
1102 2851 1295 2906 retinet,

283 2924 423 2968 solus
465 2919 603 2965 bibit.
652 2932 793 2963 uvam
842 2919 1079 2973 calcatam,
1127 2918 1295 2962 vinum

287 2985 563 3039 conditum,
607 2982 728 3030 bellis
781 2981 1035 3038 socialibus,
1083 2988 1298 3040 ternpore

289 3050 406 3096 belli
423 3048 609 3094 socialis
626 3061 663 3091 S.
685 3046 883 3091 Marsici
902 3056 952 3089 et
974 3046 1147 3099 Italici,
1170 3045 1301 3103 quod

289 3116 354 3160 ab
370 3127 414 3159 a.
437 3112 493 3157 U.
510 3111 568 3158 C.
585 3109 783 3157 DCLX.
801 3123 952 3168 usque
969 3111 1028 3154 ad
1048 3108 1297 3154 DCLXII.

294 3179 342 3224 in
368 3177 510 3223 Italia
523 3182 712 3235 gestum
732 3182 818 3221 est.
868 3173 945 3218 Sic
961 3173 1123 3220 cadum
1138 3172 1300 3218 Marsi

290 3254 536 3287 memorem
567 3239 707 3285 duelli
737 3237 860 3284 dixit
895 3237 1070 3284 Horat.
1091 3236 1180 3281 Od.
1204 3237 1300 3282 111.

294 3304 373 3352 14.
402 3304 483 3354 18.
535 3304 629 3358 His
662 3309 826 3348 tamen
852 3302 1011 3347 verbis
1044 3301 1204 3359 simpl.
1229 3302 1298 3345 vi-

293 3382 415 3415 num
439 3369 489 3414 et
507 3367 859 3413 nobilissimum
874 3372 924 3409 et
936 3367 997 3410 ob
1011 3370 1303 3410 vetustatem

291 3433 604 3479 rarissimum
614 3432 912 3490 designatur,
924 3442 1081 3487 neque
1092 3429 1143 3472 in
1160 3427 1218 3472 iis
1230 3441 1304 3472 ar-

294 3498 568 3556 gutandum
590 3496 794 3547 videtur,
817 3494 954 3551 quasi
975 3500 1156 3538 veteres
1174 3491 1303 3544 vina,

295 3563 349 3606 in
373 3560 544 3619 primis
566 3559 743 3613 dulcia,
767 3570 863 3602 non
887 3564 986 3601 tam
1008 3557 1093 3601 diu
1114 3568 1306 3601 conser-

296 3620 415 3669 vare
429 3624 691 3681 potuerint,
709 3628 758 3667 et
778 3635 837 3667 nc
852 3627 989 3679 grata
1001 3621 1197 3679 quidem
1211 3618 1308 3664 illis

297 3690 449 3734 fuerit
482 3688 631 3732 nimia
664 3698 831 3732 eorum
867 3691 1095 3734 vetustas,
1142 3683 1215 3728 cf.
1240 3686 1307 3727 A·

297 3754 439 3801 then.
459 3750 498 3795 Ι.
522 3749 601 3797 24.
626 3750 751 3796 Plin.
773 3748 912 3794 XIV.
929 3748 976 3793 4.
1001 3755 1049 3793 et
1069 3748 1232 3806 Intpp.
1250 3748 1312 3792 ad

301 3817 477 3864 Horat.
494 3813 876 3861 od.1.9.⁷.111.
891 3812 936 3857 8.
956 3811 1031 3863 12.
1049 3811 1125 3857 14.
1141 3810 1221 3857 18.
1233 3810 1313 3858 21.

304 3881 353 3927 1.
376 3893 478 3939 seq.
501 3878 587 3924 lv.
612 3878 690 3932 11.
715 3877 761 3925 1.
807 3878 1142 3923 Memorantur
1165 3875 1311 3920 ctiam

301 3946 432 3991 vina
454 3943 731 3995 vetustiora,
765 3955 810 3987 v.
846 3955 890 3988 c.
926 3940 1220 3999 Opimiana‚
1225 3937 1314 3985 sic

303 4011 436 4055 dicta
468 4009 529 4052 ab
562 4006 773 4064 Opimio,
807 4018 904 4065 quo
936 4006 1132 4049 consule
1164 4004 1233 4064 (a.
1257 4003 1314 4047 U.

304 4065 644 4119 Dcxxxm.
647 4067 668 4131 )
691 4077 885 4129 propter
908 4069 1011 4114 coeli
1033 4065 1316 4128 temperiem

304 4137 529 4195 copiosus
573 4136 668 4183 fuit
705 4146 1049 4206 generosorum
1093 4134 1318 4178 vinorum

306 4206 591 4260 proventus,
614 4212 726 4258 quae
751 4199 826 4242 vel
861 4196 911 4241 in
935 4183 1319 4242 duceniesimum

308 4277 495 4315 annum
519 4270 706 4311 servata
730 4268 860 4307 sunt.
884 4275 932 4308 v.
955 4260 1084 4309 Plin.
1105 4260 1245 4306 XIV.
1270 4258 1317 4304 4.

308 4334 362 4374 et
387 4326 465 4375 14.
486 4328 663 4375 Vellei.
687 4327 760 4375 11.
781 4326 825 4372 7.
850 4326 913 4371 al.
957 4324 1136 4391 Neque
1156 4331 1319 4374 tamen

2197 1079 2340 1140 ...35

1346 1388 1596 1441 propterea
1617 1385 1784 1429 vinum
1804 1384 2115 1443 Opimianum
2134 1383 2183 1428 h.
2201 1384 2232 1428 l.
2252 1384 2346 1443 sig·

1341 1447 1530 1495 nificat-i
1547 1449 1848 1494 crediderim.
1901 1448 1983 1495 32.
2003 1447 2081 1494 Ne
2096 1448 2346 1506 paululum

1337 1512 1540 1569 quidem
1566 1513 1663 1556 vini
1685 1513 1900 1571 generosi
1924 1513 1982 1557 iis
2004 1514 2155 1567 daret,
2173 1513 2348 1570 quibus

1341 1576 1512 1619 vinum
1546 1585 1621 1620 est
1652 1577 1910 1633 medicina,
1929 1582 1980 1621 et
2000 1577 2195 1634 quidem
2227 1576 2349 1621 ami·

1343 1641 1427 1684 cis.
1498 1639 1730 1695 candiae-i,
1753 1659 1784 1686 n
1785 1636 1999 1705 affluam),
2031 1642 2114 1698 qui
2147 1632 2348 1703 nng3a'ae,

1344 1705 1391 1748 h.
1409 1718 1452 1750 e.
1475 1704 1711 1748 stomachi
1737 1706 1979 1751 doloribus
1995 1706 2228 1757 laborant,
2243 1705 2351 1763 qui

1343 1768 1433 1813 bus
1451 1769 1689 1825 angustiae
1706 1769 1974 1828 gignuntur
1992 1769 2197 1827 pectoris
2213 1775 2260 1813 et
2280 1769 2353 1813 in-

1344 1832 1564 1877 modicus
1587 1835 1749 1879 sudor.
1771 1848 1816 1878 v.
1841 1835 1963 1879 Cels.
1990 1834 2039 1879 11
2047 1833 2087 1878 Ι.
2114 1832 2189 1878 19.
2234 1834 2349 1879 ζ’·αῐ

1343 1897 1591 1941 diacorum
1610 1910 1723 1941 vero
1738 1899 1908 1943 morbo
1930 1899 2121 1943 unicam
2144 1908 2281 1955 spem
2302 1896 2353 1942 in

1349 1961 1460 2005 vino
1493 1973 1612 2012 esse,
1646 1969 1847 2006 monent
1870 1961 1994 2007 Plin.
2018 1960 2219 2006 xxm.
2247 1961 2290 2007 I.
2313 1973 2355 2005 s.

1349 2024 1427 2072 25.
1479 2025 1605 2071 Cels.
1627 2026 1660 2071 1.
1683 2026 1717 2071 l.
1739 2032 1787 2070 et
1811 2025 1974 2071 Senec.
2000 2025 2090 2084 Ep.
2117 2024 2192 2070 15.
2227 2020 2356 2084 cys-

1350 2088 1456 2133 thus
1481 2101 1589 2146 pars
1609 2090 1895 2134 duodecima
1917 2090 2127 2135 sextarii.
2206 2116 2213 2121 ·

1416 2151 1497 2198 33.
1527 2153 1703 2213 aliquid
1736 2154 1850 2198 vini.
1895 2153 2129 2201 Albanum
2162 2146 2356 2211 vinum}

1352 2218 1403 2261 in
1427 2230 1544 2275 agro
1576 2227 1622 2261 et
1657 2225 1822 2261 monte
1846 2219 2031 2262 Albano
2056 2218 2356 2275 proveniens,

1355 2281 1460 2328 lene
1482 2294 1539 2325 ac
1565 2281 1722 2332 dulce,
1747 2283 1826 2325 cui
1850 2281 2049 2339 Dionys.
2073 2281 2187 2326 Hai.
2213 2280 2255 2328 I.
2281 2282 2359 2330 12.

1354 2344 1510 2389 solum
1549 2343 1826 2399 Falernum,
1860 2347 1941 2390 sed
1975 2346 2096 2390 Plin.
2129 2345 2276 2389 XIV.
2311 2345 2360 2394 6.

1356 2409 1501 2452 etiam
1520 2406 1737 2452 Setinum
1754 2411 1960 2467 proefert.
1987 2409 2062 2455 Cf.
2078 2409 2204 2453 Plin.
2218 2408 2358 2455 xiv.

1358 2474 1408 2520 2.
1429 2480 1476 2517 et
1502 2473 1766 2517 Mitscherl.
1784 2476 1842 2518 ad
1866 2476 2036 2519 Horat.
2061 2474 2155 2521 Od.
2170 2471 2262 2517 IV.
2284 2473 2362 2522 11.

1360 2536 1408 2583 2.
1439 2534 1643 2580 Setinum
1666 2538 1853 2588 vinum,
1880 2540 1948 2583 sic
1982 2539 2165 2582 dictum
2189 2551 2217 2582 a
2236 2537 2364 2584 Setia

1355 2603 1510 2652 (nunc
1527 2596 1685 2659 Sezze)
1707 2600 1892 2645 colonia
1916 2601 2057 2645 Rom.
2090 2601 2222 2646 haud
2255 2613 2365 2659 pro·

1355 2664 1434 2709 cul
1450 2676 1477 2707 a
1494 2662 1748 2721 paludibus
1765 2664 1999 2711 Pomtinis
2010 2664 2121 2718 sita,
2135 2669 2367 2722 praestan—

1354 2728 1621 2772 tissimum.
1659 2727 1734 2772 cf.
1761 2728 1846 2772 inf.
1870 2728 1934 2773 X.
1957 2726 2035 2774 27.
2063 2728 2183 2773 Plin.
2205 2729 2237 2771 l.
2260 2728 2293 2774 l.
2315 2723 2366 2777 et

1360 2790 1531 2837 XXII.
1557 2790 1603 2837 l.
1623 2792 1684 2836 al.
1750 2790 1782 2836 3
1817 2822 1829 2835 .
1862 2792 2052 2837 Vinum
2088 2792 2369 2851 designatur

1361 2864 1460 2901 tam
1485 2862 1645 2912 vetuS,
1665 2862 1736 2911 ut,
1756 2870 1785 2900 n
1821 2863 1869 2901 ta
1893 2856 2114 2916 tituloque
2127 2863 2366 2906 vetustate

1359 2921 1537 2976 deleto,
1554 2927 1672 2965 aetas
1687 2921 1729 2978 ej
1736 2933 1793 2965 us
1809 2930 1858 2966 et
1874 2934 2052 2978 annuS,
2066 2934 2163 2979 quo
2177 2922 2238 2966 sit
2255 2934 2371 2968 con·

1361 2985 1536 3041 ditum,
1572 2997 1666 3028 non
1708 2986 1916 3043 amplius
1948 2986 2174 3043 cognosci
2206 2995 2366 3045 queat.

1363 3049 1463 3099 (Cf.
1485 3051 1546 3094 ad
1569 3061 1618 3093 V.
1642 3048 1743 3104 30.)
1808 3049 1887 3109 35.
1922 3053 2070 3107 testae,
2102 3050 2230 3108 cadi,
2264 3064 2345 3097 am

1363 3113 1545 3172 phorae.
1575 3111 1803 3172 solignac,
1837 3127 2031 3159 mucore
2062 3121 2111 3159 et
2144 3114 2258 3168 situ,
2289 3129 2371 3162 ve·

1365 3183 1546 3221 tustate
1585 3177 1797 3223 inducto.
1861 3177 1941 3224 36.
1972 3177 2053 3224 37.
2090 3178 2374 3225 Dulcissimi

1367 3252 1550 3294 versus,
1569 3240 1652 3299 qui
1674 3254 1923 3287 summum
1943 3242 2172 3287 libertatis
2191 3245 2377 3289 deside-
2420 3266 2425 3270 ·

1363 3303 1494 3350 rium
1508 3305 1770 3364 odiumque
1782 3306 2048 3365 tyrannidis
2062 3307 2262 3363 spirant,
2278 3321 2376 3365 quo

1366 3368 1528 3426 ipsum
1561 3375 1752 3427 poetam
1792 3370 2018 3414 inbutum
2058 3370 2210 3415 fuisse
2242 3372 2374 3416 haud

1368 3432 1568 3476 obscure
1607 3433 1906 3491 intelligitur.
1974 3432 2053 3477 Ita
2083 3434 2262 3489 passim
2296 3436 2380 3479 ob-

1361 3497 1513 3540 culta
1537 3496 1779 3540 erectioris
1817 3496 1969 3540 animi
2001 3496 2177 3542 indicia
2210 3499 2380 3555 depre-

1368 3559 1669 3617 henduntur,
1693 3573 1822 3617 quae,
1843 3572 1941 3617 quo
1962 3560 2118 3618 magis
2139 3562 2381 3620 inprovisa

1372 3628 1506 3673 sunt,
1531 3636 1588 3667 eo
1610 3623 1782 3668 fortius
1804 3623 1985 3668 feriunt
2007 3624 2235 3680 lectoresg
2274 3640 2319 3670 v.
2336 3642 2381 3673 o.

1375 3685 1647 3732 1.17..1v.
1676 3685 1785 3733 150.
1813 3700 1910 3745 seq.
1932 3687 2076 3736 VIII.
2098 3689 2206 3735 260.
2231 3690 2384 3739 XIV.
2450 3709 2456 3712 ·

1374 3749 1454 3795 41.
1478 3763 1577 3809 seq.
1605 3749 1717 3797 254.
1737 3764 1836 3810 seq.
1894 3751 2038 3806 Quale
2059 3754 2252 3812 vinum,
2281 3756 2384 3801 scil.

1376 3815 1848 3873 praestantissimum,
1861 3818 2284 3865 adcommodatum
2300 3822 2385 3866 lae-

1376 3879 1517 3933 titiae,
1564 3891 1657 3938 qua
1694 3881 1982 3926 memoriam
2024 3880 2290 3929 Brutorum
2337 3891 2388 3931 et

1379 3942 1547 3996 Cassii,
1637 3943 1988 4009 quemnam-eim»,
2068 3949 2389 3995 celebrabant.

1387 4005 1590 4053 Thrasea
1605 4010 1766 4054 Paetus
1783 4018 1830 4054 et
1843 4024 1989 4069 gener
2003 4005 2126 4070 ejus,
2140 4010 2391 4057 Helvidius

1383 4071 1589 4126 Priscus,
1635 4076 1906 4120 veneranda
1954 4076 2048 4118 illis
2093 4077 2389 4131 temporibus

1383 4136 1595 4192 virtutis,
1617 4139 1882 4197 gravitatis,
1899 4138 2183 4183 constantiae
2205 4139 2393 4196 liberio·

1382 4200 1545 4258 risque
1579 4202 1729 4246 animi
1768 4203 2011 4260 exempla,
2041 4202 2296 4246 notissima
2332 4217 2393 4248 ex

1383 4262 1575 4320 Tacito,
1593 4265 1788 4310 Sueten.
1808 4275 1854 4310 et
1877 4266 2002 4311 aliis.
2033 4266 2389 4320 Βιαιονωη,1).

1386 4333 1435 4372 et
1468 4328 1538 4374 M.
1572 4328 1880 4392 Brutorum,
1873 4328 1976 4387 qui
2007 4340 2118 4373 cum
2156 4328 2215 4371 C.
2237 4326 2392 4377 Cassio

1483 4391 1604 4450 ΝΞ
