2978 4920
1063 313 1504 380 SATIRA
1569 305 1768 377 VIII.

459 502 784 587 Tempora
815 499 1151 564 Santonico
1180 499 1347 562 velas
1375 497 1681 585 adoperta
1707 494 2006 562 cucullo?

2335 313 2460 375 215

2335 497 2460 559 145

453 603 702 667 Praeter
730 602 1042 687 majorum
1071 600 1308 663 cineres
1335 610 1532 684 atque
1560 620 1701 661 ossa
1727 590 1971 662 volucri

456 705 778 789 Carpento
803 702 1054 788 rapitur
1082 701 1340 788 pinguis
1370 698 1825 786 DamasippuS,
1856 711 1918 763 et
1951 699 2106 785 ipse,

431 804 607 890 'Ipse
636 816 842 868 rotam
871 802 1208 889 adstringit
1241 801 1445 866 multo
1474 799 1847 865 subflamine
1880 799 2154 864 Consul:

453 904 661 969 Nocte
691 903 990 990 quidem;
1038 902 1149 967 sed
1179 902 1332 966 luna
1359 900 1560 992 videt,
1593 900 1704 965 sed
1733 900 1938 964 sidera
1964 912 2157 965 testes

457 1003 810 1068 Intendunt
841 1002 1074 1067 oculos
1166 1003 1456 1067 Finitum
1484 1014 1738 1087 tempus
1767 1001 2020 1066 honoris
2068 1055 2071 1060 .

2332 1003 2459 1065 150

454 1106 668 1181 Quum
698 1103 916 1180 fuerit,
948 1102 1115 1167 clara
1145 1102 1577 1187 Damasippus
1606 1101 1746 1165 luce
1775 1088 2096 1188 flagellum

456 1206 699 1282 Sumet‚
731 1216 795 1269 et
824 1205 1164 1269 obcursum
1193 1225 1526 1289 nunquam
1556 1189 1903 1290 trepidabit
1932 1203 2114 1267 amici

454 1307 499 1374 J
503 1329 604 1369 am
636 1306 820 1384 seniS,
852 1329 924 1369 ac
955 1305 1137 1391 virga
1165 1303 1339 1392 prior
1368 1303 1631 1382 adnuet,
1663 1318 1858 1390 atque
1887 1305 2194 1390 maniplos

457 1407 694 1486 Solvet,
727 1421 792 1472 et
821 1407 1117 1473 infundet
1139 1406 1449 1493 jumentis
1476 1406 1717 1470 hordea
1746 1406 1940 1470 lassiS.

456 1512 712 1576 Interea
738 1512 895 1594 dum
925 1511 1169 1575 lanatas
1197 1511 1586 1596 torvumque
1606 1512 1954 1596 juvencum

2331 1513 2457 1576 155

453 1610 641 1675 More
672 1614 735 1676 N
740 1635 906 1677 umae
934 1612 1120 1677 caedit
1154 1615 1199 1676 J
1202 1611 1339 1676 o'vis
1368 1625 1515 1676 ante
1544 1611 1789 1690 altaria,
1811 1612 1991 1698 jurat
2198 1697 2203 1700 -

454 1712 660 1776 Solam
693 1715 986 1801 Eponam
1016 1725 1079 1777 et
1108 1713 1301 1777 facies
1328 1711 1500 1776 olida
1526 1711 1611 1776 ad
1637 1711 1948 1799 praesepia
1977 1714 2198 1799 pictas.
2256 1755 2267 1772 .

453 1814 580 1878 Sed
610 1838 813 1901 quum
843 1815 1177 1902 pervigiles
1207 1815 1413 1902 placet
1442 1816 1795 1880 instaurare
1823 1817 2128 1902 popinas;

364 2016 613 2076 amphalem
641 2020 854 2079 parentis,
879 2026 933 2065 ut
962 2033 1067 2084 sup.
1090 2033 1134 2064 v.
1163 2019 1241 2065 11.
1273 2027 1378 2066 αηιε

1440 2033 1603 2066 earum
1640 2032 1826 2066 cursum
1866 2015 1987 2066 sistit
2003 2036 2016 2077 ;
2063 2017 2189 2066 unde
2226 2019 2319 2066 litis
2348 2020 2450 2066 sub-

367 2078 677 2129 Numautinos.
765 2084 872 2129 145.
905 2085 1019 2130 velas
1054 2085 1262 2143 adoperta
1294 2100 1376 2129 cu·
1426 2084 1620 2145 flumen,
1643 2097 1773 2131 mora
1790 2081 1891 2145 ejus
1922 2091 1970 2130 et
1995 2079 2174 2139 dilatio,
2196 2082 2279 2130 inf.
2303 2082 2450 2132 xvl.

363 2145 498 2200 culto,
523 2153 575 2194 ut
595 2162 698 2211 sup.
716 2146 811 2193 VI.
836 2148 943 2193 118.
995 2145 1168 2203 Quoad
1189 2159 1375 2193 sensum

364 2207 426 2255 cs.
443 2210 609 2257 Horat.
628 2211 729 2257 Sat.
753 2210 824 2257 ΙΙ.
849 2210 895 2257 7.
916 2213 995 2259 55.
1018 2225 1114 2273 seq.
1135 2208 1262 2256 Plin.
1285 2211 1374 2273 Ep.

364 2271 468 2320 ΙΙΙ.
497 2275 572 2320 12.
594 2281 641 2321 et
674 2274 882 2337 Proper-t.
908 2274 977 2320 11.
1000 2274 1078 2322 29.
1102 2274 1181 2320 21.
1216 2272 1297 2320 ubi
1331 2289 1373 2320 v.

363 2336 516 2401 Vulp.
548 2338 797 2392 Santonico,
821 2336 1025 2390 Gallico,
1047 2336 1192 2402 epith.
1214 2351 1313 2383 orn.
1346 2352 1376 2385 a

363 2400 668 2457 Santonibus,
714 2402 889 2467 populo
931 2400 1217 2465 Aquitanico
1255 2400 1377 2449 inter

363 2463 572 2527 Ligerim
629 2473 678 2514 et
743 2468 1052 2522 Garumnam,
1107 2466 1189 2515 ubi
1253 2481 1376 2514 nunc

360 2529 619 2595 Saintonge.
643 2530 721 2579 Cf.
742 2531 804 2578 ad
826 2531 966 2579 XVI.
997 2532 1070 2579 13.
1096 2530 1308 2578 Martial.
1331 2531 1374 2578 I.

359 2595 441 2642 53.
464 2597 512 2643 5.
534 2603 583 2644 et
600 2594 721 2660 inpr.
743 2596 885 2644 XIV.
911 2596 1021 2642 126.
1049 2597 1088 2642 1.
1113 2610 1211 2659 seq.

431 2659 540 2708 146.
561 2675 659 2723 seq.
681 2660 832 2708 Poeta
851 2658 1119 2725 perstringit
1135 2674 1284 2708 mores
1303 2661 1374 2708 sui

363 2730 411 2770 et
433 2723 725 2787 potissimum
750 2724 1007 2772 Neroniani
1030 2722 1133 2779 aevi,
1157 2739 1249 2787 quo
1282 2724 1374 2789 pri·

361 2802 513 2837 mores
540 2787 758 2846 civitatis,
781 2796 949 2854 praeter
982 2789 1100 2837 alias
1133 2797 1256 2837 artes
1286 2805 1372 2854 pa-

361 2867 466 2900 rum
508 2853 742 2907 honestas,
790 2863 839 2902 et
889 2853 1100 2918 inprimis
1141 2852 1369 2911 scenicas,

359 2916 504 2965 etiam
558 2918 892 2980 aurigationem
943 2917 1238 2973 exercebant,
1289 2934 1370 2965 ex-

359 2980 520 3045 emplo
543 2981 841 3046 Imperatoris
876 2983 1010 3046 eique
1033 2982 1250 3047 placendi
1272 2990 1369 3029 stu-

358 3043 455 3092 dio.
501 3046 680 3093 Proeter
700 3049 915 3108 mqjorum
936 3053 1099 3094 emeres
1113 3055 1245 3109 atque
1265 3063 1371 3100 ossa,

363 3108 531 3233 i1n7lvi)a
567 3109 745 3177 Appia,
783 3109 956 3159 Latina
992 3118 1083 3159 cet.
1123 3111 1195 3175 (v.
1234 3110 1295 3158 ad
1329 3112 1372 3159 1.

429 3238 536 3286 147.
559 3239 872 3301 Damasippus,
891 3239 1048 3288 fictum
1072 3255 1258 3294 nomen,
1280 3256 1373 3303 quo

357 3301 631 3378 designatur
668 3302 738 3352 vir
771 3304 940 3351 nobilis
976 3313 1024 3351 et
1059 3301 1369 3365 διμέτωπος,

358 3366 558 3415 domitor
597 3383 838 3432 equorum,
878 3368 959 3432 qui
1009 3369 1149 3430 vulgo
1191 3369 1372 3417 Graecis

356 3430 614 3495 {namn
637 3433 823 3482 dicitur.
846 3433 919 3497 (v.
942 3433 1003 3481 ad
1025 3433 1065 3480 Ι.
1091 3433 1197 3496 59.)
1264 3433 1373 3481 Fuit

358 3502 411 3542 et
430 3511 687 3560 cognomen
706 3498 900 3546 Liciniae
921 3497 1090 3562 gentis,
1113 3506 1161 3545 et
1188 3496 1372 3544 notissi-

358 3559 429 3606 mi
455 3562 687 3617 Praetoris‚
711 3565 784 3626 (v.
804 3561 975 3610 Vellei.
1000 3562 1071 3609 11.
1092 3561 1173 3609 26.
1197 3573 1245 3609 et
1268 3561 1371 3610 Cic.

359 3623 425 3671 ad
449 3625 561 3672 Div.
586 3626 676 3674 IX.
698 3627 807 3687 21.)
830 3641 1010 3674 necnon
1031 3625 1148 3689 ejus,
1172 3625 1253 3689 qui
1275 3633 1370 3673 sta-

359 3695 469 3736 tuas
492 3691 696 3745 amabat,
720 3691 779 3738 de
801 3707 893 3755 quo
916 3709 959 3738 v.
986 3691 1151 3738 Horat.
1175 3692 1273 3738 Sat.
1299 3691 1371 3738 II.

356 3753 407 3801 3.
431 3762 479 3801 et
494 3754 595 3802 Cic.
618 3754 680 3802 ad
693 3754 796 3803 Att.
820 3756 940 3803 XII.
961 3757 1043 3805 29.
1064 3756 1144 3803 33.
1189 3755 1248 3803 In
1266 3754 1372 3818 qui·

358 3817 562 3865 busdam
585 3819 695 3868 edd.
717 3819 885 3883 legitur
912 3819 1178 3874 Lateranus,
1199 3835 1256 3867 ex
1276 3835 1372 3883 qua

359 3882 543 3931 familia
564 3883 847 3932 clarissimus
879 3883 968 3932 fuit
993 3884 1211 3932 Plautius
1229 3885 1369 3933 Late-

356 3961 521 4002 ranus,
536 3946 809 3996 Messalinae
823 3948 1006 3996 adulter
1017 3956 1064 3997 et
1076 3950 1185 3998 Cos.
1197 3949 1294 3996 des.
1307 3949 1371 3996 A.

358 4011 427 4062 U.
449 4014 558 4060 819.
594 4028 686 4076 quo
708 4012 759 4060 in
781 4014 1017 4061 Neronem
1046 4013 1307 4077 conjuravit
1326 4020 1374 4061 et

356 4076 545 4125 occisus
575 4084 663 4124 est.
698 4094 744 4126 v.
765 4078 881 4125 Tac.
905 4077 1033 4125 Arm.
1056 4079 1147 4125 XI.
1180 4079 1260 4126 30.
1293 4078 1373 4126 36.

357 4141 512 4188 ΧΙΙῙ.
536 4142 610 4188 11.
637 4142 749 4189 XV.
770 4143 848 4190 49.
867 4143 947 4190 60.
966 4150 1014 4190 et
1031 4141 1118 4190 inf.
1133 4141 1193 4190 ad
1214 4144 1272 4190 X.
1299 4143 1376 4189 17.

346 4203 468 4252 Vox
502 4208 591 4266 ipse
625 4203 759 4259 δωὸς
798 4206 1033 4270 repetitur.
1116 4208 1224 4254 148.
1264 4207 1375 4253 Sub-

339 4269 539 4332 flamm,
575 4268 847 4337 τρεχπίδη,
871 4270 1048 4333 lignum
1084 4271 1156 4319 vel
1188 4270 1376 4327 semum,

351 4333 506 4401 quod,
550 4350 633 4401 per
675 4336 830 4385 radios
870 4344 1074 4385 rotarum
1115 4334 1378 4399 trajectum,

1509 2210 1619 2257 149.
1662 2211 1771 2259 150.
1823 2212 1942 2257 Tam
1987 2210 2255 2260 inhonestas
2309 2220 2447 2268 artes,

1439 2288 1549 2335 quae
1572 2288 1631 2320 ne
1651 2273 1773 2320 clam
1794 2274 1983 2336 quidem
2006 2283 2053 2321 et
2082 2284 2219 2324 nocte
2251 2277 2450 2325 obscura

1439 2336 1710 2384 exercendae
1740 2345 1864 2393 sunt,
1888 2353 1910 2383 s
1943 2338 2159 2386 lendente
2180 2340 2295 2388 luna
2312 2340 2449 2388 sacti-

1441 2407 1540 2447 tare
1572 2416 1677 2448 eum
1714 2416 1806 2448 non
1837 2417 1902 2467 pu
1938 2409 2000 2449 et.
2032 2402 2093 2450 cf.
2126 2403 2188 2450 ad
2221 2404 2312 2452 VI.
2335 2407 2449 2453 311.

1441 2474 1609 2526 tempus
1638 2467 1822 2521 honoris,
1855 2467 2151 2525 consulatus3
2185 2483 2290 2531 quae
2323 2483 2451 2516 sum-

1440 2544 1520 2576 ma
1556 2528 1604 2578 di
1671 2529 1758 2577 'tas
1789 2531 2010 2595 pudorem
2052 2531 2139 2595 ipsi
2176 2531 2450 2581 incutiebat.

1444 2593 1552 2642 152.
1616 2596 1817 2654 repidare
1837 2595 2109 2642 Graecorum
2138 2611 2264 2642 more
2284 2606 2450 2658 quarto

1437 2657 1569 2725 casui
1610 2658 1749 2706 etiam
1781 2657 1993 2722 jungitur
2036 2658 2122 2706 inf.
2165 2659 2228 2705 X.
2270 2661 2351 2708 21.
2396 2669 2449 2709 ut

1439 2730 1638 2779 tremere,
1668 2724 1843 2771 horrere
1872 2731 1920 2771 et
1953 2723 2016 2771 al.
2047 2724 2181 2770 amici
2197 2725 2301 2784 jum
2322 2728 2449 2780 senis,

1437 2794 1577 2835 aetate
1631 2787 1897 2851 meritisque
1956 2786 2250 2838 venerabilis.
2340 2791 2447 2837 153.

1442 2851 1581 2917 Virga
1617 2855 1828 2908 adnuere,
1868 2851 2055 2915 flagello
2094 2850 2277 2915 signnm
2318 2852 2448 2910 dare,

1437 2916 1518 2980 (ut
1536 2933 1638 2982 sup.
1663 2918 1764 2964 ΙΙΙ.
1784 2916 1923 2978 318.)
1949 2924 1996 2965 et
2027 2915 2216 2980 quidem
2237 2917 2287 2964 h.
2310 2918 2342 2964 1.
2364 2918 2450 2966 ho-

1435 2981 1559 3029 noris
1608 2997 1663 3029 ac
1717 2980 2003 3035 reverentiae,
2048 2982 2097 3028 h.
2141 2997 2182 3029 e.
2226 2982 2448 3033 salutare.

1434 3047 1702 3106 manipuws,
1725 3045 1970 3094 fasciculos
1990 3045 2120 3092 foeni.
2195 3048 2300 3095 154.
2325 3047 2446 3095 Hm·-

1436 3113 1584 3165 deum,
1609 3126 1703 3158 non
1725 3125 1890 3167 avena,
1916 3110 2051 3158 Italis
2073 3111 2204 3174 equis
2226 3110 2445 3169 dabatur,

1437 3183 1485 3286 <eit
1506 3174 1652 3240 equiti
1674 3176 1817 3223 Rom.
1839 3177 2117 3223 hordearium
2136 3192 2192 3223 ets
2224 3192 2307 3241 pro
2341 3176 2446 3224 hor·

1470 3254 1542 3287 eo.

1505 3305 1614 3353 156.
1640 3306 1813 3352 laniatus
1832 3321 1960 3353 oves.
1989 3314 2159 3352 torvum
2181 3304 2324 3369 epith.
2346 3318 2446 3354 orn.

1435 3378 1803 3434 perpetuumque
1832 3371 1992 3417 bourn.
2075 3370 2182 3416 156.
2213 3371 2363 3417 eaedit.
2398 3371 2449 3419 in

1436 3433 1731 3481 abdicatione
1765 3433 2078 3498 magistratus·
2118 3450 2234 3480 more
2270 3432 2448 3490 Numer,

1436 3509 1530 3544 non
1570 3497 1710 3560 regiO,
1750 3497 1833 3545 sed
1871 3498 2031 3561 palam
2069 3503 2116 3543 et
2149 3497 2303 3560 prisco
2339 3497 2448 3556 ritu,

1435 3575 1531 3623 prae
1565 3576 1614 3608 se
1646 3560 1798 3608 serens
1822 3561 2024 3625 speciem
2056 3560 2272 3623 religiosi,
2297 3562 2451 3625 qualis

1438 3625 1603 3673 Numa
1638 3623 1742 3673 suit.
1792 3628 1929 3684 jurat
1969 3624 2112 3671 clam.
2179 3626 2287 3674 157.
2309 3630 2448 3689 jurat

1435 3705 1520 3753 per
1544 3689 1760 3750 Eponam,
1791 3698 1842 3736 ut
1861 3687 2015 3751 ἴμνυμι
2038 3688 2134 3742 τοὺς
2157 3690 2300 3743 θεούς.
2334 3693 2450 3753 Epo-

1435 3772 1513 3809 na,
1537 3752 1628 3802 dea
1651 3754 1923 3809 mulionum,
1947 3754 2020 3801 vel
2073 3770 2148 3802 uae
2172 3755 2314 3809 asinis
2332 3773 2448 3822 prai-

1436 3817 1538 3873 fuit,
1560 3818 1716 3883 (dicta
1732 3818 1792 3867 ab
1813 3819 1886 3868 iv>
1907 3825 1954 3866 et
1973 3770 2083 3876 ἔνοὲ)
2103 3827 2156 3866 ut
2173 3822 2309 3885 equis
2333 3822 2450 3882 Hip-

1421 3900 1549 3944 ‘pona
1572 3884 1647 3932 vel
1671 3883 1835 3945 Hippo.
1902 3884 1962 3932 In
1995 3883 2153 3932 multis
2185 3901 2370 3949 quoque
2394 3885 2450 3934 li-

1436 3947 1531 3994 bris
1568 3946 1616 3996 h.
1654 3948 1688 3996 l.
1731 3965 1823 3996 non
1854 3950 1979 3997 male
2008 3949 2178 4012 legitur
2212 3951 2362 4009 Hippo
2401 3958 2449 3997 et

1439 4012 1704 4074 Hipponem.
1772 4014 2010 4062 Posterius
2048 4021 2273 4078 respuunt
2315 4013 2449 4061 metri

1437 4076 1568 4142 leges
1586 4096 1598 4137 ;
1633 4076 1759 4127 unde
1781 4077 1973 4142 qnidam
1993 4077 2231 4141 ejecerunt
2252 4075 2448 4133 alterum

1421 4150 1484 4202 'p‚
1512 4141 1592 4189 alii
1625 4158 1733 4192 vero
1766 4158 1868 4191 voc.
1893 4144 2053 4189 Solam.
2119 4142 2151 4188 J
2157 4147 2258 4186 urat
2288 4147 2446 4187 autem

1415 4206 1638 4270 quisque
1669 4222 1751 4272 per
1788 4222 1847 4254 ea
1877 4205 2086 4257 numina.
2121 4202 2449 4266 quaetmaximi

1443 4269 1572 4327 facit,
1597 4280 1644 4318 et
1673 4271 1797 4319 unde
1819 4270 1907 4317 sibi
1927 4271 2256 4339 bonaqsperat.
2296 4286 2299 4289 ¹
2306 4266 2456 4330 facies

1444 4335 1623 4402 Eponae
1643 4342 1690 4387 et
1710 4333 1930 4384 similium
1952 4334 2211 4380 nummum.
2233 4368 2241 4377 ‚
