2978 4920
611 339 697 404 98

1313 335 1977 401 JUVENALIS

700 509 1128 571 Contemnunt
1160 505 1429 570 mediam
1458 505 1788 571 temeraria
1814 506 1947 569 lina
1974 505 2390 593 Charybdim.

698 609 825 671 Vos
846 606 1128 693 anguilla
1151 621 1365 671 manet
1393 608 1600 693 longae
1629 620 1899 693 cognata
1926 607 2230 684 colubrae,

699 710 840 777 Aut
870 708 1068 794 glacie
1100 706 1431 794 adspersus
1460 708 1723 771 maculis
1755 708 2124 785 Tiberinus,
2156 722 2222 773 et
2251 708 2384 794 ipse

700 808 981 873 Vernula
1008 810 1289 895 riparum
1319 808 1577 895 pinguis
1607 821 1884 872 torrente
1919 808 2151 885 cloaca,

2573 810 2702 872 105

701 914 791 977 Et
825 913 1044 976 solitus
1073 912 1296 975 mediae
1327 924 1617 997 cryptam
1648 922 1982 997 penetrare
2016 912 2307 974 Suburae.

792 1013 925 1099 Ipsi
955 1036 1159 1100 pauca
1187 1013 1396 1088 velim,
1427 1012 1674 1076 facilem
1708 1011 1759 1074 si
1789 1011 2068 1097 praebeat
2099 1034 2334 1075 aurem.

706 1115 911 1177 Nemo
939 1115 1123 1201 petit,
1156 1114 1418 1177 modicis
1445 1136 1596 1198 quae
1625 1112 2042 1179 mittebantur
2070 1111 2283 1175 amicis

706 1216 773 1277 A
808 1217 1061 1292 Seneca,
1093 1238 1239 1300 quae
1271 1214 1421 1277 Piso
1447 1214 1679 1290 bonuS‚
1712 1235 1862 1298 quoe
1895 1214 2088 1277 Cotta
2117 1213 2357 1277 solebat

706 1315 959 1399 Largiri
984 1341 1001 1388 3
1047 1337 1322 1400 namque
1353 1326 1418 1378 et
1447 1313 1678 1391 titulis,
1708 1324 1774 1377 et
1803 1312 2082 1376 fascibus
2110 1312 2261 1376 olim

2575 1314 2705 1376 110

706 1417 920 1501 Major
948 1417 1302 1482 habebatur
1332 1415 1610 1479 donandi
1640 1414 1878 1499 gloria:
1927 1413 2129 1476 solum

707 1516 1054 1593 PoscimuS,
1086 1527 1158 1580 ut
1181 1538 1386 1601 coenes
1414 1515 1701 1579 civiliter.
1747 1515 1866 1578 hoc
1895 1514 2053 1592 face,
2084 1527 2152 1578 et
2177 1528 2334 1592 est0,
2409 1574 2423 1590 ,

620 1741 766 1787 etiam
790 1741 966 1799 cadere,
976 1748 1024 1787 et
1041 1747 1207 1786 contra
1219 1755 1410 1800 surgere
1431 1742 1623 1787 dicitur.

573 1845 584 1857 .
624 1805 733 1852 101.
755 1807 805 1850 in
835 1820 1010 1851 carcere
1041 1806 1212 1858 AEolio,
1247 1812 1301 1849 ut
1331 1805 1396 1850 X.
1435 1805 1544 1852 181.
1574 1807 1623 1850 in

618 1876 717 1929 quo
737 1869 904 1916 AEolus
927 1878 1097 1915 ventos
1118 1874 1252 1915 tenet
1284 1870 1508 1915 inclusos.
1537 1871 1628 1915 sic-

621 1941 695 1978 cat
716 1934 925 1980 madidas
947 1948 974 1979 a
996 1933 1176 1992 pluvia.
1229 1933 1261 1979 J
1267 1935 1478 1979 uvenalis
1493 1929 1627 1992 joca-

623 2004 703 2043 tur
725 2006 772 2043 et
807 1999 929 2043 ridet
950 1998 1144 2057 mythos
1167 2005 1417 2055 poetarum
1447 1998 1508 2042 de
1529 2011 1631 2044 car-

624 2070 725 2107 cere
747 2069 795 2106 et
816 2062 903 2106 alis
928 2069 1198 2107 ventorum.

636 2137 641 2143 '
692 2125 800 2171 103.
829 2125 916 2170 Vos
932 2126 1128 2170 clientes
1146 2139 1200 2170 ac
1219 2139 1445 2184 pauperes
1456 2130 1629 2179 monet,

625 2190 758 2235 vobis
769 2190 1054 2245 destinatur,
1071 2197 1338 2234 servaturet
1354 2187 1627 2248 adponitur,

622 2253 832 2313 anguilla
852 2252 1048 2298 colubra.»
1069 2258 1278 2312 cognata,
1295 2254 1464 2298 similis
1481 2268 1495 2305 ς
1520 2267 1629 2312 quae

625 2318 890 2362 similitudo
914 2318 1080 2375 unguis
1112 2318 1258 2361 etiam
1293 2317 1515 2376 anguilla-‚⁹
1549 2331 1631 2362 no-

624 2394 739 2426 men
764 2382 911 2427 dedit.
968 2381 1203 2426 Nonnulli
1226 2388 1416 2438 putant,
1435 2389 1629 2439 poetam

623 2446 760 2505 sequi
799 2447 1044 2506 vulgarem
1086 2445 1358 2503 opinionem
1404 2447 1463 2491 de
1500 2446 1628 2491 coitu

622 2510 838 2570 ang-uilla:
856 2525 967 2555 cum
989 2510 1181 2555 colubris
1199 2512 1249 2557 h.
1271 2524 1312 2555 e.
1331 2510 1630 2570 serpentibus

624 2588 665 2623 s.
694 2577 946 2633 anguibus.
1014 2577 1088 2621 De
1107 2573 1545 2632 muraenis'quidem
1579 2576 1628 2620 id

623 2639 768 2684 tradit
792 2638 920 2685 Plin.
938 2640 1033 2685 IX.
1050 2638 1125 2685 23.
1146 2653 1185 2686 S.
1204 2639 1282 2685 39.
1302 2639 1384 2684 ubi
1404 2652 1448 2683 v.
1466 2639 1630 2697 Intpp.

624 2704 701 2748 De
730 2704 951 2766 anguillis
973 2705 1100 2750 idem
1129 2705 1286 2764 legere
1308 2702 1435 2747 haud
1460 2703 1626 2747 memi-

626 2769 704 2813 ni:
761 2770 820 2814 ad
858 2768 989 2815 idem
1022 2776 1184 2813 tamen
1230 2767 1433 2827 piscium
1476 2779 1630 2824 genus

622 2833 886 2892 pertinent.

691 2895 799 2941 104.
840 2896 1081 2942 Tiberinus
1098 2896 1341 2952 se.tupus,
1365 2894 1528 2952 pisciS,
1551 2892 1634 2939 ad-

622 2970 806 3017 spersus
824 2959 1034 3015 maculis,
1055 2959 1138 3017 qui
1161 2958 1361 3002 minoris
1376 2958 1516 3016 pretii
1538 2965 1627 3013 est,

625 3023 775 3082 <Lupi
807 3025 903 3069 sine
920 3023 1116 3080 macula,
1137 3036 1245 3066 nam
1276 3026 1384 3066 sunt
1414 3025 1457 3065 et
1489 3023 1628 3078 varii,

624 3089 828 3134 nzaaeime
835 3087 1104 3146 probantur,
1118 3086 1307 3131 Colum.
1325 3085 1470 3132 VIII.
1485 3085 1560 3132 16.
1579 3086 1626 3133 8.

624 3154 688 3198 al.
706 3151 802 3211 1X.
828 3152 906 3198 17.
938 3150 1006 3208 8.)
1039 3157 1098 3195 ειςΑ
1120 3157 1348 3209 praeterea
1382 3152 1429 3195 in
1466 3150 1626 3196 cloacis

625 3217 758 3261 urbis
780 3217 1015 3261 inmunda
1035 3227 1142 3259 esca
1163 3220 1345 3272 pastus.
1398 3215 1625 3272 Alioquin

625 3282 755 3327 enim
797 3281 942 3339 lupus
975 3278 1231 3323 Tiberinus
1269 3291 1364 3322 non
1409 3279 1536 3332 vilis,
1573 3283 1629 3324 ut

623 3346 675 3392 h.
701 3347 731 3392 1·.
754 3352 803 3390 et
822 3350 878 3389 ut
913 3343 1112 3388 omnino
1143 3340 1244 3399 lupi
1281 3341 1517 3399 fluviales,
1543 3343 1627 3387 sed

622 3400 870 3457 delicatior
890 3409 1025 3454 cibus
1041 3411 1167 3451 erat:
1204 3407 1270 3457 (v.
1292 3406 1505 3451 Macrob.
1529 3404 1629 3451 Sat.

623 3473 694 3522 11.
720 3474 796 3520 12.
818 3472 1008 3518 Colum.
1032 3470 1179 3515 vm.
1204 3468 1279 3514 16.
1303 3469 1350 3515 4.
1384 3470 1510 3515 Plin.
1536 3471 1629 3516 IX.

622 3539 702 3586 54.
723 3546 771 3585 et
796 3539 964 3583 Horat.
992 3536 1095 3581 Sat.
1116 3534 1184 3580 11.
1202 3534 1247 3581 2.
1269 3533 1350 3580 31.
1372 3532 1497 3596 seq.)
1537 3535 1629 3580 nisi

620 3604 745 3649 forte
779 3602 1074 3659 temporibus
1093 3597 1355 3645 ‘Juvenalis
1394 3612 1488 3644 non
1523 3613 1625 3645 am-

622 3667 749 3726 plius
769 3667 822 3711 in
839 3664 990 3723 pretio
1011 3664 1119 3710 fuit.
1138 3664 1308 3723 glacie,
1328 3664 1527 3722 frigore,
1546 3678 1631 3723 per

623 3732 846 3790 hyemem
863 3743 881 3787 3
917 3728 1006 3773 nisi
1025 3741 1111 3787 pro
1120 3728 1288 3788 glaciei
1305 3728 1515 3786 positum
1534 3736 1624 3783 est,

622 3796 700 3841 vel
722 3794 979 3853 legendum
1003 3794 1151 3837 varie.
1182 3793 1227 3835 et
1248 3793 1345 3850 ipse
1364 3792 1530 3850 lupus,
1549 3762 1626 3839 vel

621 3860 745 3906 alius
764 3856 906 3917 piscis
927 3855 1203 3910 Tiberinus,
1224 3855 1431 3912 vernula,
1458 3870 1624 3901 verna-

621 3925 760 3971 culus
781 3927 829 3966 et
863 3920 1000 3977 quasi
1031 3919 1257 3977 indigena
1287 3918 1521 3978 riparum,
1543 3922 1626 3979 qui

620 3988 747 4034 circa
767 3986 895 4043 ripas
916 3983 1098 4027 haerere
1118 3982 1254 4027 solet.
1324 3982 1455 4028 Hinc
1478 3984 1626 4029 etiam

619 4052 760 4098 vilior
795 4050 919 4096 forte
951 4050 1042 4104 est,
1078 4052 1135 4091 ut
1165 4051 1333 4091 contra
1361 4046 1623 4101 delicatior,

616 4116 701 4176 qui
723 4116 851 4160 intra
872 4117 1043 4169 pontes
1064 4108 1252 4156 Tiberis
1283 4117 1626 4157 commoratur.

617 4196 665 4229 v.
679 4179 852 4226 Horat.
870 4177 905 4222 1.
921 4175 955 4220 1.
978 4178 1175 4220 torrente
1195 4172 1366 4232 cloaca,
1389 4173 1628 4220 confluvio

617 4245 833 4291 sordium
867 4235 993 4301 ejus,
1025 4252 1135 4298 quae
1167 4238 1217 4283 in
1252 4237 1465 4283 Tiberim
1499 4238 1628 4284 defe-

617 4315 807 4355 runtur.
838 4304 932 4350 Vis
954 4305 1104 4364 epith.
1124 4306 1323 4349 torrente
1345 4302 1630 4362 intelligitur

1690 1734 1765 1787 ve'l
1808 1755 1868 1786 ex
1918 1742 2022 1786 loco
2064 1742 2202 1788 class.
2249 1742 2309 1786 de
2352 1741 2528 1787 cloacis
2573 1740 2701 1788 Plin.

1691 1804 1948 1851 XXXVI.
1976 1804 2054 1852 15.

1757 1869 1866 1915 106.
1912 1864 2338 1930 Crypta‚obcu1ta
2378 1868 2598 1935 (neverit)
2645 1883 2702 1915 ac

1691 1934 1999 1978 subterranea
2039 1948 2243 1980 caverna
2276 1932 2530 1988 fornicata,
2571 1935 2622 1980 h.
2660 1948 2705 1982 e.

1693 1997 1872 2043 cloaca.
1922 1998 2013 2042 .De
2037 1998 2217 2043 Subura
2242 2012 2289 2045 v.
2309 2000 2369 2044 ad
2392 1998 2489 2044 111.
2510 1998 2560 2043 5.

1763 2060 1870 2106 107.
1903 2062 2007 2120 1ρεί
2030 2061 2248 2119 Virroni,
2271 2069 2318 2107 et
2340 2063 2421 2122 qui
2452 2064 2496 2108 ei
2520 2063 2707 2113 similes

1696 2130 1808 2168 sunt
1812 2139 1976 2184 ‚pauca
1989 2126 2124 2171 velim
2137 2127 2292 2171 dicere
2297 2125 2511 2188 ,facilem
2524 2128 2705 2186 siprae-

1693 2187 1790 2233 beat
1808 2202 1985 2242 aurem,
2000 2190 2205 2248 benigne
2218 2191 2701 2236 aclibenteraudiatz
2759 2233 2768 2241 ,

1695 2252 1786 2296 nisi
1799 2253 1955 2311 legere
1973 2254 2282 2316 melissae-ilis
2298 2255 2406 2300 coll.
2428 2254 2598 2299 Horat.
2606 2254 2707 2301 Sat.

1696 2316 1737 2361 Ι.
1768 2315 1808 2361 l.
1830 2316 1907 2363 22.
1931 2323 1980 2361 et
1997 2317 2138 2376 Prop.
2163 2317 2234 2364 11.
2258 2317 2335 2364 21.
2362 2319 2440 2366 15.
2481 2318 2575 2365 Sed
2592 2319 2698 2363 vul-

1694 2386 1807 2439 gata
1826 2394 2019 2439 quoque
2042 2382 2183 2427 lectio
2201 2396 2295 2427 non
2315 2383 2600 2441 spernenda.

1761 2443 2029 2494 los—113.
2084 2445 2249 2492 Verba
2300 2453 2478 2506 poetae,
2526 2448 2702 2506 quibus

1694 2509 1947 2556 Virronem
1972 2510 2261 2568 adloquitur.
2302 2509 2452 2557 Nemo
2469 2515 2590 2569 petit
2610 2526 2638 2556 a
2658 2519 2704 2556 te

1693 2574 1826 2632 larga
1841 2588 2062 2630 munera,
2082 2590 2184 2635 quoe
2201 2583 2291 2621 cet.
2312 2576 2477 2621 amicis
2492 2575 2703 2634 modicis,

1697 2644 1751 2682 ut
1781 2653 1810 2683 a
1843 2639 2011 2683 vilibus
2042 2638 2130 2686 inf.
2167 2655 2209 2684 v.
2248 2639 2356 2685 146.
2391 2640 2702 2699 pauperibuS‚

1694 2716 1814 2761 quos
1834 2703 2029 2748 modicos
2038 2705 2242 2761 pecuniae
2260 2701 2515 2762 etoriginiae
2536 2704 2698 2761 adpel-

1694 2765 1762 2810 lat
1783 2767 1898 2812 Tac.
1919 2769 2050 2813 Ann.
2067 2767 2160 2813 111.
2184 2766 2364 2815 72.v1.
2379 2767 2458 2814 39.
2493 2766 2606 2812 109.
2624 2765 2700 2812 Se-

1693 2842 1804 2875 neca
1826 2828 2049 2875 similiter
2066 2845 2181 2877 cum
2203 2832 2371 2878 Pisone
2392 2833 2518 2876 inter
2537 2844 2702 2876 exem-

1694 2892 1774 2951 pla
1808 2894 2107 2941 liberalitatis
2141 2896 2367 2941 laudatur
2407 2909 2439 2941 a
2479 2893 2703 2940 Martiale

1695 2955 1817 3002 XII.
1841 2955 1921 3004 36.
1942 2957 1990 3004 8.
2036 2960 2147 3004 Piso
2162 2959 2285 3005 forte
2307 2960 2361 3005 C.
2384 2960 2513 3017 Ρίεο,
2535 2965 2704 3005 auctor

1693 3018 2033 3082 conjurationis
2076 3024 2125 3068 in
2165 3023 2426 3078 Neronem,
2460 3026 2521 3072 de
2565 3019 2703 3083 cujus

1692 3084 1974 3130 liberalitate
2016 3088 2217 3147 aliisque
2251 3088 2473 3134 laudibus
2492 3102 2552 3148 Ν.
2585 3086 2702 3131 Tac.

1688 3148 1816 3195 Ann.
1839 3149 1950 3196 XV·
1973 3149 2056 3198 48.
2079 3159 2127 3198 et
2151 3153 2327 3211 Paneg.
2349 3154 2412 3198 ad
2433 3151 2600 3197 Pison.
2624 3154 2651 3195 l>
2665 3150 2705 3195 i·

1694 3215 1817 3259 versi
1839 3216 1900 3259 ab
1932 3228 1989 3260 eo
2009 3217 2125 3261 Piso
2158 3216 2307 3275 Frugi
2338 3213 2640 3268 Licinianus,
2675 3229 2704 3261 a

1693 3278 1845 3324 Galba
1867 3275 1996 3338 Imp.
2019 3281 2273 3339 adoptatus
2296 3286 2343 3325 et
2360 3294 2473 3325 cum
2496 3294 2556 3324 eo
2577 3280 2703 3325 occi-

1692 3355 1794 3397 suS,
1820 3348 1869 3387 et
1892 3341 1948 3387 L.
1973 3343 2257 3403 Calpurnius
2281 3344 2413 3397 Piso,
2435 3345 2622 3389 Consul
2655 3358 2700 3391 a.

1694 3405 1753 3453 U.
1779 3405 1889 3451 810.
1928 3407 2004 3453 Cf.
2027 3409 2225 3453 omnino
2261 3408 2546 3453 Wernsdorf
2567 3410 2701 3454 Poet.

1692 3469 1800 3515 Lat.
1827 3471 1948 3516 Min.
1970 3472 2028 3518 T.
2045 3471 2131 3520 lv
2149 3486 2193 3532 p·
2215 3472 2293 3519 36.
2314 3485 2444 3530 seqq.
2467 3472 2629 3529 borne,
2644 3472 2701 3517 li

1691 3536 1892 3587 baalis,
1934 3538 2009 3581 vel
2030 3538 2181 3602 dives,
2202 3537 2381 3590 lautus,
2402 3536 2701 3595 splendidus,

1692 3598 1778 3644 Gr.
1833 3596 2009 3655 ὶιθλος,
2069 3599 2161 3646 nisi
2214 3613 2480 3659 cognomen
2515 3600 2701 3667 potius

1691 3663 1880 3724 Frugi,
1911 3665 2162 3710 Pisonibus
2192 3663 2450 3718 familiare,
2485 3656 2699 3723 respexit

1689 3734 1849 3803 poeta.
1913 3727 2048 3774 Cotta
2080 3743 2140 3774 ex
2171 3735 2316 3788 gente
2335 3728 2552 3780 Aurelia,
2575 3729 2697 3790 forte

1689 3793 1750 3847 is,
1771 3789 1912 3853 cujus
1932 3793 2228 3841 mentionem
2263 3793 2380 3837 facit
2412 3790 2528 3837 Tac.
2564 3793 2696 3838 Anu.

1691 3855 1841 3901 xm.
1864 3854 1943 3902 34.
1972 3856 2045 3902 cf.
2079 3857 2158 3902 inf
2183 3858 2245 3901 ad
2278 3854 2402 3903 VII.
2433 3849 2517 3900 05.
2588 3852 2699 3903 110.

1692 3919 1957 3966 Gloriosius
1988 3922 2105 3967 olim
2139 3922 2417 3979 putabatur,
2438 3915 2697 3964 liberalita-

1692 3990 1790 4029 tem
1813 3998 2045 4039 exercere,
2068 3998 2213 4044 quam
2231 3983 2397 4039 titulis,
2416 3984 2697 4046 honoribus,

1688 4045 1959 4106 elsam-ibus,
1974 4048 2181 4094 summis
2195 4041 2693 4106 magistratibus,con·

1690 4111 1850 4159 sulatu
1871 4119 1920 4157 et
1934 4118 2161 4171 praetura,
2184 4111 2343 4171 fungi.
2661 4147 2671 4154 .

1759 4174 1866 4221 112.
1897 4175 2112 4230 civiliter,
2150 4188 2285 4223 more
2316 4174 2520 4232 civium,
2559 4180 2610 4219 et
2642 4181 2697 4220 ut

1690 4238 1829 4283 decet
1849 4238 2023 4294 civem,
2041 4254 2125 4299 qui
2139 4240 2258 4285 ahos
2278 4253 2375 4286 non
2406 4228 2700 4308 contemnit,

1691 4302 1799 4348 vel
1786 4299 1960 4363 injuria
1978 4305 2159 4362 adficit,
2182 4303 2273 4350 nec
2289 4304 2381 4349 sibi
2411 4303 2529 4363 quid
2553 4296 2692 4348 a'dro·
