<?xml version="1.0" encoding="UTF-8"?>
<!DOCTYPE html PUBLIC "-//W3C//DTD XHTML 1.0 Transitional//EN"
    "http://www.w3.org/TR/xhtml1/DTD/xhtml1-transitional.dtd">
<html xmlns="http://www.w3.org/1999/xhtml" xml:lang="en" lang="en">
 <head>
  <title>
</title>
<meta http-equiv="Content-Type" content="text/html;charset=utf-8" />
  <meta name='ocr-system' content='tesseract 3.04.00' />
  <meta name='ocr-capabilities' content='ocr_page ocr_carea ocr_par ocr_line ocrx_word'/>
</head>
<body>
  <div class='ocr_page' id='page_1' title='image "./satiraexviadopt00juvegoog/satiraexviadopt00juvegoog_0206.png"; bbox 0 0 2978 4920; ppageno 0'>
   <div class='ocr_carea' id='block_1_1' title="bbox 1019 302 1642 383">
    <p class='ocr_par' dir='ltr' id='par_1_1' title="bbox 1019 302 1642 383">
     <span class='ocr_line' id='line_1_1' title="bbox 1019 302 1642 383; baseline -0.002 -1"><span class='ocrx_word' id='word_1_1' title='bbox 1019 302 1462 382; x_wconf 62' lang='lat' dir='ltr'>&#39;sA&#39;rlnA</span> <span class='ocrx_word' id='word_1_2' title='bbox 1522 320 1642 383; x_wconf 81' lang='lat' dir='ltr'>vl.</span> 
     </span>
    </p>
   </div>
   <div class='ocr_carea' id='block_1_2' title="bbox 2250 320 2375 386">
    <p class='ocr_par' dir='ltr' id='par_1_2' title="bbox 2250 320 2375 386">
     <span class='ocr_line' id='line_1_2' title="bbox 2250 320 2375 386; baseline 0.016 -2"><span class='ocrx_word' id='word_1_3' title='bbox 2250 320 2375 386; x_wconf 78' lang='lat'>151·</span> 
     </span>
    </p>
   </div>
   <div class='ocr_carea' id='block_1_3' title="bbox 373 488 1943 678">
    <p class='ocr_par' dir='ltr' id='par_1_3' title="bbox 373 488 1943 678">
     <span class='ocr_line' id='line_1_3' title="bbox 373 488 1863 576; baseline -0.002 -21"><span class='ocrx_word' id='word_1_4' title='bbox 373 494 554 563; x_wconf 13' lang='lat' dir='ltr'>*Pane</span> <span class='ocrx_word' id='word_1_5' title='bbox 586 502 786 556; x_wconf 90' lang='lat' dir='ltr'>tumet</span> <span class='ocrx_word' id='word_1_6' title='bbox 817 490 1028 568; x_wconf 84' lang='lat' dir='ltr'>facies,</span> <span class='ocrx_word' id='word_1_7' title='bbox 1060 502 1172 554; x_wconf 90' lang='lat' dir='ltr'>aut</span> <span class='ocrx_word' id='word_1_8' title='bbox 1203 490 1469 575; x_wconf 84' lang='lat' dir='ltr'>pinguia</span> <span class='ocrx_word' id='word_1_9' title='bbox 1499 488 1863 576; x_wconf 81' lang='lat' dir='ltr'>Poppaeana</span> 
     </span>
     <span class='ocr_line' id='line_1_4' title="bbox 384 588 1943 678; baseline -0.003 -23"><span class='ocrx_word' id='word_1_10' title='bbox 384 592 621 678; x_wconf 86' lang='lat' dir='ltr'><strong>Spirat,</strong></span> <span class='ocrx_word' id='word_1_11' title='bbox 652 604 714 655; x_wconf 89' lang='lat' dir='ltr'>et</span> <span class='ocrx_word' id='word_1_12' title='bbox 743 590 889 653; x_wconf 86' lang='lat' dir='ltr'>hinc</span> <span class='ocrx_word' id='word_1_13' title='bbox 918 589 1126 654; x_wconf 91' lang='lat' dir='ltr'>miseri</span> <span class='ocrx_word' id='word_1_14' title='bbox 1157 591 1480 653; x_wconf 82' lang='lat' dir='ltr'><strong>viscantur</strong></span> <span class='ocrx_word' id='word_1_15' title='bbox 1508 588 1685 652; x_wconf 88' lang='lat' dir='ltr'>labra</span> <span class='ocrx_word' id='word_1_16' title='bbox 1712 589 1943 654; x_wconf 83' lang='lat' dir='ltr'>mariti.</span> 
     </span>
    </p>
   </div>
   <div class='ocr_carea' id='block_1_4' title="bbox 384 691 2005 891">
    <p class='ocr_par' dir='ltr' id='par_1_4' title="bbox 384 691 2005 891">
     <span class='ocr_line' id='line_1_5' title="bbox 384 691 1435 757; baseline -0.001 -2"><span class='ocrx_word' id='word_1_17' title='bbox 384 692 495 755; x_wconf 90' lang='lat' dir='ltr'>Ad</span> <span class='ocrx_word' id='word_1_18' title='bbox 527 692 843 756; x_wconf 91' lang='lat' dir='ltr'>moechum</span> <span class='ocrx_word' id='word_1_19' title='bbox 874 691 1082 756; x_wconf 87' lang='lat' dir='ltr'>veniet</span> <span class='ocrx_word' id='word_1_20' title='bbox 1112 691 1245 755; x_wconf 89' lang='lat' dir='ltr'>lota</span> <span class='ocrx_word' id='word_1_21' title='bbox 1272 703 1435 757; x_wconf 89' lang='lat' dir='ltr'>cute.</span> 
     </span>
     <span class='ocr_line' id='line_1_6' title="bbox 385 794 2005 891; baseline -0.002 -32"><span class='ocrx_word' id='word_1_22' title='bbox 385 797 541 891; x_wconf 78' lang='lat' dir='ltr'>Vult</span> <span class='ocrx_word' id='word_1_23' title='bbox 571 796 848 860; x_wconf 83' lang='lat' dir='ltr'>formosa</span> <span class='ocrx_word' id='word_1_24' title='bbox 875 795 1047 860; x_wconf 91' lang='lat' dir='ltr'>domi</span> <span class='ocrx_word' id='word_1_25' title='bbox 1072 800 1098 859; x_wconf 88' lang='lat'>?</span> <span class='ocrx_word' id='word_1_26' title='bbox 1143 795 1404 859; x_wconf 87' lang='lat' dir='ltr'>moechis</span> <span class='ocrx_word' id='word_1_27' title='bbox 1432 794 1656 859; x_wconf 84' lang='lat' dir='ltr'>foliata</span> <span class='ocrx_word' id='word_1_28' title='bbox 1683 806 2005 881; x_wconf 90' lang='lat' dir='ltr'>parantur.</span> 
     </span>
    </p>
   </div>
   <div class='ocr_carea' id='block_1_5' title="bbox 1529 689 2036 765">
    <p class='ocr_par' dir='ltr' id='par_1_5' title="bbox 1529 689 2036 765">
     <span class='ocr_line' id='line_1_7' title="bbox 1529 689 2036 765; baseline -0.002 -11"><span class='ocrx_word' id='word_1_29' title='bbox 1529 689 1807 765; x_wconf 83' lang='lat' dir='ltr'><strong>Quando</strong></span> <span class='ocrx_word' id='word_1_30' title='bbox 1835 689 2036 754; x_wconf 83' lang='lat' dir='ltr'>videri</span> 
     </span>
    </p>
   </div>
   <div class='ocr_carea' id='block_1_6' title="bbox 2256 794 2381 859">
    <p class='ocr_par' dir='ltr' id='par_1_6' title="bbox 2256 794 2381 859">
     <span class='ocr_line' id='line_1_8' title="bbox 2256 794 2381 859; baseline 0 0"><span class='ocrx_word' id='word_1_31' title='bbox 2256 794 2381 859; x_wconf 73' lang='lat'>465</span> 
     </span>
    </p>
   </div>
   <div class='ocr_carea' id='block_1_7' title="bbox 390 896 2154 1290">
    <p class='ocr_par' dir='ltr' id='par_1_7' title="bbox 390 896 2154 1189">
     <span class='ocr_line' id='line_1_9' title="bbox 391 896 2080 984; baseline -0.002 -22"><span class='ocrx_word' id='word_1_32' title='bbox 391 898 515 962; x_wconf 90' lang='lat' dir='ltr'>His</span> <span class='ocrx_word' id='word_1_33' title='bbox 545 898 801 970; x_wconf 80' lang='lat' dir='ltr'>emitur,</span> <span class='ocrx_word' id='word_1_34' title='bbox 834 896 1156 984; x_wconf 91' lang='lat' dir='ltr'>quidquid</span> <span class='ocrx_word' id='word_1_35' title='bbox 1183 896 1447 984; x_wconf 86' lang='lat' dir='ltr'>graciles</span> <span class='ocrx_word' id='word_1_36' title='bbox 1473 898 1603 961; x_wconf 90' lang='lat' dir='ltr'>huc</span> <span class='ocrx_word' id='word_1_37' title='bbox 1632 897 1886 962; x_wconf 85' lang='lat' dir='ltr'>mittitis</span> <span class='ocrx_word' id='word_1_38' title='bbox 1915 897 2080 962; x_wconf 84' lang='lat' dir='ltr'>Indi.</span> 
     </span>
     <span class='ocr_line' id='line_1_10' title="bbox 390 994 2154 1085; baseline -0.001 -22"><span class='ocrx_word' id='word_1_39' title='bbox 390 998 683 1063; x_wconf 87' lang='lat' dir='ltr'><strong>Tandem</strong></span> <span class='ocrx_word' id='word_1_40' title='bbox 710 998 913 1084; x_wconf 89' lang='lat' dir='ltr'>aperit</span> <span class='ocrx_word' id='word_1_41' title='bbox 947 998 1220 1075; x_wconf 90' lang='lat' dir='ltr'>vultum,</span> <span class='ocrx_word' id='word_1_42' title='bbox 1252 1009 1314 1062; x_wconf 90' lang='lat' dir='ltr'>et</span> <span class='ocrx_word' id='word_1_43' title='bbox 1346 996 1611 1062; x_wconf 89' lang='lat' dir='ltr'>tectoria</span> <span class='ocrx_word' id='word_1_44' title='bbox 1636 994 1842 1084; x_wconf 85' lang='lat' dir='ltr'>prima</span> <span class='ocrx_word' id='word_1_45' title='bbox 1869 999 2154 1085; x_wconf 81' lang='lat' dir='ltr'>reponit:</span> 
     </span>
     <span class='ocr_line' id='line_1_11' title="bbox 390 1099 1797 1189; baseline -0.002 -23"><span class='ocrx_word' id='word_1_46' title='bbox 390 1101 627 1189; x_wconf 83' lang='lat' dir='ltr'>Incipit</span> <span class='ocrx_word' id='word_1_47' title='bbox 658 1100 935 1178; x_wconf 88' lang='lat' dir='ltr'>adnosci,</span> <span class='ocrx_word' id='word_1_48' title='bbox 967 1111 1163 1187; x_wconf 88' lang='lat' dir='ltr'>atque</span> <span class='ocrx_word' id='word_1_49' title='bbox 1192 1099 1302 1165; x_wconf 91' lang='lat' dir='ltr'>illo</span> <span class='ocrx_word' id='word_1_50' title='bbox 1331 1100 1493 1165; x_wconf 90' lang='lat' dir='ltr'>lacte</span> <span class='ocrx_word' id='word_1_51' title='bbox 1521 1100 1797 1179; x_wconf 83' lang='lat' dir='ltr'>fovetur,</span> 
     </span>
    </p>

    <p class='ocr_par' dir='ltr' id='par_1_8' title="bbox 391 1201 1911 1290">
     <span class='ocr_line' id='line_1_12' title="bbox 391 1201 1911 1290; baseline 0 -25"><span class='ocrx_word' id='word_1_52' title='bbox 391 1205 663 1290; x_wconf 81' lang='lat' dir='ltr'>Propter</span> <span class='ocrx_word' id='word_1_53' title='bbox 692 1201 866 1287; x_wconf 92' lang='lat' dir='ltr'>quod</span> <span class='ocrx_word' id='word_1_54' title='bbox 899 1214 1110 1266; x_wconf 89' lang='lat' dir='ltr'>secum</span> <span class='ocrx_word' id='word_1_55' title='bbox 1138 1201 1396 1266; x_wconf 86' lang='lat' dir='ltr'>comites</span> <span class='ocrx_word' id='word_1_56' title='bbox 1425 1201 1639 1266; x_wconf 87' lang='lat' dir='ltr'>educit</span> <span class='ocrx_word' id='word_1_57' title='bbox 1670 1201 1911 1280; x_wconf 76' lang='lat' dir='ltr'>asellaS‚</span> 
     </span>
    </p>
   </div>
   <div class='ocr_carea' id='block_1_8' title="bbox 332 1300 1931 1399">
    <p class='ocr_par' dir='ltr' id='par_1_9' title="bbox 332 1300 1931 1399">
     <span class='ocr_line' id='line_1_13' title="bbox 332 1300 1931 1399; baseline -0.002 -33"><span class='ocrx_word' id='word_1_58' title='bbox 332 1393 339 1399; x_wconf 16' lang='grc' dir='ltr'>ἢ</span> <span class='ocrx_word' id='word_1_59' title='bbox 389 1301 599 1366; x_wconf 88' lang='lat' dir='ltr'><strong>Exsul</strong></span> <span class='ocrx_word' id='word_1_60' title='bbox 631 1303 1127 1389; x_wconf 86' lang='lat' dir='ltr'>Hyperboreum</span> <span class='ocrx_word' id='word_1_61' title='bbox 1159 1303 1209 1365; x_wconf 90' lang='lat' dir='ltr'>si</span> <span class='ocrx_word' id='word_1_62' title='bbox 1242 1300 1603 1366; x_wconf 87' lang='lat' dir='ltr'>dimittatur</span> <span class='ocrx_word' id='word_1_63' title='bbox 1625 1301 1705 1365; x_wconf 88' lang='lat' dir='ltr'>ad</span> <span class='ocrx_word' id='word_1_64' title='bbox 1729 1324 1931 1364; x_wconf 88' lang='lat' dir='ltr'>axem.</span> 
     </span>
    </p>
   </div>
   <div class='ocr_carea' id='block_1_9' title="bbox 2258 1305 2385 1369">
    <p class='ocr_par' dir='ltr' id='par_1_10' title="bbox 2258 1305 2385 1369">
     <span class='ocr_line' id='line_1_14' title="bbox 2258 1305 2385 1369; baseline -0.008 -1"><span class='ocrx_word' id='word_1_65' title='bbox 2258 1305 2385 1369; x_wconf 81' lang='lat'>470</span> 
     </span>
    </p>
   </div>
   <div class='ocr_carea' id='block_1_10' title="bbox 390 1390 2091 1793">
    <p class='ocr_par' dir='ltr' id='par_1_11' title="bbox 391 1390 1874 1489">
     <span class='ocr_line' id='line_1_15' title="bbox 391 1390 1874 1489; baseline 0 -23"><span class='ocrx_word' id='word_1_66' title='bbox 391 1390 517 1467; x_wconf 81' lang='lat' dir='ltr'>Sed</span> <span class='ocrx_word' id='word_1_67' title='bbox 546 1426 694 1489; x_wconf 87' lang='lat' dir='ltr'>quae</span> <span class='ocrx_word' id='word_1_68' title='bbox 725 1402 985 1467; x_wconf 90' lang='lat' dir='ltr'>mutatis</span> <span class='ocrx_word' id='word_1_69' title='bbox 1013 1393 1364 1478; x_wconf 86' lang='lat' dir='ltr'>inducitur,</span> <span class='ocrx_word' id='word_1_70' title='bbox 1396 1413 1590 1489; x_wconf 91' lang='lat' dir='ltr'>atque</span> <span class='ocrx_word' id='word_1_71' title='bbox 1617 1402 1874 1466; x_wconf 84' lang='lat' dir='ltr'>fovetur</span> 
     </span>
    </p>

    <p class='ocr_par' dir='ltr' id='par_1_12' title="bbox 394 1501 1931 1589">
     <span class='ocr_line' id='line_1_16' title="bbox 394 1501 1931 1589; baseline -0.001 -22"><span class='ocrx_word' id='word_1_72' title='bbox 394 1501 524 1568; x_wconf 92' lang='lat' dir='ltr'>Tot</span> <span class='ocrx_word' id='word_1_73' title='bbox 555 1502 1098 1581; x_wconf 89' lang='lat' dir='ltr'>medicaminibus,</span> <span class='ocrx_word' id='word_1_74' title='bbox 1129 1515 1450 1589; x_wconf 84' lang='lat' dir='ltr'>coctaeque</span> <span class='ocrx_word' id='word_1_75' title='bbox 1481 1501 1746 1588; x_wconf 86' lang='lat' dir='ltr'>siliginis</span> <span class='ocrx_word' id='word_1_76' title='bbox 1773 1503 1931 1566; x_wconf 86' lang='lat' dir='ltr'>offas</span> 
     </span>
    </p>

    <p class='ocr_par' dir='ltr' id='par_1_13' title="bbox 390 1602 2091 1793">
     <span class='ocr_line' id='line_1_17' title="bbox 390 1602 2091 1691; baseline -0.002 -20"><span class='ocrx_word' id='word_1_77' title='bbox 390 1605 661 1691; x_wconf 90' lang='lat' dir='ltr'>Adcipit</span> <span class='ocrx_word' id='word_1_78' title='bbox 695 1617 758 1670; x_wconf 92' lang='lat' dir='ltr'>et</span> <span class='ocrx_word' id='word_1_79' title='bbox 790 1604 1086 1683; x_wconf 88' lang='lat' dir='ltr'>madidae‚</span> <span class='ocrx_word' id='word_1_80' title='bbox 1118 1605 1313 1668; x_wconf 84' lang='lat' dir='ltr'>facies</span> <span class='ocrx_word' id='word_1_81' title='bbox 1342 1602 1613 1680; x_wconf 90' lang='lat' dir='ltr'>dicetur,</span> <span class='ocrx_word' id='word_1_82' title='bbox 1645 1627 1723 1667; x_wconf 90' lang='lat' dir='ltr'>an</span> <span class='ocrx_word' id='word_1_83' title='bbox 1757 1604 1986 1670; x_wconf 85' lang='lat' dir='ltr'>ulcus?</span> <span class='ocrx_word' id='word_1_84' title='bbox 2033 1640 2091 1658; x_wconf 48' lang='grc' dir='ltr'>«ν</span> 
     </span>
     <span class='ocr_line' id='line_1_18' title="bbox 478 1704 1973 1793; baseline -0.001 -23"><span class='ocrx_word' id='word_1_85' title='bbox 478 1707 600 1770; x_wconf 88' lang='lat' dir='ltr'>Est</span> <span class='ocrx_word' id='word_1_86' title='bbox 623 1706 903 1793; x_wconf 90' lang='lat' dir='ltr'>pretium</span> <span class='ocrx_word' id='word_1_87' title='bbox 927 1730 1099 1770; x_wconf 84' lang='lat' dir='ltr'>curae</span> <span class='ocrx_word' id='word_1_88' title='bbox 1128 1704 1382 1793; x_wconf 88' lang='lat' dir='ltr'>penitus</span> <span class='ocrx_word' id='word_1_89' title='bbox 1410 1704 1804 1790; x_wconf 85' lang='lat' dir='ltr'>cognoscere,</span> <span class='ocrx_word' id='word_1_90' title='bbox 1836 1718 1973 1771; x_wconf 93' lang='lat' dir='ltr'>toto</span> 
     </span>
    </p>
   </div>
   <div class='ocr_carea' id='block_1_11' title="bbox 393 1806 1371 1898">
    <p class='ocr_par' dir='ltr' id='par_1_14' title="bbox 393 1806 1371 1898">
     <span class='ocr_line' id='line_1_19' title="bbox 393 1806 1371 1898; baseline -0.002 -27"><span class='ocrx_word' id='word_1_91' title='bbox 393 1806 565 1895; x_wconf 77' lang='lat' dir='ltr'>Quid</span> <span class='ocrx_word' id='word_1_92' title='bbox 594 1807 829 1873; x_wconf 88' lang='lat' dir='ltr'>faciant</span> <span class='ocrx_word' id='word_1_93' title='bbox 853 1808 1227 1898; x_wconf 89' lang='lat' dir='ltr'>agitentque</span> <span class='ocrx_word' id='word_1_94' title='bbox 1250 1806 1371 1870; x_wconf 90' lang='lat' dir='ltr'>die.</span> 
     </span>
    </p>
   </div>
   <div class='ocr_carea' id='block_1_12' title="bbox 286 2044 1344 4031">
    <p class='ocr_par' dir='ltr' id='par_1_15' title="bbox 286 2044 1344 4031">
     <span class='ocr_line' id='line_1_20' title="bbox 300 2044 1315 2107; baseline 0 -17"><span class='ocrx_word' id='word_1_95' title='bbox 300 2045 488 2091; x_wconf 70' lang='lat' dir='ltr'>litetur.</span> <span class='ocrx_word' id='word_1_96' title='bbox 527 2044 788 2107; x_wconf 82' lang='lat' dir='ltr'>Hincsoeda</span> <span class='ocrx_word' id='word_1_97' title='bbox 810 2044 1021 2106; x_wconf 76' lang='lat' dir='ltr'>adspectu</span> <span class='ocrx_word' id='word_1_98' title='bbox 1038 2044 1315 2104; x_wconf 61' lang='lat' dir='ltr'>ridendaque</span> 
     </span>
     <span class='ocr_line' id='line_1_21' title="bbox 286 2107 1315 2170; baseline 0 -16"><span class='ocrx_word' id='word_1_99' title='bbox 286 2107 466 2170; x_wconf 75' lang='lat' dir='ltr'>ficies,</span> <span class='ocrx_word' id='word_1_100' title='bbox 488 2111 703 2155; x_wconf 89' lang='lat' dir='ltr'>nondum</span> <span class='ocrx_word' id='word_1_101' title='bbox 738 2111 838 2155; x_wconf 88' lang='lat' dir='ltr'>lota</span> <span class='ocrx_word' id='word_1_102' title='bbox 857 2123 913 2156; x_wconf 84' lang='lat' dir='ltr'>ac</span> <span class='ocrx_word' id='word_1_103' title='bbox 936 2111 1103 2169; x_wconf 87' lang='lat' dir='ltr'>polita,</span> <span class='ocrx_word' id='word_1_104' title='bbox 1126 2116 1176 2155; x_wconf 90' lang='lat' dir='ltr'>et</span> <span class='ocrx_word' id='word_1_105' title='bbox 1195 2120 1315 2154; x_wconf 79' lang='lat' dir='ltr'>mox</span> 
     </span>
     <span class='ocr_line' id='line_1_22' title="bbox 301 2168 1315 2232; baseline 0.002 -16"><span class='ocrx_word' id='word_1_106' title='bbox 301 2168 497 2218; x_wconf 71' lang='lat' dir='ltr'>tectoria</span> <span class='ocrx_word' id='word_1_107' title='bbox 511 2174 670 2232; x_wconf 84' lang='lat' dir='ltr'>prima</span> <span class='ocrx_word' id='word_1_108' title='bbox 682 2189 702 2222; x_wconf 76' lang='lat'>.-</span> <span class='ocrx_word' id='word_1_109' title='bbox 736 2186 848 2220; x_wconf 90' lang='lat' dir='ltr'>nam</span> <span class='ocrx_word' id='word_1_110' title='bbox 868 2175 1109 2219; x_wconf 78' lang='lat' dir='ltr'>tectorium</span> <span class='ocrx_word' id='word_1_111' title='bbox 1125 2174 1315 2232; x_wconf 84' lang='lat' dir='ltr'>proprie</span> 
     </span>
     <span class='ocr_line' id='line_1_23' title="bbox 297 2237 1317 2296; baseline -0.001 -14"><span class='ocrx_word' id='word_1_112' title='bbox 297 2237 484 2283; x_wconf 87' lang='lat' dir='ltr'>dicitur</span> <span class='ocrx_word' id='word_1_113' title='bbox 499 2238 667 2282; x_wconf 83' lang='lat' dir='ltr'>albedo</span> <span class='ocrx_word' id='word_1_114' title='bbox 679 2245 726 2284; x_wconf 90' lang='lat' dir='ltr'>et</span> <span class='ocrx_word' id='word_1_115' title='bbox 744 2238 1045 2294; x_wconf 83' lang='lat' dir='ltr'>incrustatio‚</span> <span class='ocrx_word' id='word_1_116' title='bbox 1059 2250 1169 2296; x_wconf 82' lang='lat' dir='ltr'>quae</span> <span class='ocrx_word' id='word_1_117' title='bbox 1186 2243 1317 2282; x_wconf 84' lang='lat' dir='ltr'>creta</span> 
     </span>
     <span class='ocr_line' id='line_1_24' title="bbox 299 2300 1317 2363; baseline 0 -18"><span class='ocrx_word' id='word_1_118' title='bbox 299 2300 613 2363; x_wconf 82' lang='lat' dir='ltr'>potissimum</span> <span class='ocrx_word' id='word_1_119' title='bbox 633 2308 681 2346; x_wconf 88' lang='lat' dir='ltr'>et</span> <span class='ocrx_word' id='word_1_120' title='bbox 712 2315 864 2362; x_wconf 86' lang='lat' dir='ltr'>gypso</span> <span class='ocrx_word' id='word_1_121' title='bbox 887 2301 1041 2346; x_wconf 85' lang='lat' dir='ltr'>muris</span> <span class='ocrx_word' id='word_1_122' title='bbox 1063 2307 1148 2346; x_wconf 89' lang='lat' dir='ltr'>aut</span> <span class='ocrx_word' id='word_1_123' title='bbox 1164 2301 1317 2359; x_wconf 85' lang='lat' dir='ltr'>parie-</span> 
     </span>
     <span class='ocr_line' id='line_1_25' title="bbox 299 2364 1317 2422; baseline -0.002 -12"><span class='ocrx_word' id='word_1_124' title='bbox 299 2364 441 2410; x_wconf 84' lang='lat' dir='ltr'>tibus</span> <span class='ocrx_word' id='word_1_125' title='bbox 463 2371 512 2409; x_wconf 90' lang='lat' dir='ltr'>et</span> <span class='ocrx_word' id='word_1_126' title='bbox 537 2365 825 2422; x_wconf 87' lang='lat' dir='ltr'>pavimentis</span> <span class='ocrx_word' id='word_1_127' title='bbox 855 2365 1117 2412; x_wconf 76' lang='lat' dir='ltr'>inducitur.</span> <span class='ocrx_word' id='word_1_128' title='bbox 1186 2365 1317 2409; x_wconf 89' lang='lat' dir='ltr'>Hinc</span> 
     </span>
     <span class='ocr_line' id='line_1_26' title="bbox 296 2427 1316 2483; baseline 0 -9"><span class='ocrx_word' id='word_1_129' title='bbox 296 2434 357 2475; x_wconf 86' lang='lat' dir='ltr'>et</span> <span class='ocrx_word' id='word_1_130' title='bbox 373 2427 503 2474; x_wconf 82' lang='lat' dir='ltr'>labra</span> <span class='ocrx_word' id='word_1_131' title='bbox 519 2428 696 2483; x_wconf 77' lang='lat' dir='ltr'>mariti,</span> <span class='ocrx_word' id='word_1_132' title='bbox 714 2429 886 2475; x_wconf 85' lang='lat' dir='ltr'>faciem</span> <span class='ocrx_word' id='word_1_133' title='bbox 904 2429 1217 2475; x_wconf 83' lang='lat' dir='ltr'>incrustatam</span> <span class='ocrx_word' id='word_1_134' title='bbox 1233 2441 1316 2475; x_wconf 85' lang='lat' dir='ltr'>ex-</span> 
     </span>
     <span class='ocr_line' id='line_1_27' title="bbox 296 2492 1318 2554; baseline -0.002 -15"><span class='ocrx_word' id='word_1_135' title='bbox 296 2492 593 2553; x_wconf 78' lang='lat' dir='ltr'>osculantis‚</span> <span class='ocrx_word' id='word_1_136' title='bbox 612 2493 844 2539; x_wconf 76' lang='lat' dir='ltr'>viscantur</span> <span class='ocrx_word' id='word_1_137' title='bbox 862 2499 914 2539; x_wconf 88' lang='lat' dir='ltr'>et</span> <span class='ocrx_word' id='word_1_138' title='bbox 934 2493 1318 2554; x_wconf 81' lang='lat' dir='ltr'>adglutinantur,</span> 
     </span>
     <span class='ocr_line' id='line_1_28' title="bbox 296 2557 1320 2617; baseline -0.002 -13"><span class='ocrx_word' id='word_1_139' title='bbox 296 2560 358 2604; x_wconf 85' lang='lat' dir='ltr'>h.</span> <span class='ocrx_word' id='word_1_140' title='bbox 382 2570 426 2603; x_wconf 92' lang='lat' dir='ltr'>e.</span> <span class='ocrx_word' id='word_1_141' title='bbox 450 2562 700 2617; x_wconf 87' lang='lat' dir='ltr'>tamquam</span> <span class='ocrx_word' id='word_1_142' title='bbox 723 2558 774 2604; x_wconf 89' lang='lat' dir='ltr'>in</span> <span class='ocrx_word' id='word_1_143' title='bbox 807 2557 938 2604; x_wconf 87' lang='lat' dir='ltr'>visco</span> <span class='ocrx_word' id='word_1_144' title='bbox 959 2565 1009 2602; x_wconf 91' lang='lat' dir='ltr'>et</span> <span class='ocrx_word' id='word_1_145' title='bbox 1027 2557 1214 2617; x_wconf 81' lang='lat' dir='ltr'>glutine</span> <span class='ocrx_word' id='word_1_146' title='bbox 1244 2558 1320 2602; x_wconf 91' lang='lat' dir='ltr'>in·</span> 
     </span>
     <span class='ocr_line' id='line_1_29' title="bbox 300 2621 1320 2681; baseline -0.001 -14"><span class='ocrx_word' id='word_1_147' title='bbox 300 2622 611 2667; x_wconf 68' lang='lat' dir='ltr'>haerescunt:</span> <span class='ocrx_word' id='word_1_148' title='bbox 639 2623 767 2668; x_wconf 88' lang='lat' dir='ltr'>unde</span> <span class='ocrx_word' id='word_1_149' title='bbox 783 2621 939 2667; x_wconf 69' lang='lat' dir='ltr'>miseri</span> <span class='ocrx_word' id='word_1_150' title='bbox 951 2621 1320 2681; x_wconf 60' lang='lat' dir='ltr'>mariti—Pop·</span> 
     </span>
     <span class='ocr_line' id='line_1_30' title="bbox 301 2686 1319 2746; baseline 0.002 -15"><span class='ocrx_word' id='word_1_151' title='bbox 301 2700 477 2746; x_wconf 57' lang='lat' dir='ltr'>preana</span> <span class='ocrx_word' id='word_1_152' title='bbox 500 2699 596 2731; x_wconf 90' lang='lat' dir='ltr'>non</span> <span class='ocrx_word' id='word_1_153' title='bbox 621 2686 847 2732; x_wconf 80' lang='lat' dir='ltr'>videntur</span> <span class='ocrx_word' id='word_1_154' title='bbox 868 2699 972 2733; x_wconf 88' lang='lat' dir='ltr'>esse</span> <span class='ocrx_word' id='word_1_155' title='bbox 997 2687 1319 2733; x_wconf 81' lang='lat' dir='ltr'>medicamina</span> 
     </span>
     <span class='ocr_line' id='line_1_31' title="bbox 309 2750 1324 2809; baseline 0.001 -13"><span class='ocrx_word' id='word_1_156' title='bbox 309 2750 474 2807; x_wconf 80' lang='lat' dir='ltr'>faciei,</span> <span class='ocrx_word' id='word_1_157' title='bbox 495 2764 556 2796; x_wconf 84' lang='lat' dir='ltr'>ex</span> <span class='ocrx_word' id='word_1_158' title='bbox 580 2751 777 2797; x_wconf 85' lang='lat' dir='ltr'>madido</span> <span class='ocrx_word' id='word_1_159' title='bbox 800 2763 922 2809; x_wconf 87' lang='lat' dir='ltr'>pane</span> <span class='ocrx_word' id='word_1_160' title='bbox 954 2756 1002 2795; x_wconf 83' lang='lat' dir='ltr'>et</span> <span class='ocrx_word' id='word_1_161' title='bbox 1028 2751 1154 2797; x_wconf 88' lang='lat' dir='ltr'>lacte</span> <span class='ocrx_word' id='word_1_162' title='bbox 1175 2752 1324 2797; x_wconf 86' lang='lat' dir='ltr'>asini-</span> 
     </span>
     <span class='ocr_line' id='line_1_32' title="bbox 307 2809 1320 2875; baseline 0 -15"><span class='ocrx_word' id='word_1_163' title='bbox 307 2809 376 2860; x_wconf 79' lang='lat' dir='ltr'>no</span> <span class='ocrx_word' id='word_1_164' title='bbox 415 2814 653 2871; x_wconf 85' lang='lat' dir='ltr'>confecta,</span> <span class='ocrx_word' id='word_1_165' title='bbox 694 2829 804 2875; x_wconf 83' lang='lat' dir='ltr'>quae</span> <span class='ocrx_word' id='word_1_166' title='bbox 831 2828 919 2859; x_wconf 87' lang='lat' dir='ltr'>nec</span> <span class='ocrx_word' id='word_1_167' title='bbox 947 2814 1153 2875; x_wconf 78' lang='lat' dir='ltr'>pinguia</span> <span class='ocrx_word' id='word_1_168' title='bbox 1188 2822 1320 2873; x_wconf 85' lang='lat' dir='ltr'>sunt,</span> 
     </span>
     <span class='ocr_line' id='line_1_33' title="bbox 312 2879 1319 2939; baseline 0.002 -15"><span class='ocrx_word' id='word_1_169' title='bbox 312 2892 405 2925; x_wconf 88' lang='lat' dir='ltr'>nec</span> <span class='ocrx_word' id='word_1_170' title='bbox 425 2880 626 2939; x_wconf 74' lang='lat' dir='ltr'>spirant,</span> <span class='ocrx_word' id='word_1_171' title='bbox 647 2880 731 2924; x_wconf 88' lang='lat' dir='ltr'>sed</span> <span class='ocrx_word' id='word_1_172' title='bbox 752 2885 1002 2939; x_wconf 85' lang='lat' dir='ltr'>unguenta</span> <span class='ocrx_word' id='word_1_173' title='bbox 1021 2879 1182 2925; x_wconf 88' lang='lat' dir='ltr'>suavis</span> <span class='ocrx_word' id='word_1_174' title='bbox 1203 2881 1319 2926; x_wconf 90' lang='lat' dir='ltr'>odo-</span> 
     </span>
     <span class='ocr_line' id='line_1_34' title="bbox 311 2941 1321 3005; baseline -0.005 -15"><span class='ocrx_word' id='word_1_175' title='bbox 311 2943 379 2990; x_wconf 82' lang='lat' dir='ltr'>ris</span> <span class='ocrx_word' id='word_1_176' title='bbox 407 2950 493 2989; x_wconf 87' lang='lat' dir='ltr'>aut</span> <span class='ocrx_word' id='word_1_177' title='bbox 526 2944 692 3004; x_wconf 85' lang='lat' dir='ltr'>magni</span> <span class='ocrx_word' id='word_1_178' title='bbox 726 2944 881 3002; x_wconf 86' lang='lat' dir='ltr'>pretii,</span> <span class='ocrx_word' id='word_1_179' title='bbox 904 2944 973 2988; x_wconf 88' lang='lat' dir='ltr'>ita</span> <span class='ocrx_word' id='word_1_180' title='bbox 1006 2941 1186 3005; x_wconf 84' lang='lat' dir='ltr'>(forsan</span> <span class='ocrx_word' id='word_1_181' title='bbox 1225 2945 1321 3003; x_wconf 87' lang='lat' dir='ltr'>pri.</span> 
     </span>
     <span class='ocr_line' id='line_1_35' title="bbox 313 3005 1320 3069; baseline 0.001 -16"><span class='ocrx_word' id='word_1_182' title='bbox 313 3021 455 3053; x_wconf 87' lang='lat' dir='ltr'>mum</span> <span class='ocrx_word' id='word_1_183' title='bbox 478 3020 507 3052; x_wconf 89' lang='lat' dir='ltr'>a</span> <span class='ocrx_word' id='word_1_184' title='bbox 525 3016 665 3067; x_wconf 88' lang='lat' dir='ltr'>poeta</span> <span class='ocrx_word' id='word_1_185' title='bbox 687 3005 869 3067; x_wconf 85' lang='lat' dir='ltr'>nostro)</span> <span class='ocrx_word' id='word_1_186' title='bbox 890 3009 1127 3066; x_wconf 81' lang='lat' dir='ltr'>adpellata</span> <span class='ocrx_word' id='word_1_187' title='bbox 1143 3022 1172 3054; x_wconf 92' lang='lat' dir='ltr'>a</span> <span class='ocrx_word' id='word_1_188' title='bbox 1195 3008 1320 3069; x_wconf 89' lang='lat' dir='ltr'>Pop-</span> 
     </span>
     <span class='ocr_line' id='line_1_36' title="bbox 313 3070 1323 3134; baseline 0.002 -17"><span class='ocrx_word' id='word_1_189' title='bbox 313 3085 439 3131; x_wconf 81' lang='lat' dir='ltr'>paea,</span> <span class='ocrx_word' id='word_1_190' title='bbox 461 3072 670 3119; x_wconf 87' lang='lat' dir='ltr'>Neronis</span> <span class='ocrx_word' id='word_1_191' title='bbox 702 3085 867 3126; x_wconf 84' lang='lat' dir='ltr'>uxore,</span> <span class='ocrx_word' id='word_1_192' title='bbox 888 3070 964 3134; x_wconf 90' lang='lat' dir='ltr'>(ut</span> <span class='ocrx_word' id='word_1_193' title='bbox 985 3072 1249 3126; x_wconf 68' lang='lat' dir='ltr'>Cosmiano,</span> <span class='ocrx_word' id='word_1_194' title='bbox 1271 3079 1323 3119; x_wconf 87' lang='lat' dir='ltr'>et</span> 
     </span>
     <span class='ocr_line' id='line_1_37' title="bbox 316 3133 1320 3197; baseline -0.003 -12"><span class='ocrx_word' id='word_1_195' title='bbox 316 3133 647 3197; x_wconf 76' lang='lat' dir='ltr'>Nicerotiana)</span> <span class='ocrx_word' id='word_1_196' title='bbox 670 3138 733 3182; x_wconf 88' lang='lat' dir='ltr'>ob</span> <span class='ocrx_word' id='word_1_197' title='bbox 748 3136 1075 3182; x_wconf 86' lang='lat' dir='ltr'>inventionem</span> <span class='ocrx_word' id='word_1_198' title='bbox 1100 3133 1221 3197; x_wconf 87' lang='lat' dir='ltr'>ejus,</span> <span class='ocrx_word' id='word_1_199' title='bbox 1245 3139 1320 3183; x_wconf 79' lang='lat' dir='ltr'>vel</span> 
     </span>
     <span class='ocr_line' id='line_1_38' title="bbox 313 3199 1325 3262; baseline 0.003 -17"><span class='ocrx_word' id='word_1_200' title='bbox 313 3213 460 3246; x_wconf 87' lang='lat' dir='ltr'>usum</span> <span class='ocrx_word' id='word_1_201' title='bbox 473 3200 792 3262; x_wconf 81' lang='lat' dir='ltr'>frequentem.</span> <span class='ocrx_word' id='word_1_202' title='bbox 816 3199 1024 3259; x_wconf 80' lang='lat' dir='ltr'>Poppoea</span> <span class='ocrx_word' id='word_1_203' title='bbox 1036 3202 1286 3247; x_wconf 83' lang='lat' dir='ltr'>notissima</span> <span class='ocrx_word' id='word_1_204' title='bbox 1298 3215 1325 3247; x_wconf 91' lang='lat' dir='ltr'>e</span> 
     </span>
     <span class='ocr_line' id='line_1_39' title="bbox 318 3263 1325 3325; baseline 0 -16"><span class='ocrx_word' id='word_1_205' title='bbox 318 3264 451 3310; x_wconf 90' lang='lat' dir='ltr'>Suet.</span> <span class='ocrx_word' id='word_1_206' title='bbox 477 3264 594 3311; x_wconf 85' lang='lat' dir='ltr'>Ner.</span> <span class='ocrx_word' id='word_1_207' title='bbox 617 3265 695 3325; x_wconf 82' lang='grc'>35.</span> <span class='ocrx_word' id='word_1_208' title='bbox 715 3271 765 3312; x_wconf 90' lang='lat' dir='ltr'>et</span> <span class='ocrx_word' id='word_1_209' title='bbox 786 3263 905 3312; x_wconf 86' lang='lat' dir='ltr'>Tac.</span> <span class='ocrx_word' id='word_1_210' title='bbox 928 3266 1055 3309; x_wconf 81' lang='lat' dir='ltr'>Ann.</span> <span class='ocrx_word' id='word_1_211' title='bbox 1074 3264 1223 3310; x_wconf 83' lang='lat' dir='ltr'>xm.</span> <span class='ocrx_word' id='word_1_212' title='bbox 1246 3265 1325 3311; x_wconf 75' lang='lat'>45.</span> 
     </span>
     <span class='ocr_line' id='line_1_40' title="bbox 317 3327 1326 3377; baseline 0 -3"><span class='ocrx_word' id='word_1_213' title='bbox 317 3327 402 3374; x_wconf 76' lang='lat'>46.</span> <span class='ocrx_word' id='word_1_214' title='bbox 425 3327 563 3375; x_wconf 90' lang='lat' dir='ltr'>XIV.</span> <span class='ocrx_word' id='word_1_215' title='bbox 595 3329 639 3376; x_wconf 87' lang='lat'>1.</span> <span class='ocrx_word' id='word_1_216' title='bbox 671 3330 752 3377; x_wconf 91' lang='grc'>60.</span> <span class='ocrx_word' id='word_1_217' title='bbox 772 3328 881 3375; x_wconf 88' lang='lat' dir='ltr'>XV.</span> <span class='ocrx_word' id='word_1_218' title='bbox 905 3328 981 3375; x_wconf 79' lang='grc'>23.</span> <span class='ocrx_word' id='word_1_219' title='bbox 1006 3327 1148 3375; x_wconf 87' lang='lat' dir='ltr'>XVI.</span> <span class='ocrx_word' id='word_1_220' title='bbox 1165 3329 1213 3377; x_wconf 90' lang='lat'>6.</span> <span class='ocrx_word' id='word_1_221' title='bbox 1252 3331 1326 3376; x_wconf 80' lang='lat' dir='ltr'>Cf.</span> 
     </span>
     <span class='ocr_line' id='line_1_41' title="bbox 318 3392 1328 3453; baseline 0.001 -16"><span class='ocrx_word' id='word_1_222' title='bbox 318 3404 430 3452; x_wconf 82' lang='lat' dir='ltr'>sup.</span> <span class='ocrx_word' id='word_1_223' title='bbox 446 3394 506 3439; x_wconf 88' lang='lat' dir='ltr'>ad</span> <span class='ocrx_word' id='word_1_224' title='bbox 518 3394 587 3439; x_wconf 92' lang='lat'>11.</span> <span class='ocrx_word' id='word_1_225' title='bbox 603 3395 712 3441; x_wconf 83' lang='lat'>107.</span> <span class='ocrx_word' id='word_1_226' title='bbox 749 3392 859 3439; x_wconf 78' lang='lat'>463.</span> <span class='ocrx_word' id='word_1_227' title='bbox 875 3394 1035 3453; x_wconf 77' lang='lat' dir='ltr'>Spirat</span> <span class='ocrx_word' id='word_1_228' title='bbox 1047 3393 1328 3453; x_wconf 69' lang='lat' dir='ltr'>Poppaeana,</span> 
     </span>
     <span class='ocr_line' id='line_1_42' title="bbox 318 3457 1328 3519; baseline 0.001 -17"><span class='ocrx_word' id='word_1_229' title='bbox 318 3458 516 3503; x_wconf 86' lang='lat' dir='ltr'>odorem</span> <span class='ocrx_word' id='word_1_230' title='bbox 535 3472 702 3504; x_wconf 89' lang='lat' dir='ltr'>eorum</span> <span class='ocrx_word' id='word_1_231' title='bbox 721 3460 901 3504; x_wconf 83' lang='lat' dir='ltr'>emittit</span> <span class='ocrx_word' id='word_1_232' title='bbox 918 3470 958 3503; x_wconf 79' lang='lat' dir='ltr'>s.</span> <span class='ocrx_word' id='word_1_233' title='bbox 974 3457 1157 3513; x_wconf 81' lang='lat' dir='ltr'>fundit,</span> <span class='ocrx_word' id='word_1_234' title='bbox 1169 3465 1224 3503; x_wconf 95' lang='lat' dir='ltr'>ut</span> <span class='ocrx_word' id='word_1_235' title='bbox 1235 3458 1328 3519; x_wconf 72' lang='lat' dir='ltr'>spi-</span> 
     </span>
     <span class='ocr_line' id='line_1_43' title="bbox 317 3519 1328 3586; baseline 0.001 -21"><span class='ocrx_word' id='word_1_236' title='bbox 317 3534 429 3566; x_wconf 83' lang='lat' dir='ltr'>rare</span> <span class='ocrx_word' id='word_1_237' title='bbox 438 3521 640 3579; x_wconf 79' lang='lat' dir='ltr'>odorem,</span> <span class='ocrx_word' id='word_1_238' title='bbox 651 3522 863 3579; x_wconf 73' lang='lat' dir='ltr'>Amores,</span> <span class='ocrx_word' id='word_1_239' title='bbox 880 3519 1223 3586; x_wconf 66' lang='grc' dir='ltr'>τνίωἜςωτας</span> <span class='ocrx_word' id='word_1_240' title='bbox 1238 3527 1328 3568; x_wconf 85' lang='lat' dir='ltr'>cet.</span> 
     </span>
     <span class='ocr_line' id='line_1_44' title="bbox 387 3583 1331 3646; baseline -0.002 -13"><span class='ocrx_word' id='word_1_241' title='bbox 387 3583 597 3633; x_wconf 67' lang='lat'><strong>4064-6,</strong></span> <span class='ocrx_word' id='word_1_242' title='bbox 630 3588 737 3634; x_wconf 87' lang='lat' dir='ltr'>Hos</span> <span class='ocrx_word' id='word_1_243' title='bbox 756 3601 919 3633; x_wconf 84' lang='lat' dir='ltr'>versus</span> <span class='ocrx_word' id='word_1_244' title='bbox 940 3588 1097 3632; x_wconf 82' lang='lat' dir='ltr'>alieno</span> <span class='ocrx_word' id='word_1_245' title='bbox 1114 3587 1331 3646; x_wconf 87' lang='lat' dir='ltr'>suspicor</span> 
     </span>
     <span class='ocr_line' id='line_1_45' title="bbox 321 3649 1327 3710; baseline -0.001 -15"><span class='ocrx_word' id='word_1_246' title='bbox 321 3650 432 3695; x_wconf 83' lang='lat' dir='ltr'>roco</span> <span class='ocrx_word' id='word_1_247' title='bbox 461 3664 491 3696; x_wconf 89' lang='lat' dir='ltr'>a</span> <span class='ocrx_word' id='word_1_248' title='bbox 511 3649 716 3697; x_wconf 79' lang='lat' dir='ltr'>librariis</span> <span class='ocrx_word' id='word_1_249' title='bbox 737 3651 917 3710; x_wconf 87' lang='lat' dir='ltr'>positos</span> <span class='ocrx_word' id='word_1_250' title='bbox 938 3665 1059 3703; x_wconf 82' lang='lat' dir='ltr'>esse,</span> <span class='ocrx_word' id='word_1_251' title='bbox 1082 3658 1132 3697; x_wconf 90' lang='lat' dir='ltr'>et</span> <span class='ocrx_word' id='word_1_252' title='bbox 1154 3658 1261 3710; x_wconf 88' lang='lat' dir='ltr'>post</span> <span class='ocrx_word' id='word_1_253' title='bbox 1284 3664 1327 3695; x_wconf 88' lang='lat' dir='ltr'>v.</span> 
     </span>
     <span class='ocr_line' id='line_1_46' title="bbox 323 3711 1337 3777; baseline 0.001 -18"><span class='ocrx_word' id='word_1_254' title='bbox 323 3711 423 3760; x_wconf 78' lang='grc'><strong>470</strong></span> <span class='ocrx_word' id='word_1_255' title='bbox 456 3716 695 3775; x_wconf 87' lang='lat' dir='ltr'>legendos.</span> <span class='ocrx_word' id='word_1_256' title='bbox 763 3715 820 3760; x_wconf 91' lang='lat' dir='ltr'>In</span> <span class='ocrx_word' id='word_1_257' title='bbox 841 3716 1079 3777; x_wconf 88' lang='lat' dir='ltr'>plerisque</span> <span class='ocrx_word' id='word_1_258' title='bbox 1101 3716 1235 3761; x_wconf 87' lang='lat' dir='ltr'>libris</span> <span class='ocrx_word' id='word_1_259' title='bbox 1267 3712 1337 3760; x_wconf 88' lang='lat' dir='ltr'>le-</span> 
     </span>
     <span class='ocr_line' id='line_1_47' title="bbox 320 3777 1335 3840; baseline 0.004 -19"><span class='ocrx_word' id='word_1_260' title='bbox 320 3777 633 3840; x_wconf 33' lang='lat' dir='ltr'>gitur&#39;veniet,</span> <span class='ocrx_word' id='word_1_261' title='bbox 648 3781 698 3826; x_wconf 91' lang='lat' dir='ltr'>in</span> <span class='ocrx_word' id='word_1_262' title='bbox 714 3780 958 3826; x_wconf 86' lang='lat' dir='ltr'>nonnullis</span> <span class='ocrx_word' id='word_1_263' title='bbox 970 3780 1162 3825; x_wconf 81' lang='lat' dir='ltr'>veniunt</span> <span class='ocrx_word' id='word_1_264' title='bbox 1173 3795 1191 3837; x_wconf 80' lang='grc'>,-</span> <span class='ocrx_word' id='word_1_265' title='bbox 1225 3794 1335 3839; x_wconf 83' lang='lat' dir='ltr'>quae</span> 
     </span>
     <span class='ocr_line' id='line_1_48' title="bbox 326 3841 1335 3904; baseline 0.002 -17"><span class='ocrx_word' id='word_1_266' title='bbox 326 3841 526 3901; x_wconf 85' lang='lat' dir='ltr'>quidem</span> <span class='ocrx_word' id='word_1_267' title='bbox 560 3843 876 3903; x_wconf 87' lang='lat' dir='ltr'>personarum</span> <span class='ocrx_word' id='word_1_268' title='bbox 915 3845 1208 3904; x_wconf 86' lang='lat' dir='ltr'>permutatio</span> <span class='ocrx_word' id='word_1_269' title='bbox 1250 3846 1335 3889; x_wconf 88' lang='lat' dir='ltr'>do-</span> 
     </span>
     <span class='ocr_line' id='line_1_49' title="bbox 324 3906 1335 3967; baseline 0.005 -18"><span class='ocrx_word' id='word_1_270' title='bbox 324 3906 451 3951; x_wconf 87' lang='lat' dir='ltr'>ctior</span> <span class='ocrx_word' id='word_1_271' title='bbox 471 3916 544 3952; x_wconf 91' lang='lat' dir='ltr'>est</span> <span class='ocrx_word' id='word_1_272' title='bbox 576 3914 625 3953; x_wconf 90' lang='lat' dir='ltr'>et</span> <span class='ocrx_word' id='word_1_273' title='bbox 657 3910 885 3961; x_wconf 87' lang='lat' dir='ltr'>solennis,</span> <span class='ocrx_word' id='word_1_274' title='bbox 908 3909 989 3954; x_wconf 89' lang='lat' dir='ltr'>sed</span> <span class='ocrx_word' id='word_1_275' title='bbox 1022 3909 1070 3952; x_wconf 88' lang='lat' dir='ltr'>h.</span> <span class='ocrx_word' id='word_1_276' title='bbox 1095 3909 1127 3953; x_wconf 88' lang='lat'>1.</span> <span class='ocrx_word' id='word_1_277' title='bbox 1164 3922 1335 3967; x_wconf 86' lang='lat' dir='ltr'>parum</span> 
     </span>
     <span class='ocr_line' id='line_1_50' title="bbox 325 3970 1344 4031; baseline 0.005 -16"><span class='ocrx_word' id='word_1_278' title='bbox 325 3970 509 4029; x_wconf 83' lang='lat' dir='ltr'>placet,</span> <span class='ocrx_word' id='word_1_279' title='bbox 553 3972 637 4018; x_wconf 89' lang='lat' dir='ltr'>ubi</span> <span class='ocrx_word' id='word_1_280' title='bbox 658 3980 731 4018; x_wconf 88' lang='lat' dir='ltr'>tot</span> <span class='ocrx_word' id='word_1_281' title='bbox 777 3974 919 4018; x_wconf 84' lang='lat' dir='ltr'>verba</span> <span class='ocrx_word' id='word_1_282' title='bbox 952 3973 1000 4018; x_wconf 89' lang='lat' dir='ltr'>in</span> <span class='ocrx_word' id='word_1_283' title='bbox 1038 3972 1163 4031; x_wconf 86' lang='lat' dir='ltr'>sing.</span> <span class='ocrx_word' id='word_1_284' title='bbox 1205 3986 1344 4020; x_wconf 88' lang='lat' dir='ltr'>num.</span> 
     </span>
    </p>
   </div>
   <div class='ocr_carea' id='block_1_13' title="bbox 1466 1807 2049 1873">
    <p class='ocr_par' dir='ltr' id='par_1_16' title="bbox 1466 1807 2049 1873">
     <span class='ocr_line' id='line_1_51' title="bbox 1466 1807 2049 1873; baseline 0.007 -4"><span class='ocrx_word' id='word_1_285' title='bbox 1466 1807 1533 1870; x_wconf 91' lang='lat' dir='ltr'>Si</span> <span class='ocrx_word' id='word_1_286' title='bbox 1562 1819 1745 1871; x_wconf 89' lang='lat' dir='ltr'>nocte</span> <span class='ocrx_word' id='word_1_287' title='bbox 1774 1808 2049 1873; x_wconf 86' lang='lat' dir='ltr'>maritus·</span> 
     </span>
    </p>
   </div>
   <div class='ocr_carea' id='block_1_14' title="bbox 2262 1811 2389 1877">
    <p class='ocr_par' dir='ltr' id='par_1_17' title="bbox 2262 1811 2389 1877">
     <span class='ocr_line' id='line_1_52' title="bbox 2262 1811 2389 1877; baseline -0.008 0"><span class='ocrx_word' id='word_1_288' title='bbox 2262 1811 2389 1877; x_wconf 73' lang='lat'>475</span> 
     </span>
    </p>
   </div>
   <div class='ocr_carea' id='block_1_15' title="bbox 1377 2045 2455 4035">
    <p class='ocr_par' dir='ltr' id='par_1_18' title="bbox 1377 2045 2455 4035">
     <span class='ocr_line' id='line_1_53' title="bbox 1379 2045 2392 2106; baseline 0.002 -16"><span class='ocrx_word' id='word_1_289' title='bbox 1379 2058 1501 2090; x_wconf 89' lang='lat' dir='ltr'>num</span> <span class='ocrx_word' id='word_1_290' title='bbox 1522 2051 1571 2090; x_wconf 88' lang='lat' dir='ltr'>et</span> <span class='ocrx_word' id='word_1_291' title='bbox 1587 2045 1946 2104; x_wconf 65' lang='lat' dir='ltr'>malobathrum</span> <span class='ocrx_word' id='word_1_292' title='bbox 1971 2051 2194 2106; x_wconf 81' lang='lat' dir='ltr'>paratum</span> <span class='ocrx_word' id='word_1_293' title='bbox 2218 2061 2279 2094; x_wconf 84' lang='lat' dir='ltr'>ex</span> <span class='ocrx_word' id='word_1_294' title='bbox 2303 2060 2392 2092; x_wconf 87' lang='lat' dir='ltr'>no·</span> 
     </span>
     <span class='ocr_line' id='line_1_54' title="bbox 1377 2110 2395 2172; baseline 0.002 -18"><span class='ocrx_word' id='word_1_295' title='bbox 1377 2110 1462 2154; x_wconf 85' lang='lat' dir='ltr'>bili</span> <span class='ocrx_word' id='word_1_296' title='bbox 1485 2110 1611 2165; x_wconf 90' lang='lat' dir='ltr'>oleo,</span> <span class='ocrx_word' id='word_1_297' title='bbox 1636 2111 1765 2168; x_wconf 87' lang='lat' dir='ltr'>qnod</span> <span class='ocrx_word' id='word_1_298' title='bbox 1798 2110 1979 2156; x_wconf 84' lang='lat' dir='ltr'>habent</span> <span class='ocrx_word' id='word_1_299' title='bbox 2004 2110 2132 2172; x_wconf 73' lang='lat' dir='ltr'>filia</span> <span class='ocrx_word' id='word_1_300' title='bbox 2166 2113 2302 2158; x_wconf 87' lang='lat' dir='ltr'>nardi</span> <span class='ocrx_word' id='word_1_301' title='bbox 2337 2119 2395 2171; x_wconf 51' lang='lat' dir='ltr'>et¹</span> 
     </span>
     <span class='ocr_line' id='line_1_55' title="bbox 1378 2172 2390 2236; baseline 0.004 -18"><span class='ocrx_word' id='word_1_302' title='bbox 1378 2173 1688 2227; x_wconf 86' lang='lat' dir='ltr'>malobathri,</span> <span class='ocrx_word' id='word_1_303' title='bbox 1722 2174 1846 2233; x_wconf 87' lang='lat' dir='ltr'>inpr.</span> <span class='ocrx_word' id='word_1_304' title='bbox 1877 2176 1926 2220; x_wconf 91' lang='lat' dir='ltr'>in</span> <span class='ocrx_word' id='word_1_305' title='bbox 1961 2176 2121 2228; x_wconf 78' lang='lat' dir='ltr'>India,</span> <span class='ocrx_word' id='word_1_306' title='bbox 2155 2178 2214 2222; x_wconf 89' lang='lat' dir='ltr'>de</span> <span class='ocrx_word' id='word_1_307' title='bbox 2247 2172 2390 2236; x_wconf 71' lang='lat' dir='ltr'>eujus</span> 
     </span>
     <span class='ocr_line' id='line_1_56' title="bbox 1380 2239 2392 2295; baseline 0.007 -16"><span class='ocrx_word' id='word_1_308' title='bbox 1380 2249 1560 2295; x_wconf 83' lang='lat' dir='ltr'>magno</span> <span class='ocrx_word' id='word_1_309' title='bbox 1584 2239 1736 2293; x_wconf 85' lang='lat' dir='ltr'>pretio</span> <span class='ocrx_word' id='word_1_310' title='bbox 1757 2245 1806 2283; x_wconf 92' lang='lat' dir='ltr'>et</span> <span class='ocrx_word' id='word_1_311' title='bbox 1834 2239 1996 2285; x_wconf 89' lang='lat' dir='ltr'>indole</span> <span class='ocrx_word' id='word_1_312' title='bbox 2029 2254 2078 2285; x_wconf 90' lang='lat' dir='ltr'>v.</span> <span class='ocrx_word' id='word_1_313' title='bbox 2114 2239 2239 2285; x_wconf 86' lang='lat' dir='ltr'>Plin.</span> <span class='ocrx_word' id='word_1_314' title='bbox 2264 2239 2392 2287; x_wconf 82' lang='grc' dir='ltr'>ΧΠ.</span> 
     </span>
     <span class='ocr_line' id='line_1_57' title="bbox 1381 2298 2390 2359; baseline 0.005 -14"><span class='ocrx_word' id='word_1_315' title='bbox 1381 2298 1511 2359; x_wconf 73' lang='lat' dir='ltr'>26.s.</span> <span class='ocrx_word' id='word_1_316' title='bbox 1535 2300 1616 2346; x_wconf 82' lang='lat'>59.</span> <span class='ocrx_word' id='word_1_317' title='bbox 1640 2299 1786 2349; x_wconf 87' lang='lat' dir='ltr'>XIII.</span> <span class='ocrx_word' id='word_1_318' title='bbox 1805 2301 1847 2348; x_wconf 89' lang='lat'>1.</span> <span class='ocrx_word' id='word_1_319' title='bbox 1871 2312 1994 2350; x_wconf 85' lang='lat' dir='ltr'>extr.</span> <span class='ocrx_word' id='word_1_320' title='bbox 2011 2313 2061 2349; x_wconf 86' lang='lat' dir='ltr'>et</span> <span class='ocrx_word' id='word_1_321' title='bbox 2077 2303 2125 2350; x_wconf 84' lang='lat'>3.</span> <span class='ocrx_word' id='word_1_322' title='bbox 2143 2312 2267 2351; x_wconf 82' lang='lat' dir='ltr'>extr.</span> <span class='ocrx_word' id='word_1_323' title='bbox 2282 2319 2390 2350; x_wconf 80' lang='lat' dir='ltr'>ma·-</span> 
     </span>
     <span class='ocr_line' id='line_1_58' title="bbox 1379 2362 2392 2428; baseline 0.007 -20"><span class='ocrx_word' id='word_1_324' title='bbox 1379 2362 1479 2408; x_wconf 77' lang='lat' dir='ltr'>chis</span> <span class='ocrx_word' id='word_1_325' title='bbox 1495 2369 1747 2423; x_wconf 79' lang='lat' dir='ltr'>parantur,</span> <span class='ocrx_word' id='word_1_326' title='bbox 1766 2366 1816 2411; x_wconf 92' lang='lat' dir='ltr'>in</span> <span class='ocrx_word' id='word_1_327' title='bbox 1850 2379 2018 2413; x_wconf 86' lang='lat' dir='ltr'>eorum</span> <span class='ocrx_word' id='word_1_328' title='bbox 2038 2368 2243 2427; x_wconf 84' lang='lat' dir='ltr'>gratiam</span> <span class='ocrx_word' id='word_1_329' title='bbox 2266 2383 2392 2428; x_wconf 83' lang='lat' dir='ltr'>prae·</span> 
     </span>
     <span class='ocr_line' id='line_1_59' title="bbox 1381 2431 2391 2488; baseline 0.007 -16"><span class='ocrx_word' id='word_1_330' title='bbox 1381 2435 1633 2488; x_wconf 85' lang='lat' dir='ltr'>parantur,</span> <span class='ocrx_word' id='word_1_331' title='bbox 1680 2431 1756 2475; x_wconf 87' lang='lat' dir='ltr'>vel</span> <span class='ocrx_word' id='word_1_332' title='bbox 1796 2436 1853 2476; x_wconf 89' lang='lat' dir='ltr'>ut</span> <span class='ocrx_word' id='word_1_333' title='bbox 1889 2444 2005 2477; x_wconf 86' lang='lat' dir='ltr'>mox</span> <span class='ocrx_word' id='word_1_334' title='bbox 2042 2432 2117 2478; x_wconf 75' lang='lat' dir='ltr'>hir</span> <span class='ocrx_word' id='word_1_335' title='bbox 2157 2437 2391 2479; x_wconf 61' lang='lat' dir='ltr'>emuntur:</span> 
     </span>
     <span class='ocr_line' id='line_1_60' title="bbox 1384 2492 2392 2554; baseline 0.004 -15"><span class='ocrx_word' id='word_1_336' title='bbox 1384 2492 1497 2539; x_wconf 74' lang='lat'>466.</span> <span class='ocrx_word' id='word_1_337' title='bbox 1550 2493 1774 2553; x_wconf 69' lang='lat' dir='ltr'>quidquia</span> <span class='ocrx_word' id='word_1_338' title='bbox 1821 2496 2042 2548; x_wconf 82' lang='lat' dir='ltr'>odorum,</span> <span class='ocrx_word' id='word_1_339' title='bbox 2095 2504 2392 2554; x_wconf 86' lang='lat' dir='ltr'>aromatum,</span> 
     </span>
     <span class='ocr_line' id='line_1_61' title="bbox 1381 2560 2393 2617; baseline 0.006 -16"><span class='ocrx_word' id='word_1_340' title='bbox 1381 2569 1690 2616; x_wconf 84' lang='lat' dir='ltr'>gemmarum</span> <span class='ocrx_word' id='word_1_341' title='bbox 1702 2566 1794 2604; x_wconf 86' lang='lat' dir='ltr'>cet.</span> <span class='ocrx_word' id='word_1_342' title='bbox 1812 2560 1988 2617; x_wconf 90' lang='lat' dir='ltr'>quibus</span> <span class='ocrx_word' id='word_1_343' title='bbox 2006 2560 2145 2605; x_wconf 87' lang='lat' dir='ltr'>India</span> <span class='ocrx_word' id='word_1_344' title='bbox 2162 2562 2393 2609; x_wconf 80' lang='lat' dir='ltr'>abundat.</span> 
     </span>
     <span class='ocr_line' id='line_1_62' title="bbox 1380 2621 2396 2682; baseline 0.003 -16"><span class='ocrx_word' id='word_1_345' title='bbox 1380 2621 1487 2674; x_wconf 77' lang='lat' dir='ltr'>huc,</span> <span class='ocrx_word' id='word_1_346' title='bbox 1514 2621 1739 2669; x_wconf 85' lang='lat' dir='ltr'>Romam.</span> <span class='ocrx_word' id='word_1_347' title='bbox 1770 2624 1974 2677; x_wconf 74' lang='lat' dir='ltr'>mittitis,</span> <span class='ocrx_word' id='word_1_348' title='bbox 1995 2637 2081 2682; x_wconf 89' lang='lat' dir='ltr'>pro</span> <span class='ocrx_word' id='word_1_349' title='bbox 2115 2625 2249 2682; x_wconf 82' lang='lat' dir='ltr'>vulg.</span> <span class='ocrx_word' id='word_1_350' title='bbox 2282 2624 2396 2669; x_wconf 89' lang='lat' dir='ltr'>mit·</span> 
     </span>
     <span class='ocr_line' id='line_1_63' title="bbox 1384 2684 2362 2745; baseline 0.002 -14"><span class='ocrx_word' id='word_1_351' title='bbox 1384 2690 1512 2732; x_wconf 89' lang='lat' dir='ltr'>tunt.</span> <span class='ocrx_word' id='word_1_352' title='bbox 1544 2684 1657 2730; x_wconf 80' lang='lat' dir='ltr'>Indi</span> <span class='ocrx_word' id='word_1_353' title='bbox 1668 2686 1886 2745; x_wconf 78' lang='lat' dir='ltr'>graciles,</span> <span class='ocrx_word' id='word_1_354' title='bbox 1909 2700 1958 2733; x_wconf 90' lang='lat' dir='ltr'>v.</span> <span class='ocrx_word' id='word_1_355' title='bbox 1981 2700 2089 2745; x_wconf 88' lang='lat' dir='ltr'>sup.</span> <span class='ocrx_word' id='word_1_356' title='bbox 2110 2689 2171 2733; x_wconf 87' lang='lat' dir='ltr'>ad</span> <span class='ocrx_word' id='word_1_357' title='bbox 2196 2687 2258 2733; x_wconf 87' lang='lat' dir='ltr'>V.</span> <span class='ocrx_word' id='word_1_358' title='bbox 2284 2686 2362 2734; x_wconf 83' lang='lat'>53.</span> 
     </span>
     <span class='ocr_line' id='line_1_64' title="bbox 1451 2747 2397 2811; baseline 0.002 -14"><span class='ocrx_word' id='word_1_359' title='bbox 1451 2748 1565 2797; x_wconf 75' lang='lat'>467.</span> <span class='ocrx_word' id='word_1_360' title='bbox 1597 2750 1765 2808; x_wconf 73' lang='lat' dir='ltr'>aperit,</span> <span class='ocrx_word' id='word_1_361' title='bbox 1788 2747 1978 2811; x_wconf 80' lang='lat' dir='ltr'>retegit,</span> <span class='ocrx_word' id='word_1_362' title='bbox 2012 2752 2212 2808; x_wconf 78' lang='lat' dir='ltr'>vultum,</span> <span class='ocrx_word' id='word_1_363' title='bbox 2234 2751 2397 2799; x_wconf 80' lang='lat' dir='ltr'>crusta</span> 
     </span>
     <span class='ocr_line' id='line_1_65' title="bbox 1385 2813 2405 2876; baseline 0.001 -14"><span class='ocrx_word' id='word_1_364' title='bbox 1385 2813 1524 2876; x_wconf 86' lang='lat' dir='ltr'>quasi</span> <span class='ocrx_word' id='word_1_365' title='bbox 1556 2816 1824 2871; x_wconf 87' lang='lat' dir='ltr'>obtectum,</span> <span class='ocrx_word' id='word_1_366' title='bbox 1850 2816 1974 2860; x_wconf 82' lang='lat' dir='ltr'>forte</span> <span class='ocrx_word' id='word_1_367' title='bbox 2006 2828 2093 2875; x_wconf 85' lang='lat' dir='ltr'>per</span> <span class='ocrx_word' id='word_1_368' title='bbox 2125 2822 2280 2861; x_wconf 83' lang='lat' dir='ltr'>totam</span> <span class='ocrx_word' id='word_1_369' title='bbox 2310 2815 2405 2863; x_wconf 62' lang='lat' dir='ltr'>no-ss&#39;</span> 
     </span>
     <span class='ocr_line' id='line_1_66' title="bbox 1384 2880 2402 2942; baseline 0.001 -17"><span class='ocrx_word' id='word_1_370' title='bbox 1384 2888 1535 2934; x_wconf 87' lang='lat' dir='ltr'>ctem,</span> <span class='ocrx_word' id='word_1_371' title='bbox 1557 2885 1613 2923; x_wconf 90' lang='lat' dir='ltr'>ut</span> <span class='ocrx_word' id='word_1_372' title='bbox 1646 2892 1703 2924; x_wconf 87' lang='lat' dir='ltr'>eo</span> <span class='ocrx_word' id='word_1_373' title='bbox 1727 2880 1914 2925; x_wconf 85' lang='lat' dir='ltr'>mollior</span> <span class='ocrx_word' id='word_1_374' title='bbox 1937 2880 2093 2934; x_wconf 78' lang='lat' dir='ltr'>fieret,</span> <span class='ocrx_word' id='word_1_375' title='bbox 2111 2881 2263 2933; x_wconf 89' lang='lat' dir='ltr'>(unde</span> <span class='ocrx_word' id='word_1_376' title='bbox 2296 2885 2402 2942; x_wconf 75' lang='lat' dir='ltr'>tan-</span> 
     </span>
     <span class='ocr_line' id='line_1_67' title="bbox 1385 2941 2397 3004; baseline 0 -14"><span class='ocrx_word' id='word_1_377' title='bbox 1385 2944 1506 3000; x_wconf 79' lang='lat' dir='ltr'>dem)</span> <span class='ocrx_word' id='word_1_378' title='bbox 1513 2949 1561 2989; x_wconf 88' lang='lat' dir='ltr'>et</span> <span class='ocrx_word' id='word_1_379' title='bbox 1580 2945 1772 3001; x_wconf 80' lang='lat' dir='ltr'>reponit,</span> <span class='ocrx_word' id='word_1_380' title='bbox 1783 2951 1998 2989; x_wconf 89' lang='lat' dir='ltr'>removet</span> <span class='ocrx_word' id='word_1_381' title='bbox 2002 2944 2213 3001; x_wconf 74' lang='lat' dir='ltr'>,tectoria</span> <span class='ocrx_word' id='word_1_382' title='bbox 2216 2941 2397 3004; x_wconf 72' lang='lat' dir='ltr'>prima,</span> 
     </span>
     <span class='ocr_line' id='line_1_68' title="bbox 1386 3007 2401 3071; baseline 0.005 -17"><span class='ocrx_word' id='word_1_383' title='bbox 1386 3008 1785 3055; x_wconf 84' lang='lat' dir='ltr'>incrustationem</span> <span class='ocrx_word' id='word_1_384' title='bbox 1821 3010 1989 3067; x_wconf 73' lang='lat' dir='ltr'>panis:</span> <span class='ocrx_word' id='word_1_385' title='bbox 2026 3007 2094 3071; x_wconf 80' lang='lat' dir='ltr'>(v.</span> <span class='ocrx_word' id='word_1_386' title='bbox 2129 3021 2235 3067; x_wconf 84' lang='lat' dir='ltr'>sup.</span> <span class='ocrx_word' id='word_1_387' title='bbox 2267 3011 2330 3055; x_wconf 86' lang='lat' dir='ltr'>ad</span> <span class='ocrx_word' id='word_1_388' title='bbox 2354 3025 2401 3060; x_wconf 87' lang='lat' dir='ltr'>v.</span> 
     </span>
     <span class='ocr_line' id='line_1_69' title="bbox 1387 3070 2455 3133; baseline 0.004 -14"><span class='ocrx_word' id='word_1_389' title='bbox 1387 3071 1498 3119; x_wconf 75' lang='lat'>461.</span> <span class='ocrx_word' id='word_1_390' title='bbox 1530 3070 1652 3133; x_wconf 92' lang='lat' dir='ltr'>seq.)</span> <span class='ocrx_word' id='word_1_391' title='bbox 1687 3087 1801 3119; x_wconf 89' lang='lat' dir='ltr'>nam</span> <span class='ocrx_word' id='word_1_392' title='bbox 1835 3074 2025 3119; x_wconf 79' lang='lat' dir='ltr'>tectoria</span> <span class='ocrx_word' id='word_1_393' title='bbox 2057 3072 2270 3131; x_wconf 74' lang='lat' dir='ltr'>secunda,</span> <span class='ocrx_word' id='word_1_394' title='bbox 2287 3072 2411 3133; x_wconf 60' lang='lat' dir='ltr'>quae*</span> <span class='ocrx_word' id='word_1_395' title='bbox 2449 3079 2455 3084; x_wconf 82' lang='grc'><em>“</em></span> 
     </span>
     <span class='ocr_line' id='line_1_70' title="bbox 1388 3137 2403 3198; baseline 0.004 -16"><span class='ocrx_word' id='word_1_396' title='bbox 1388 3151 1519 3183; x_wconf 82' lang='lat' dir='ltr'>nunc</span> <span class='ocrx_word' id='word_1_397' title='bbox 1530 3137 1669 3182; x_wconf 82' lang='lat' dir='ltr'>faciei</span> <span class='ocrx_word' id='word_1_398' title='bbox 1683 3137 1889 3193; x_wconf 85' lang='lat' dir='ltr'>inducit,</span> <span class='ocrx_word' id='word_1_399' title='bbox 1903 3145 2017 3183; x_wconf 86' lang='lat' dir='ltr'>sunt</span> <span class='ocrx_word' id='word_1_400' title='bbox 2039 3139 2130 3190; x_wconf 85' lang='lat' dir='ltr'>lac,</span> <span class='ocrx_word' id='word_1_401' title='bbox 2153 3147 2403 3198; x_wconf 82' lang='lat' dir='ltr'>unguenta</span> 
     </span>
     <span class='ocr_line' id='line_1_71' title="bbox 1391 3199 2405 3264; baseline 0.002 -17"><span class='ocrx_word' id='word_1_402' title='bbox 1391 3199 1610 3264; x_wconf 68' lang='lat' dir='ltr'>(foliata)</span> <span class='ocrx_word' id='word_1_403' title='bbox 1633 3207 1683 3246; x_wconf 90' lang='lat' dir='ltr'>et</span> <span class='ocrx_word' id='word_1_404' title='bbox 1704 3202 1818 3247; x_wconf 84' lang='lat' dir='ltr'>fuci.</span> <span class='ocrx_word' id='word_1_405' title='bbox 1841 3200 1874 3247; x_wconf 90' lang='lat' dir='ltr'>J</span> <span class='ocrx_word' id='word_1_406' title='bbox 1876 3214 1957 3246; x_wconf 89' lang='lat' dir='ltr'>am</span> <span class='ocrx_word' id='word_1_407' title='bbox 1981 3202 2128 3248; x_wconf 81' lang='lat' dir='ltr'>facies</span> <span class='ocrx_word' id='word_1_408' title='bbox 2140 3204 2304 3263; x_wconf 71' lang='lat' dir='ltr'>incipit</span> <span class='ocrx_word' id='word_1_409' title='bbox 2321 3203 2405 3250; x_wconf 81' lang='lat' dir='ltr'>a&#39;d·</span> 
     </span>
     <span class='ocr_line' id='line_1_72' title="bbox 1390 3265 2403 3328; baseline 0.001 -17"><span class='ocrx_word' id='word_1_410' title='bbox 1390 3265 1883 3328; x_wconf 74' lang='lat' dir='ltr'>nosci,atqaesovetur,</span> <span class='ocrx_word' id='word_1_411' title='bbox 1896 3267 2128 3324; x_wconf 86' lang='lat' dir='ltr'>abluitur,</span> <span class='ocrx_word' id='word_1_412' title='bbox 2148 3268 2403 3314; x_wconf 82' lang='lat' dir='ltr'>tenerescit</span> 
     </span>
     <span class='ocr_line' id='line_1_73' title="bbox 1392 3330 2402 3388; baseline 0.001 -13"><span class='ocrx_word' id='word_1_413' title='bbox 1392 3337 1441 3375; x_wconf 89' lang='lat' dir='ltr'>et</span> <span class='ocrx_word' id='word_1_414' title='bbox 1458 3332 1717 3375; x_wconf 87' lang='lat' dir='ltr'>candorem</span> <span class='ocrx_word' id='word_1_415' title='bbox 1751 3330 1950 3388; x_wconf 86' lang='lat' dir='ltr'>adcipit,</span> <span class='ocrx_word' id='word_1_416' title='bbox 1973 3331 2088 3377; x_wconf 81' lang='lat' dir='ltr'>laete</span> <span class='ocrx_word' id='word_1_417' title='bbox 2117 3331 2325 3376; x_wconf 68' lang='lat' dir='ltr'>asinino.</span> <span class='ocrx_word' id='word_1_418' title='bbox 2356 3347 2402 3376; x_wconf 88' lang='lat' dir='ltr'>v.</span> 
     </span>
     <span class='ocr_line' id='line_1_74' title="bbox 1393 3392 2405 3452; baseline 0.002 -14"><span class='ocrx_word' id='word_1_419' title='bbox 1393 3407 1501 3452; x_wconf 86' lang='lat' dir='ltr'>sup.</span> <span class='ocrx_word' id='word_1_420' title='bbox 1524 3396 1585 3439; x_wconf 89' lang='lat' dir='ltr'>ad</span> <span class='ocrx_word' id='word_1_421' title='bbox 1622 3392 1689 3438; x_wconf 93' lang='lat'>11.</span> <span class='ocrx_word' id='word_1_422' title='bbox 1726 3393 1834 3440; x_wconf 92' lang='grc'><strong>107.</strong></span> <span class='ocrx_word' id='word_1_423' title='bbox 1906 3392 2017 3439; x_wconf 78' lang='grc'><strong>469.</strong></span> <span class='ocrx_word' id='word_1_424' title='bbox 2051 3393 2161 3440; x_wconf 78' lang='lat'>470.</span> <span class='ocrx_word' id='word_1_425' title='bbox 2198 3393 2257 3438; x_wconf 86' lang='lat' dir='ltr'>Id</span> <span class='ocrx_word' id='word_1_426' title='bbox 2289 3394 2405 3440; x_wconf 83' lang='lat' dir='ltr'>fecit</span> 
     </span>
     <span class='ocr_line' id='line_1_75' title="bbox 1395 3457 2408 3516; baseline 0.001 -13"><span class='ocrx_word' id='word_1_427' title='bbox 1395 3460 1620 3516; x_wconf 86' lang='lat' dir='ltr'>Poppaea,</span> <span class='ocrx_word' id='word_1_428' title='bbox 1640 3458 1690 3501; x_wconf 90' lang='lat' dir='ltr'>in</span> <span class='ocrx_word' id='word_1_429' title='bbox 1714 3457 1940 3502; x_wconf 84' lang='lat' dir='ltr'>exsilium</span> <span class='ocrx_word' id='word_1_430' title='bbox 1964 3457 2126 3503; x_wconf 82' lang='lat' dir='ltr'>missa.</span> <span class='ocrx_word' id='word_1_431' title='bbox 2152 3471 2199 3503; x_wconf 88' lang='lat' dir='ltr'>v.</span> <span class='ocrx_word' id='word_1_432' title='bbox 2217 3469 2323 3514; x_wconf 86' lang='lat' dir='ltr'>sup.</span> <span class='ocrx_word' id='word_1_433' title='bbox 2347 3461 2408 3504; x_wconf 84' lang='lat' dir='ltr'>ad</span> 
     </span>
     <span class='ocr_line' id='line_1_76' title="bbox 1395 3520 2409 3579; baseline 0.001 -11"><span class='ocrx_word' id='word_1_434' title='bbox 1395 3523 1417 3568; x_wconf 93' lang='lat'>1</span> <span class='ocrx_word' id='word_1_435' title='bbox 1430 3523 1464 3567; x_wconf 87' lang='grc' dir='ltr'>Ι.</span> <span class='ocrx_word' id='word_1_436' title='bbox 1492 3521 1599 3568; x_wconf 87' lang='grc'><strong>107.</strong></span> <span class='ocrx_word' id='word_1_437' title='bbox 1625 3520 1686 3565; x_wconf 80' lang='lat' dir='ltr'>ad</span> <span class='ocrx_word' id='word_1_438' title='bbox 1697 3535 1829 3566; x_wconf 74' lang='lat' dir='ltr'>axem</span> <span class='ocrx_word' id='word_1_439' title='bbox 1843 3521 2195 3579; x_wconf 77' lang='lat' dir='ltr'>Hyperboreum</span> <span class='ocrx_word' id='word_1_440' title='bbox 2217 3521 2264 3564; x_wconf 87' lang='lat' dir='ltr'>h.</span> <span class='ocrx_word' id='word_1_441' title='bbox 2284 3534 2326 3566; x_wconf 85' lang='lat' dir='ltr'>e.</span> <span class='ocrx_word' id='word_1_442' title='bbox 2345 3524 2409 3569; x_wconf 86' lang='lat' dir='ltr'>ad</span> 
     </span>
     <span class='ocr_line' id='line_1_77' title="bbox 1394 3583 2410 3646; baseline 0.003 -16"><span class='ocrx_word' id='word_1_443' title='bbox 1394 3591 1636 3631; x_wconf 87' lang='lat' dir='ltr'>extremas</span> <span class='ocrx_word' id='word_1_444' title='bbox 1652 3587 1831 3646; x_wconf 71' lang='lat' dir='ltr'>‘easque</span> <span class='ocrx_word' id='word_1_445' title='bbox 1844 3583 2257 3643; x_wconf 78' lang='lat' dir='ltr'>septemtrionales</span> <span class='ocrx_word' id='word_1_446' title='bbox 2270 3592 2410 3633; x_wconf 78' lang='lat' dir='ltr'>terroe</span> 
     </span>
     <span class='ocr_line' id='line_1_78' title="bbox 1395 3649 2410 3709; baseline 0.003 -15"><span class='ocrx_word' id='word_1_447' title='bbox 1395 3655 1571 3709; x_wconf 86' lang='lat' dir='ltr'>partes.</span> <span class='ocrx_word' id='word_1_448' title='bbox 1603 3662 1757 3703; x_wconf 68' lang='lat' dir='ltr'>axem,</span> <span class='ocrx_word' id='word_1_449' title='bbox 1782 3649 1973 3708; x_wconf 85' lang='lat' dir='ltr'>plagam</span> <span class='ocrx_word' id='word_1_450' title='bbox 1998 3651 2120 3703; x_wconf 90' lang='lat' dir='ltr'>coeli,</span> <span class='ocrx_word' id='word_1_451' title='bbox 2145 3657 2199 3695; x_wconf 90' lang='lat' dir='ltr'>ut</span> <span class='ocrx_word' id='word_1_452' title='bbox 2212 3652 2410 3709; x_wconf 86' lang='lat' dir='ltr'>passim.</span> 
     </span>
     <span class='ocr_line' id='line_1_79' title="bbox 1401 3712 2410 3772; baseline 0.001 -13"><span class='ocrx_word' id='word_1_453' title='bbox 1401 3716 1476 3759; x_wconf 87' lang='lat' dir='ltr'>De</span> <span class='ocrx_word' id='word_1_454' title='bbox 1494 3712 1809 3772; x_wconf 67' lang='lat' dir='ltr'>Hyperboreis</span> <span class='ocrx_word' id='word_1_455' title='bbox 1824 3712 1912 3758; x_wconf 89' lang='lat' dir='ltr'>loc.</span> <span class='ocrx_word' id='word_1_456' title='bbox 1933 3715 2070 3759; x_wconf 87' lang='lat' dir='ltr'>class.</span> <span class='ocrx_word' id='word_1_457' title='bbox 2086 3714 2212 3762; x_wconf 85' lang='lat' dir='ltr'>Plin.</span> <span class='ocrx_word' id='word_1_458' title='bbox 2226 3714 2316 3762; x_wconf 83' lang='lat' dir='ltr'>lv.</span> <span class='ocrx_word' id='word_1_459' title='bbox 2332 3716 2410 3764; x_wconf 71' lang='lat'>12.</span> 
     </span>
     <span class='ocr_line' id='line_1_80' title="bbox 1401 3778 2398 3841; baseline 0.003 -16"><span class='ocrx_word' id='word_1_460' title='bbox 1401 3779 1477 3825; x_wconf 81' lang='lat' dir='ltr'>cf.</span> <span class='ocrx_word' id='word_1_461' title='bbox 1501 3778 1640 3837; x_wconf 85' lang='lat' dir='ltr'>Virg.</span> <span class='ocrx_word' id='word_1_462' title='bbox 1661 3779 1749 3824; x_wconf 90' lang='lat' dir='ltr'>Ge.</span> <span class='ocrx_word' id='word_1_463' title='bbox 1774 3778 1869 3823; x_wconf 86' lang='lat'>111.</span> <span class='ocrx_word' id='word_1_464' title='bbox 1891 3778 1998 3824; x_wconf 86' lang='lat'>196.</span> <span class='ocrx_word' id='word_1_465' title='bbox 2022 3780 2183 3841; x_wconf 81' lang='lat' dir='ltr'>ibique</span> <span class='ocrx_word' id='word_1_466' title='bbox 2206 3781 2398 3839; x_wconf 84' lang='lat' dir='ltr'>Heyne.</span> 
     </span>
     <span class='ocr_line' id='line_1_81' title="bbox 1466 3841 2417 3908; baseline 0.003 -21"><span class='ocrx_word' id='word_1_467' title='bbox 1466 3841 1580 3888; x_wconf 76' lang='lat'>472.</span> <span class='ocrx_word' id='word_1_468' title='bbox 1598 3844 1724 3902; x_wconf 71' lang='lat' dir='ltr'>offas,</span> <span class='ocrx_word' id='word_1_469' title='bbox 1744 3843 1894 3889; x_wconf 85' lang='lat' dir='ltr'>micas</span> <span class='ocrx_word' id='word_1_470' title='bbox 1913 3844 1989 3889; x_wconf 80' lang='lat' dir='ltr'>vel</span> <span class='ocrx_word' id='word_1_471' title='bbox 2002 3844 2199 3902; x_wconf 84' lang='lat' dir='ltr'>frustra,</span> <span class='ocrx_word' id='word_1_472' title='bbox 2213 3844 2417 3908; x_wconf 71' lang='lat' dir='ltr'>siliiguis</span> 
     </span>
     <span class='ocr_line' id='line_1_82' title="bbox 1401 3903 2413 3968; baseline -0.003 -12"><span class='ocrx_word' id='word_1_473' title='bbox 1401 3911 1536 3956; x_wconf 79' lang='lat' dir='ltr'>eoctae</span> <span class='ocrx_word' id='word_1_474' title='bbox 1553 3911 1596 3952; x_wconf 80' lang='lat' dir='ltr'>et</span> <span class='ocrx_word' id='word_1_475' title='bbox 1617 3903 1812 3952; x_wconf 70' lang='lat' dir='ltr'>madidae</span> <span class='ocrx_word' id='word_1_476' title='bbox 1833 3909 1959 3954; x_wconf 87' lang='lat' dir='ltr'>lacte</span> <span class='ocrx_word' id='word_1_477' title='bbox 1990 3909 2199 3956; x_wconf 74' lang='lat' dir='ltr'>asinino:</span> <span class='ocrx_word' id='word_1_478' title='bbox 2236 3924 2281 3954; x_wconf 73' lang='grc' dir='ltr'>ν.</span> <span class='ocrx_word' id='word_1_479' title='bbox 2307 3912 2413 3968; x_wconf 87' lang='lat' dir='ltr'>sup.</span> 
     </span>
     <span class='ocr_line' id='line_1_83' title="bbox 1408 3969 2417 4035; baseline -0.003 -16"><span class='ocrx_word' id='word_1_480' title='bbox 1408 3969 1469 4019; x_wconf 80' lang='lat' dir='ltr'>a‘d</span> <span class='ocrx_word' id='word_1_481' title='bbox 1495 3973 1561 4017; x_wconf 91' lang='lat'>11.</span> <span class='ocrx_word' id='word_1_482' title='bbox 1588 3971 1695 4019; x_wconf 90' lang='grc'><strong>107.</strong></span> <span class='ocrx_word' id='word_1_483' title='bbox 1713 3979 1762 4017; x_wconf 92' lang='lat' dir='ltr'>et</span> <span class='ocrx_word' id='word_1_484' title='bbox 1779 3972 1834 4019; x_wconf 90' lang='lat' dir='ltr'>V.</span> <span class='ocrx_word' id='word_1_485' title='bbox 1859 3973 1937 4019; x_wconf 87' lang='grc'>70.</span> <span class='ocrx_word' id='word_1_486' title='bbox 2001 3972 2114 4020; x_wconf 81' lang='grc'><strong>473.</strong></span> <span class='ocrx_word' id='word_1_487' title='bbox 2122 3973 2275 4035; x_wconf 74' lang='lat' dir='ltr'>facies</span> <span class='ocrx_word' id='word_1_488' title='bbox 2296 3972 2417 4017; x_wconf 77' lang='lat' dir='ltr'>dice-</span> 
     </span>
    </p>
   </div>
   <div class='ocr_carea' id='block_1_16' title="bbox 318 4030 2423 4417">
    <p class='ocr_par' dir='ltr' id='par_1_19' title="bbox 318 4030 2423 4417">
     <span class='ocr_line' id='line_1_84' title="bbox 318 4030 2417 4095; baseline 0.001 -16"><span class='ocrx_word' id='word_1_489' title='bbox 318 4030 621 4095; x_wconf 77' lang='lat' dir='ltr'>junguntur.</span> <span class='ocrx_word' id='word_1_490' title='bbox 686 4040 845 4082; x_wconf 86' lang='lat' dir='ltr'>Poetae</span> <span class='ocrx_word' id='word_1_491' title='bbox 880 4043 1042 4081; x_wconf 81' lang='lat' dir='ltr'>autem</span> <span class='ocrx_word' id='word_1_492' title='bbox 1067 4038 1232 4083; x_wconf 86' lang='lat' dir='ltr'>animo</span> <span class='ocrx_word' id='word_1_493' title='bbox 1259 4041 1343 4082; x_wconf 89' lang='lat' dir='ltr'>ob·</span> <span class='ocrx_word' id='word_1_494' title='bbox 1407 4042 1510 4093; x_wconf 77' lang='lat' dir='ltr'>tur,</span> <span class='ocrx_word' id='word_1_495' title='bbox 1525 4031 1765 4081; x_wconf 69' lang='lat' dir='ltr'>an‘ulcuse</span> <span class='ocrx_word' id='word_1_496' title='bbox 1801 4036 1916 4082; x_wconf 86' lang='lat' dir='ltr'>nam</span> <span class='ocrx_word' id='word_1_497' title='bbox 1937 4044 1984 4083; x_wconf 92' lang='lat' dir='ltr'>et</span> <span class='ocrx_word' id='word_1_498' title='bbox 2002 4039 2163 4083; x_wconf 87' lang='lat' dir='ltr'>ulcera</span> <span class='ocrx_word' id='word_1_499' title='bbox 2179 4038 2246 4082; x_wconf 88' lang='lat' dir='ltr'>sic</span> <span class='ocrx_word' id='word_1_500' title='bbox 2263 4036 2417 4081; x_wconf 87' lang='lat' dir='ltr'>medi-</span> 
     </span>
     <span class='ocr_line' id='line_1_85' title="bbox 328 4100 2396 4160; baseline 0.001 -18"><span class='ocrx_word' id='word_1_501' title='bbox 328 4106 522 4146; x_wconf 84' lang='lat' dir='ltr'>versata</span> <span class='ocrx_word' id='word_1_502' title='bbox 536 4101 761 4147; x_wconf 89' lang='lat' dir='ltr'>videntur</span> <span class='ocrx_word' id='word_1_503' title='bbox 772 4102 915 4146; x_wconf 84' lang='lat' dir='ltr'>verba</span> <span class='ocrx_word' id='word_1_504' title='bbox 930 4100 1105 4146; x_wconf 87' lang='lat' dir='ltr'>Lucilii</span> <span class='ocrx_word' id='word_1_505' title='bbox 1122 4100 1345 4149; x_wconf 82' lang='lat' dir='ltr'>sat.xv.</span> <span class='ocrx_word' id='word_1_506' title='bbox 1410 4100 1646 4149; x_wconf 86' lang='lat' dir='ltr'>camentis</span> <span class='ocrx_word' id='word_1_507' title='bbox 1670 4109 1718 4146; x_wconf 86' lang='lat' dir='ltr'>et</span> <span class='ocrx_word' id='word_1_508' title='bbox 1734 4102 2006 4160; x_wconf 89' lang='lat' dir='ltr'>emplastris</span> <span class='ocrx_word' id='word_1_509' title='bbox 2029 4103 2266 4146; x_wconf 80' lang='lat' dir='ltr'>foventur.</span> <span class='ocrx_word' id='word_1_510' title='bbox 2392 4123 2396 4128; x_wconf 93' lang='lat'>·</span> 
     </span>
     <span class='ocr_line' id='line_1_86' title="bbox 333 4160 2420 4223; baseline 0.001 -17"><span class='ocrx_word' id='word_1_511' title='bbox 333 4160 489 4216; x_wconf 82' lang='lat' dir='ltr'>Quum</span> <span class='ocrx_word' id='word_1_512' title='bbox 508 4168 655 4210; x_wconf 80' lang='lat' dir='ltr'>tecum</span> <span class='ocrx_word' id='word_1_513' title='bbox 672 4170 755 4217; x_wconf 84' lang='lat' dir='ltr'>est,</span> <span class='ocrx_word' id='word_1_514' title='bbox 778 4164 955 4223; x_wconf 75' lang='lat' dir='ltr'>quidvis</span> <span class='ocrx_word' id='word_1_515' title='bbox 972 4166 1082 4210; x_wconf 76' lang='lat' dir='ltr'>satis</span> <span class='ocrx_word' id='word_1_516' title='bbox 1103 4168 1196 4210; x_wconf 79' lang='lat' dir='ltr'>est.-</span> <span class='ocrx_word' id='word_1_517' title='bbox 1221 4166 1347 4211; x_wconf 74' lang='lat' dir='ltr'>visu-</span> <span class='ocrx_word' id='word_1_518' title='bbox 1474 4164 1748 4213; x_wconf 72' lang='lat'>474—-485,</span> <span class='ocrx_word' id='word_1_519' title='bbox 1773 4166 1883 4210; x_wconf 81' lang='lat' dir='ltr'>Alia</span> <span class='ocrx_word' id='word_1_520' title='bbox 1903 4166 2109 4211; x_wconf 89' lang='lat' dir='ltr'>crudelis</span> <span class='ocrx_word' id='word_1_521' title='bbox 2125 4164 2321 4210; x_wconf 83' lang='lat' dir='ltr'>feminae</span> <span class='ocrx_word' id='word_1_522' title='bbox 2336 4175 2420 4209; x_wconf 87' lang='lat' dir='ltr'>ne-</span> 
     </span>
     <span class='ocr_line' id='line_1_87' title="bbox 333 4227 2420 4291; baseline 0.001 -21"><span class='ocrx_word' id='word_1_523' title='bbox 333 4227 386 4271; x_wconf 75' lang='lat' dir='ltr'>ri</span> <span class='ocrx_word' id='word_1_524' title='bbox 404 4227 547 4273; x_wconf 78' lang='lat' dir='ltr'>alieni</span> <span class='ocrx_word' id='word_1_525' title='bbox 570 4230 679 4274; x_wconf 74' lang='lat' dir='ltr'>Sint</span> <span class='ocrx_word' id='word_1_526' title='bbox 710 4229 933 4286; x_wconf 76' lang='lat' dir='ltr'>homines,</span> <span class='ocrx_word' id='word_1_527' title='bbox 958 4230 1150 4287; x_wconf 74' lang='lat' dir='ltr'>spiram,</span> <span class='ocrx_word' id='word_1_528' title='bbox 1175 4230 1350 4290; x_wconf 80' lang='lat' dir='ltr'>pallas,</span> <span class='ocrx_word' id='word_1_529' title='bbox 1411 4232 1561 4291; x_wconf 83' lang='lat' dir='ltr'>gotia,</span> <span class='ocrx_word' id='word_1_530' title='bbox 1607 4244 1718 4291; x_wconf 87' lang='lat' dir='ltr'>quae</span> <span class='ocrx_word' id='word_1_531' title='bbox 1755 4243 1899 4274; x_wconf 90' lang='lat' dir='ltr'>mane</span> <span class='ocrx_word' id='word_1_532' title='bbox 1939 4230 2056 4287; x_wconf 86' lang='lat' dir='ltr'>agit,</span> <span class='ocrx_word' id='word_1_533' title='bbox 2096 4233 2352 4285; x_wconf 87' lang='lat' dir='ltr'>postquam</span> <span class='ocrx_word' id='word_1_534' title='bbox 2391 4243 2420 4273; x_wconf 92' lang='lat' dir='ltr'>e</span> 
     </span>
     <span class='ocr_line' id='line_1_88' title="bbox 332 4288 2420 4351; baseline -0.001 -13"><span class='ocrx_word' id='word_1_535' title='bbox 332 4289 603 4349; x_wconf 60' lang='lat' dir='ltr'>redimicula</span> <span class='ocrx_word' id='word_1_536' title='bbox 613 4294 809 4351; x_wconf 79' lang='lat' dir='ltr'>promit.</span> <span class='ocrx_word' id='word_1_537' title='bbox 1414 4297 1539 4340; x_wconf 91' lang='lat' dir='ltr'>lecto</span> <span class='ocrx_word' id='word_1_538' title='bbox 1561 4293 1783 4338; x_wconf 84' lang='lat' dir='ltr'>surrexit.</span> <span class='ocrx_word' id='word_1_539' title='bbox 1818 4329 1821 4334; x_wconf 89' lang='lat'>.</span> <span class='ocrx_word' id='word_1_540' title='bbox 1852 4292 1999 4338; x_wconf 83' lang='lat' dir='ltr'>Saevit</span> <span class='ocrx_word' id='word_1_541' title='bbox 2022 4288 2350 4340; x_wconf 56' lang='lat' dir='ltr'>in‘familiatm</span> <span class='ocrx_word' id='word_1_542' title='bbox 2371 4299 2420 4336; x_wconf 90' lang='lat' dir='ltr'>et</span> 
     </span>
     <span class='ocr_line' id='line_1_89' title="bbox 367 4350 2423 4417; baseline 0 -14"><span class='ocrx_word' id='word_1_543' title='bbox 367 4371 368 4374; x_wconf 47' lang='lat'>¹</span> <span class='ocrx_word' id='word_1_544' title='bbox 400 4352 511 4403; x_wconf 70' lang='lat'>465.</span> <span class='ocrx_word' id='word_1_545' title='bbox 535 4351 774 4404; x_wconf 76' lang='lat' dir='ltr'>Foliotum</span> <span class='ocrx_word' id='word_1_546' title='bbox 789 4363 1107 4417; x_wconf 86' lang='lat' dir='ltr'>unguentum.</span> <span class='ocrx_word' id='word_1_547' title='bbox 1130 4370 1168 4404; x_wconf 77' lang='lat' dir='ltr'>s,</span> <span class='ocrx_word' id='word_1_548' title='bbox 1192 4359 1350 4406; x_wconf 88' lang='lat' dir='ltr'>nardi·</span> <span class='ocrx_word' id='word_1_549' title='bbox 1415 4358 1558 4412; x_wconf 84' lang='lat' dir='ltr'>iram,</span> <span class='ocrx_word' id='word_1_550' title='bbox 1576 4357 1626 4403; x_wconf 86' lang='lat' dir='ltr'>in</span> <span class='ocrx_word' id='word_1_551' title='bbox 1643 4356 1873 4404; x_wconf 83' lang='lat' dir='ltr'>maritum</span> <span class='ocrx_word' id='word_1_552' title='bbox 1885 4350 2267 4416; x_wconf 74' lang='lat' dir='ltr'>quacumque‘de</span> <span class='ocrx_word' id='word_1_553' title='bbox 2277 4367 2423 4403; x_wconf 83' lang='lat' dir='ltr'>causa</span> 
     </span>
    </p>
   </div>
  </div>
 </body>
</html>
