2978 4920
997 298 1447 364 SATIRA
1508 299 1581 362 V.

345 475 526 551 Esto,
559 487 632 538 ut
662 494 828 536 nune
851 469 1067 547 multi,
1097 469 1275 532 dives
1305 468 1447 544 tibi,
1478 491 1722 554 pauper
1751 467 1985 532 amieis.

428 575 691 639 Anseris
719 585 865 639 ante
892 572 1105 659 ipsum
1133 570 1345 656 magni
1366 572 1574 655 jecur,
1605 570 1932 635 anseribus
1961 592 2080 655 par

347 675 586 753 Altius,
615 688 677 740 et
707 675 856 740 flavi
885 674 1120 758 dignus
1147 672 1318 736 ferro
1350 672 1666 758 Meleagri

2212 671 2336 733 115

348 777 581 840 Fumat
609 799 795 862 aper:
842 774 1188 861 post-hunc
1217 771 1552 837 tradentur
1581 773 1829 851 tubera,
1861 773 1913 837 si
1943 793 2054 835 ver

349 878 538 940 Tunc
566 878 708 954 erit,
737 887 803 940 et
830 874 1063 940 facient
1091 885 1312 959 optata
1341 873 1627 957 tonitrua
1656 896 1863 937 coenas

738 975 893 1041 Tibi
923 974 1087 1039 habe
1115 975 1532 1051 frumentum,
1564 974 1862 1039 Alledius
1888 974 1995 1059 inq
2004 973 2122 1051 uit,

349 1080 406 1142 O
437 1079 685 1165 Libye3
734 1077 1027 1164 disjunge
1054 1076 1268 1152 boves»,
1301 1075 1457 1139 dum
1486 1077 1717 1140 tubera
1744 1076 1976 1141 mittas,

354 1181 745 1243 Structorem
772 1178 1036 1256 interea,
1063 1198 1147 1239 ne
1175 1199 1307 1262 qua
1335 1175 1686 1261 indignatio
1714 1176 1899 1254 desit,
1976 1226 1981 1229 -

350 978 647 1062 Majores.

2104 934 2109 941 ι

2214 1134 2368 1239 ιω

353 1279 698 1344 Saltantem
731 1290 994 1365 spectet-3,
1025 1289 1091 1342 et
1119 1278 1595 1341 chironomonta
1622 1276 1859 1341 volanti

269 1437 367 1488 gat,
379 1432 464 1476 sed
481 1444 621 1491 aequo
637 1443 807 1478 omnes
824 1437 996 1476 tractat
1008 1425 1132 1492 jure,
1145 1436 1193 1475 et
1208 1430 1277 1475 ita

268 1507 318 1539 se
333 1496 474 1554 gerit,
492 1502 563 1551 ut,
583 1509 664 1541 eos
679 1507 872 1554 quoque
889 1494 1018 1540 cives
1035 1506 1157 1548 esse,
1172 1507 1277 1538 me·

273 1560 465 1604 minisse
479 1552 711 1605 videatur.
738 1559 816 1606 Cf.
831 1558 1021 1604 Ernesti
1035 1559 1155 1604 clav.
1172 1558 1272 1603 Cic.

271 1635 318 1666 v.
338 1622 508 1669 civilis.
550 1623 708 1669 Coenat
729 1623 944 1678 civiliter,
961 1623 1044 1682 qui
1068 1636 1162 1667 non
1182 1620 1275 1669 sibi

1339 1429 1463 1486 apri,
1492 1428 1615 1473 Plin.
1637 1429 1778 1475 VIII.
1809 1426 1887 1473 51.
1914 1441 1950 1472 s.
1976 1428 2052 1474 78.
2087 1429 2346 1482 tradentur,

1339 1495 1644 1551 adponentur
1673 1493 1813 1538 diviti
1842 1499 1893 1537 et
1924 1492 2249 1552 porrigentur,
2274 1497 2349 1537 tu-

1339 1556 1466 1615 bera,
1488 1559 1549 1603 de
1571 1558 1746 1614 quibus
1767 1571 1813 1600 v.
1836 1557 1927 1606 inf.
1948 1557 2008 1602 ad
2031 1556 2173 1602 XIV.
2196 1558 2245 1604 7.

1406 1620 1515 1668 117.
1540 1620 1587 1666 T
1580 1620 1716 1666 ubera
1734 1620 1950 1666 dicuntur
1966 1622 2112 1678 nasci,
2124 1623 2170 1667 st·
2183 1621 2349 1667 imbres

270 1687 343 1731 vel
355 1687 523 1745 paucis
540 1687 723 1745 optima
739 1687 941 1746 quevis,
955 1687 1124 1732 ceteris
1142 1687 1276 1743 vilia,
1323 1684 1519 1747 fuerint
1537 1685 1849 1731 auctumnaler
1866 1690 1909 1731 et
1931 1686 2137 1731 tonitrua
2157 1686 2312 1732 crebra
2326 1699 2344 1731 .·

271 1751 352 1795 sed
385 1750 479 1795 sibi
512 1764 568 1795 ac
599 1752 813 1796 convivis
845 1752 1071 1796 omnibus
1102 1753 1274 1796 eadem

270 1814 446 1872 adponi
455 1810 613 1875 jubet.
680 1814 788 1861 112.
806 1813 853 1861 3.
870 1814 1011 1867 Quod
1026 1815 1067 1859 si
1085 1814 1272 1869 feceris,

270 1889 353 1935 per
368 1891 451 1923 me
467 1879 579 1924 licet
594 1881 857 1924 multorum
871 1879 1126 1924 hominum
1139 1891 1275 1924 more

271 1941 420 1999 vivas,
446 1943 515 1987 ita
536 1941 739 1987 ut'divee
760 1944 826 1988 sis
859 1942 961 2000 tibi,
986 1943 1055 1986 tui
1081 1949 1274 1986 tantum

265 2012 409 2052 ’causa
427 2007 621 2052 divitias
639 2008 854 2066 conligas
862 2006 1016 2065 iisque
1034 2006 1162 2050 solus
1176 2006 1279 2051 fru-

266 2069 383 2126 aris,
401 2077 453 2116 et
471 2083 651 2129 pauper
670 2072 851 2124 amicir,
875 2077 930 2114 ut
962 2069 1131 2115 amicis
1152 2069 1277 2115 nihil

269 2133 351 2177 des
372 2136 501 2180 dono
523 2142 572 2178 et
593 2136 653 2180 de
675 2147 726 2179 re
758 2141 843 2180 tua
869 2134 1098 2178 familiari
1119 2134 1276 2192 inper-

263 2197 381 2245 ·tias.
433 2218 436 2221 ·

334 2260 443 2307 114.
471 2260 597 2306 Ante
617 2263 768 2320 ipsum
786 2259 1046 2305 Virronem
1062 2274 1100 2304 s.
1119 2266 1276 2319 patro·

263 2332 390 2369 num
405 2325 641 2370 divitem.
707 2325 853 2377 Jecur
896 2324 1092 2379 anseris,
1132 2325 1277 2381 lacte,

261 2387 385 2440 ficu,
410 2388 573 2432 mulso
589 2395 637 2433 et
652 2389 807 2434 carica
825 2387 960 2442 farti,
978 2387 1209 2432 Romanis
1226 2388 1276 2432 in

266 2451 483 2508 summis
514 2450 696 2497 deliciis
716 2456 833 2496 erat.
858 2463 905 2497 v.
929 2450 1060 2495 Pete.
1082 2449 1176 2496 VI.
1200 2450 1278 2496 71.

260 2516 449 2563 Horat.
483 2515 582 2563 Sat.
619 2516 686 2561 11.
720 2515 767 2560 8.
801 2514 879 2561 88.
914 2520 964 2560 et
995 2515 1118 2573 inpr.
1155 2515 1280 2559 Plin.

259 2579 423 2627 vlu.
438 2578 499 2625 51
536 2591 575 2623 s.
596 2580 673 2627 77.
688 2586 736 2625 et
749 2577 818 2623 X.
836 2579 917 2626 22.
932 2592 969 2623 s.
985 2576 1062 2623 27.
1084 2578 1283 2637 Epithe-

270 2650 351 2687 ton
377 2644 545 2703 magni
565 2645 712 2689 etiam
736 2643 798 2687 ad
814 2639 955 2702 jecur
976 2645 1158 2687 anseris
1180 2655 1287 2702 spe-

271 2712 387 2760 ctat,
406 2708 469 2753 de
486 2722 581 2766 quo
602 2707 727 2754 Plin.
746 2707 778 2750 l.
797 2707 830 2751 1.
838 2695 1094 2769 fariilibus*
1106 2707 1157 2751 in
1182 2720 1279 2752 ma·-

268 2781 414 2827 gnam
448 2769 796 2829 amplitudinem
828 2770 1015 2815 crescit.-
1053 2773 1286 2826 exemtum

270 2846 446 2893 quoque
454 2835 567 2880 lacte
580 2835 725 2880 mulso
734 2838 960 2893 angelum·
1002 2839 1052 2878 et
1069 2833 1283 2879 Martial.

273 2896 419 2942 XIII.
445 2897 526 2945 58.
546 2898 741 2956 Adspice
762 2911 899 2956 quam
918 2901 1096 2942 tumeat·
1111 2909 1287 2957 magno

258 2962 398 3020 jecur
430 2976 591 3007 ansere
621 2964 771 3022 majus
803 2967 893 3006 cet.
926 2961 1159 3006 anseribus
1183 2974 1277 3020 par

271 3026 605 3079 magnitudine
626 3026 770 3070 altilis
790 3026 912 3081 aviS,
934 3022 1058 3083 i'npr.
1080 3025 1279 3083 gallina,

269 3089 444 3135 alendo
460 3092 694 3150 saginata.
722 3090 800 3135 ef.
819 3087 944 3133 Plin.
963 3088 1034 3135 X.
1049 3086 1126 3133 50.
1145 3102 1185 3135 s.
1202 3089 1278 3135 71.

272 3160 319 3199 et
332 3153 661 3199 Martiam-XII
668 3153 705 3197 1.
718 3154 796 3199 62.
865 3151 973 3198 115.
991 3164 1101 3211 aper
1111 3150 1282 3211 dignus

256 3218 393 3279 ferro
415 3209 675 3276 Meleagri,-
700 3231 802 3261 non‘
824 3217 992 3277 minor!
1003 3229 1119 3274 apro
1140 3216 1282 3276 Caly-,-

271 3277 437 3338 aonio,
452 3294 606 3341 quem
619 3282 861 3341 Meleager
878 3279 1142 3336 interemit,
1154 3282 1284 3337 quod

274 3347 349 3391 vel
372 3347 539 3405 pueris
558 3351 730 3390 notum
752 3355 816 3391 ex
836 3344 974 3389 Ovid.
1001 3344 1122 3389 Met.
1141 3343 1281 3390 vm.

260 3409 386 3456 ew.
412 3422 512 3468 seq.
551 3410 627 3455 cf.
650 3409 862 3454 Martial.
880 3406 1028 3452 XIII.
1048 3407 1135 3455 92.
1160 3409 1283 3468 Apri

267 3472 324 3517 in
357 3474 556 3519 vivariis
588 3474 737 3518 etiam
769 3473 898 3531 pasci
933 3473 1168 3530 solebant,
1199 3474 1284 3518 ubi

275 3536 489 3582 milliarii
505 3538 703 3597 quidam
719 3537 851 3582 facti.
874 3549 921 3582 v.
932 3536 1065 3594 Lips.
1085 3537 1283 3581 Poliorc.

266 3598 371 3645 ὧν.
396 3600 441 3645 1.
474 3614 587 3660 aper
618 3601 817 3653 solidus,
838 3601 1027 3660 integer
1044 3598 1211 3661 fiamat
1231 3601 1283 3645 in

275 3677 453 3729 magna
482 3666 624 3711 lance
656 3665 917 3723 adpositus,
947 3678 991 3709 v.
1026 3666 1087 3709 ad
1110 3665 1152 3712 I.
1173 3662 1283 3709 uo.

271 3727 470 3780 Planus,
488 3729 677 3788 pulcer,
697 3736 752 3774 ut
774 3729 860 3784 Gr.
874 3725 1017 3786 ξανθίς
1036 3743 1050 3772 2
1079 3734 1160 3782 ,est
1178 3726 1286 3772 vul-

271 3801 390 3850 ·gare
401 3794 651 3851 epitheton
666 3806 762 3838 non
776 3794 921 3838 modo
931 3793 1200 3853 puellarum
1212 3793 1288 3844 (ut

280 3855 484 3903 inf.>v1.
505 3855 648 3915 3542),
668 3857 752 3901 sed
784 3858 933 3902 etiam
955 3853 1169 3902 virorum
1192 3857 1289 3901 for-

271 3921 404 3965 tium
421 3923 761 3979 2heroumque,
775 3931 904 3980 qnos
935 3928 985 3967 et
1005 3921 1292 3979 pulcritudo

271 3985 510 4040 ‘decebam
547 3985 660 4030 flavi
680 3992 848 4030 autem
868 3986 1026 4033 crines
1054 3984 1170 4029 olim
1195 3996 1290 4028 non

278 4048 443 4094 minus
464 4062 522 4094 ac
541 4062 670 4094 nunc
685 4049 841 4108 pulcri
857 4049 1175 4095 censebantur
1192 4062 1207 4104 3
1244 4055 1293 4093 et

273 4110 530 4172 Meleager
562 4119 669 4158 tum
695 4114 879 4170 pulcer,
901 4120 1016 4158 tum
1034 4112 1175 4157 fortis
1197 4111 1294 4166 fnit

272 4180 332 4219 et
356 4171 515 4221 heros.
542 4180 650 4236 post
679 4176 802 4221 hunc
828 4189 1030 4235 aprumz
1069 4189 1182 4222 nam
1205 4188 1295 4220 non

285 4241 379 4283 tota
395 4240 580 4299 quidem
600 4254 741 4297 oceno,
762 4241 839 4285 sed
862 4243 910 4285 in
932 4239 1296 4301 ipso-qinepriri-

1340 1749 1590 1794 tenerrima
1633 1753 1739 1793 sunt
1783 1753 1980 1810 tempore
2021 1763 2178 1804 verno,
2220 1749 2346 1796 Ptin.

1337 1812 1493 1859 XIX.
1514 1813 1563 1860 3.
1583 1827 1752 1867 coenac,
1778 1814 1926 1870 cibos,
1950 1814 2001 1860 h.
2021 1813 2055 1859 l.
2077 1817 2260 1860 tubera.

1337 1926 1340 1931 ,
1407 1876 1516 1923 118.
1563 1876 1775 1922 Alledius
1808 1891 1983 1924 nornen
2016 1879 2192 1936 equitis
2224 1879 2349 1922 forte

1341 1941 1488 1987 Rom.
1509 1943 1679 1986 saltem
1699 1941 1909 1986 hominis
1923 1943 2097 2001 gulosi,
2111 1945 2192 1988 sed
2210 1943 2349 1987 nobis

1332 2007 1517 2067 ignoti.
1537 2004 1680 2050 Forte
1698 2006 1789 2064 leg.
1807 2006 2018 2059 Aledius,
2035 2008 2113 2052 vel
2128 2005 2347 2061 Asellius,

1340 2074 1559 2131 (praetor,
1573 2070 1655 2128 qui
1674 2081 1816 2113 usum
1835 2070 2126 2116 ciconiarum
2141 2071 2351 2116 condenss

1340 2135 1515 2180 darum
1533 2135 1717 2192 primus
1732 2134 1926 2192 reperit,
1945 2141 2065 2180 teste
2081 2137 2270 2180 Acrone
2287 2136 2350 2180 ad

1329 2200 1515 2245 ‘Hm-at.
1539 2197 1636 2243 Sat.
1663 2196 1731 2242 11.
1753 2197 1798 2243 2.
1824 2195 1923 2255 50.)
1942 2198 2021 2243 vel
2053 2198 2234 2244 Vedius.
2270 2199 2349 2246 Cf.

1340 2265 1401 2309 ad
1425 2261 1540 2307 Tac.
1569 2263 1696 2307 Ann.
1719 2261 1759 2307 I.
1779 2260 1852 2309 10.
1882 2262 1926 2307 Is
1949 2262 2119 2307 festive
2134 2263 2352 2322 adloqui·

1342 2333 1422 2372 tur
1439 2325 1652 2385 Libyam,
1661 2330 1838 2370 terram
1852 2326 2097 2371 fertilitate
2109 2327 2350 2385 insignem

1335 2397 1392 2436 et
1410 2392 1638 2435 horreum
1660 2389 1800 2434 Rom.
1824 2389 2011 2448 populi,
2030 2390 2112 2435 ubi
2136 2396 2185 2435 et
2207 2392 2347 2436 ditio·

1343 2466 1420 2499 res
1467 2452 1674 2499 Romani
1721 2466 1776 2497 ac
1819 2454 2062 2513 publicani
2105 2454 2352 2501 inmensos

1345 2532 1485 2577 agros
1517 2518 1852 2575 possidebant:
1888 2531 1974 2576 per
2003 2530 2083 2562 me
2116 2518 2167 2562 in
2198 2518 2354 2579 Libya

1347 2590 1396 2626 et
1427 2583 1478 2626 in
1513 2581 1639 2639 agris
1670 2580 1793 2625 meis
1824 2581 2023 2639 Libycis,
2044 2582 2353 2628 frumentum

1348 2659 1446 2691 non
1484 2651 1693 2700 seratur,
1726 2645 1991 2689 dummodo
2030 2645 2142 2690 inde
2187 2648 2354 2692 tubera

1349 2709 1558 2755 Romam
1576 2714 1624 2752 et
1647 2710 1708 2753 ad
1730 2707 1809 2753 me
1836 2708 2108 2754 mittantur.
2165 2709 2356 2755 'rubera

1347 2773 1578 2819 Africana
1610 2772 1789 2816 ceteris·
1811 2774 2124 2831 praestabant,
2147 2780 2196 2818 et
2217 2772 2355 2834 Misy

1348 2838 1661 2883 vocabantur.
1674 2850 1718 2880 v.
1740 2834 1864 2881 Plin.
1882 2835 2030 2883 XIX.
2048 2836 2095 2881 3.

1416 2899 1626 2947 120-4.
1660 2900 1735 2945 cf.
1768 2900 1863 2948 inf.
1891 2900 1988 2946 XI.
2021 2900 2131 2949 136.
2163 2915 2262 2961 seq.
2305 2908 2356 2948 et

1343 2961 1475 3022 Lips.
1495 2965 1591 3008 Sat.
1613 2963 1768 3011 Sei-m.
1785 2966 1852 3010 11.
1870 2964 1916 3011 2.
1935 2965 2149 3011 Structor
2167 2971 2352 3020 servus,

1345 3030 1421 3073 vel
1445 3028 1530 3087 qui
1548 3041 1739 3073 mensas
1753 3030 1968 3087 adparat,
1986 3030 2261 3091 ferculaque
2279 3046 2353 3077 or-

1346 3093 1457 3138 dine
1474 3105 1530 3137 ac
1547 3094 1800 3137 commode
1821 3091 1870 3137 in
1896 3094 2074 3138 mensis
2086 3097 2226 3140 struit
2243 3097 2293 3142 h.
2311 3111 2353 3142 e.

1341 3153 1558 3214 'disponit
1577 3163 1624 3201 et
1647 3157 1881 3209 conlocat,
1899 3150 2087 3221 (cfss'inf.
2107 3160 2221 3205 VII.
2245 3160 2353 3206 184.

1344 3233 1455 3278 quae
1478 3222 1671 3279 propria
1692 3221 1825 3266 verbi
1848 3221 1921 3266 vis
1954 3229 2046 3279 est)
2069 3225 2144 3268 vel
2171 3225 2278 3282 qui,
2300 3232 2356 3270 ut

1344 3284 1433 3330 inf.
1465 3282 1556 3329 xi.
1594 3285 1702 3330 136.
1734 3292 1782 3329 et
1817 3285 1878 3331 al.
1911 3286 2043 3330 cibos
2076 3289 2272 3345 scindit,
2306 3294 2358 3333 et

1347 3350 1494 3407 vulgo
1515 3353 1716 3408 carptor,
1740 3349 1849 3395 (inf.
1873 3348 1967 3393 IX.
1993 3345 2129 3410 110.)
2154 3352 2230 3396 vel
2251 3351 2356 3396 car-‘-

1336 3424 1449 3476 pus,
1477 3412 1551 3456 vel
1569 3413 1750 3468 scissor,
1766 3418 1816 3456 et
1826 3411 2141 3456 cheironomon
2159 3415 2354 3474 dicitur,

1347 3488 1376 3519 a
1411 3488 1510 3533 quo
1547 3481 1709 3520 tamen
1743 3476 1792 3519 h.
1828 3475 1861 3518 l.
1888 3474 2122 3533 distingui
2152 3477 2361 3528 videtur.

1352 3537 1702 3591 chironomon,
1712 3536 1987 3602 χειρονομῶν,
1999 3552 2036 3582 ε.
2050 3538 2359 3602 chironomon,

1352 3607 1427 3647 est
1447 3614 1617 3661 synon.
1653 3600 1712 3647 ‘eii‘
1740 3603 2068 3660 cheir-onomius,
2090 3604 2358 3671 χειρουὸμος,

1345 3666 1439 3723 'qui
1460 3673 1591 3710 certa
1606 3668 1815 3725 quadam
1833 3667 1936 3725 lege
1957 3663 2107 3729 (νέμῃ)
2126 3680 2172 3715 et
2190 3675 2249 3717 ad
2268 3689 2358 3721 nu-

1353 3742 1545 3775 merum
1578 3744 1754 3775 manus
1778 3726 1978 3794 (χιῒςας)
2003 3736 2235 3781 concinne
2259 3753 2356 3784 nio-

1355 3793 1486 3850 titat,
1532 3793 1599 3838 ita
1641 3802 1696 3840 ut
1750 3798 1978 3842 continue
2026 3800 2360 3859 gesticuletur,

1353 3869 1513 3916 propr.
1530 3860 1882 3917 'pantomimu8‚
1900 3860 2086 3916 histrio,
2105 3870 2151 3907 et
2160 3866 2216 3909 h.
2235 3867 2272 3913 l.
2293 3869 2361 3911 ci-

1345 3921 1527 3967 ’borum
1551 3928 1721 3970 sector.
1755 3922 1804 3968 N
1807 3933 1907 3980 arn,
1926 3929 2047 3970 teste
2071 3925 2263 3973 Petron.
2281 3930 2360 3976 36.

1355 3985 1516 4034 scissor
1538 3986 1599 4032 ad
1629 3986 1949 4051 symphoniam
1982 3990 2052 4034 ita
2078 3994 2361 4049 gesticulans

1358 4046 1526 4096 lacerat
1548 4054 1801 4111 opsonium,
1823 4055 1877 4096 ut
1888 4056 2026 4111 putes
2048 4052 2252 4101 Darium
2273 4056 2362 4115 Ity·

1358 4111 1518 4160 draule
1555 4119 1765 4161 cantante
1800 4129 2037 4174 pugnare,-
2082 4120 2210 4164 unde
2246 4122 2292 4165 h.
2328 4122 2361 4165 l.

1356 4177 1597 4225 saltantem
1612 4181 1668 4227 h.
1690 4193 1730 4224 e.
1755 4179 2136 4242 gesticulantem,
2154 4196 2264 4244 quae
2287 4197 2365 4229 so-

1345 4241 1517 4287 ‘lennis
1537 4244 1670 4287 verbi
1689 4243 1819 4287 notio
1835 4250 1883 4286 et
1900 4239 2015 4286 satis
2034 4249 2147 4288 nota
2159 4252 2247 4292 est.
2286 4247 2361 4293 Cf.

273 4302 415 4362 cipio,
437 4304 541 4348 bini
568 4305 777 4364 ternique
800 4304 986 4365 pariter
1016 4304 1299 4350 manduntur
1364 4304 1527 4351 Senec.
1543 4305 1632 4362 Ep.
1648 4303 2076 4352 47.P1in.x.5o.s.
2091 4305 2297 4355 7l.extr.
2314 4319 2362 4357 et

1503 4369 1606 4426 02
