2978 4920
581 317 708 400 me

1305 317 1979 403 JUVENALrS

671 521 924 588 Caerula
951 520 1096 608 quis
1126 495 1375 607 stupuit
1405 497 1709 588 Germani
1740 501 2003 601 lumina,
2031 502 2261 586 flavam

670 624 1028 702 Caesariem,
1058 635 1119 688 et
1150 623 1408 689 madido
1438 637 1839 712 torquentem
1869 644 2108 688 cornua
2134 624 2347 687 ciri-o?

2547 620 2683 687 -165

602 733 607 742 '
668 727 914 813 Nempe
942 725 1116 812 quod
1143 726 1281 790 haec
1308 726 1433 791 illis
1461 741 1694 792 natura
1721 738 1816 791 est
1846 726 2140 790 omnibus
2167 748 2343 818 unas
2435 739 2442 744 ·

670 827 784 892 Ad
813 828 1057 892 subitas
1088 828 1414 893 Thracum
1444 828 1732 893 volucres
1759 825 2124 913 nubemque
2154 848 2443 918 sonoram

670 928 1010 1015 Pygmaeus
1038 929 1251 1016 parvis
1278 930 1476 996 currit
1504 929 1773 995 bellator
1801 928 1867 993 in
1896 929 2124 993 armis:
2180 981 2188 989 .
2268 937 2276 977 ῑ

670 1031 838 1095 Mox
866 1029 1048 1117 inpar
1076 1030 1242 1095 hosti
1272 1042 1625 1118 raptusque
1652 1051 1924 1118 per'aera
1951 1029 2162 1093 curvis

664 1133 1011 1218 Unguibus
1039 1155 1079 1196 a
1107 1149 1275 1197 saeva
1300 1133 1507 1198 fertur
1534 1155 1712 1219 grue.
1759 1131 2053 1197 si¹videas
2079 1131 2230 1195 hoc'

2550 1127 2681 1196 170

672 1231 990 1298 Gentibus
1017 1233 1081 1297 in
1112 1235 1363 1311 nostriS,
1393 1233 1527 1298 risu
1557 1233 1882 1321 quatiare:
1930 1232 2040 1296 sed
2066 1231 2220 1309 illic,

669 1334 1072 1421 Quamquam
1100 1334 1317 1399 eadem
1349 1334 1613 1399 adsidue
1643 1345 2006 1420 spectentur
2032 1332 2280 1419 proelia,
2312 1327 2476 1397 ridet

670 1434 898 1513 Nemo,
929 1434 1041 1500 ubi
1071 1448 1208 1501 tota
1236 1435 1458 1500 cohors
1486 1435 1649 1522 pede
1676 1446 1926 1499 nonest
1957 1433 2143 1499 altior
2174 1455 2319 1526 uno.

757 1536 1032 1601 Nullane
1061 1531 1304 1624 perjuri
1333 1536 1558 1623 capitis
1586 1536 1960 1621 fraudisque
1989 1535 2283 1624 nefandae
2311 1549 2338 1619 J
2413 1542 2420 1550 '

673 1635 873 1702 Poena
900 1640 1067 1705 erit?
1113 1640 1474 1726 Abreptum
1508 1638 1691 1702 crede
1720 1637 1893 1702 hunc
1921 1637 2175 1723 gravior
2203 1649 2427 1703 'catena

2553 1620 2717 1704 ms

598 1737 601 1746 '
668 1738 1009 1817 Proteum,
1041 1751 1103 1804 et
1133 1751 1348 1803 nostro
1380 1738 1571 1825 (quid
1600 1738 1747 1825 plus
1777 1737 1932 1802 velit
1961 1737 2056 1800 ira
2075 1741 2133 1821 ?)
2181 1737 2389 1801 necari

670 1839 978 1903 Arbitrio.
1024 1850 1234 1903 manet
1261 1838 1372 1903 illa
1399 1850 1609 1903 tamen
1629 1838 1908 1923 jactura,
1945 1858 2059 1901 nec
2092 1858 2396 1926 umquam

671 1939 1051 2024 Depositum
1082 1939 1197 2003 tibi
1227 1960 1436 2024 sospes
1465 1938 1603 2002 erit.
1650 1937 1761 2001 sed
1789 1958 2050 2023 corpore
2080 1948 2312 2001 trunco

671 2040 997 2106 Invidiosa
1022 2041 1202 2107 dabit
1231 2040 1528 2105 minimus
1556 2041 1780 2106 solatia
1808 2039 2081 2127 sanguis.
2274 2073 2282 2080 .

590 2236 796 2298 dassent,
836 2252 975 2302 quem
1018 2238 1225 2287 nondum
1275 2235 1440 2303 reperi.
1519 2239 1599 2288 De

593 2301 744 2349 Meroe
776 2317 821 2350 v.
851 2316 955 2367 sup.
988 2301 1049 2350 ad
1087 2303 1182 2352 VI.
1214 2304 1326 2353 528.
1357 2305 1597 2352 mamillam

590 2365 880 2415 feminarum.
1120 2369 1123 2372 ’

662 2432 770 2479 164.
792 2431 900 2480 165.
919 2429 998 2480 ef.
1014 2430 1131 2480 Tac.
1149 2430 1312 2481 Germ.
1330 2446 1374 2480 c.
1391 2433 1438 2480 4.
1455 2439 1503 2481 et
1520 2432 1601 2481 38.

586 2496 761 2556 itupuit
779 2496 969 2552 lumina,
985 2512 1032 2543 v.
1053 2496 1115 2544 ad
1134 2497 1229 2546 IV.
1251 2498 1360 2545 119.
1402 2497 1603 2553 Ουτηιια,

592 2568 646 2607 ut
670 2559 859 2625 κέρατα,
881 2559 992 2608 nodi
1022 2560 1295 2624 capillorum
1327 2569 1377 2609 et
1407 2561 1603 2626 inplica-

595 2623 763 2686 tiones.
832 2625 973 2681 Cir-ri,
1004 2622 1227 2682 cincinni,
1262 2625 1415 2674 crines
1446 2624 1604 2690 crispi,

592 2689 668 2755 vel
689 2682 1096 2759 dependuliffc‘rro
1116 2691 1312 2738 madido.-
1349 2705 1459 2738 nam
1479 2689 1600 2738 Ger-

591 2753 721 2804 mani
740 2753 938 2818 capillos
969 2752 1194 2803 lavabant
1213 2754 1374 2802 crebro
1388 2761 1441 2802 ¹et
1462 2768 1599 2818 sapo-

593 2818 653 2879 ne
681 2812 953 2866 rutilabant.
975 2832 1021 2864 v.
1042 2817 1100 2865 Li
1135 2834 1171 2866 s.
1202 2817 1265 2865 ad
1282 2818 1399 2866 Tac.
1420 2818 1453 2866 1.
1473 2833 1519 2866 c.
1553 2825 1603 2866 et

593 2881 827 2931 Harduin.
849 2881 910 2929 ad
931 2874 1056 2929 Plin.
1136 2881 1337 2930 XVIII.
1365 2882 1436 2928 12.
1461 2897 1501 2929 s.
1523 2880 1603 2930 51.

591 2954 707 2999 extr.
728 2954 997 3009 torquentem
1014 2960 1078 2992 sc.
1091 2944 1348 3001 caesariem,
1366 2944 1442 2993 cui
1458 2945 1597 2994 docte

595 3008 828 3066 tribuitur,
851 3008 976 3074 quod
1008 3026 1091 3075 pro
1126 3011 1189 3058 rie
1211 3009 1273 3058 ad
1306 3008 1456 3074 ipsum
1492 3026 1597 3075 spe·r

592 3081 705 3141 ctat
726 3076 1032 3123 Germanum.
1150 3088 1236 3123 ura
1266 3081 1423 3123 autem
1456 3075 1599 3123 dictio

591 3138 692 3199 est:
728 3148 993 3200 torquentem
1023 3154 1191 3185 cornua
1211 3154 1238 3186 e
1261 3141 1437 3187 madido
1467 3143 1602 3188 cim-0.

590 3200 728 3250 Forte
750 3201 843 3264 leg.
861 3205 1054 3259 madidos
1074 3211 1340 3265 torquentem
1361 3206 1411 3250 in
1431 3221 1600 3252 cornua

588 3283 741 3325 carros.
816 3314 819 3321 Α

596 3380 615 3399 ,¹
661 3331 928 3380 167—173.
967 3328 1153 3378 Fabula
1192 3329 1253 3378 de
1288 3345 1432 3394 parva
1473 3329 1599 3394 Pyg-

590 3396 804 3459 Ι,ιπερὶ-απτ
822 3402 1015 3450 statura,
1037 3409 1288 3457 eorumque
1314 3409 1474 3459 pugna
1493 3410 1601 3442 cum

587 3462 792 3526 gruibus,
814 3475 918 3524 quae
951 3462 1196 3524 ingruente
1228 3458 1259 3506 h
1293 3473 1396 3507 eme
1418 3458 1467 3506 in
1484 3459 1598 3506 cali-

592 3524 932 3595 dioresplagas
955 3525 1146 3580 abeunt,
1167 3523 1240 3587 (v.
1260 3476 1388 3572 {³lin.
1411 3525 1475 3573 X.
1496 3522 1599 3588 23.)

594 3591 835 3640 notissima
870 3596 959 3647 est,
991 3596 1039 3643 et
1070 3604 1130 3637 ex
1165 3589 1448 3653 etymologia
1483 3588 1600 3638 forte

590 3654 760 3717 efficta,
779 3656 913 3719 (narn
936 3653 1100 3717 πνσγμὺ
1116 3670 1154 3703 s.
1166 3652 1324 3716 πυγῶν
1340 3654 1513 3701 cubitus
1529 3652 1599 3700 di-

595 3717 732 3773 citur,
755 3727 802 3767 et
819 3718 960 3779 τνγός
977 3716 1139 3781 brevis)
1158 3719 1251 3774 vel,
1262 3717 1424 3782 judice
1444 3717 1597 3766 Strab.

595 3780 766 3830 XVII.
795 3780 921 3836 inde,
956 3782 1088 3847 quod‘
1114 3797 1307 3848 corpora
1338 3797 1520 3830 summo
1553 3789 1601 3830 et

597 3845 752 3895 calore
783 3853 834 3894 et
862 3844 1027 3909 frigore
1058 3846 1229 3910 exigua
1259 3847 1376 3894 fiunt
1406 3854 1455 3894 et
1491 3862 1599 3894 con-

593 3918 741 3961 torta:
777 3910 1026 3974 Pygmaeos
1048 3909 1171 3957 enim
1199 3910 1380 3959 Plinius
1403 3912 1526 3958 VII.
1548 3912 1597 3959 2.

593 3977 645 4025 in
678 3974 836 4029 India,
857 3974 936 4036 (at
953 3974 1046 4021 Iv.
1073 3975 1148 4024 11.
1178 3974 1228 4022 in
1247 3974 1475 4036 Thracia)
1497 3976 1597 4022 Ho-

593 4057 764 4096 meruS,
797 4038 935 4099 Mela
961 4043 1012 4086 et
1047 4037 1213 4086 Strabo
1250 4037 1298 4085 in
1335 4037 1599 4102 AEthiopia',

592 4106 674 4155 alii
707 4106 755 4153 in
788 4102 983 4166 Scythia
1018 4104 1214 4166 ponunt.
1250 4103 1327 4150 Cf.
1361 4101 1595 4150 Harduin.

592 4171 654 4219 ad
687 4170 816 4218 Plin.
835 4168 868 4217 l.
892 4167 924 4216 l.
947 4172 995 4215 et
1027 4166 1248 4230 Koeppen
1282 4166 1343 4212 ad
1370 4167 1513 4213 Hom.
1536 4166 1560 4214 I
1582 4199 1596 4213 .

592 4247 645 4287 r.
666 4236 809 4282 3-7.
865 4233 1015 4281 Poeta
1035 4238 1192 4279 autern
1211 4231 1270 4278 de
1290 4228 1518 4278 industria
1538 4231 1597 4279 ri-

591 4299 744 4351 dicule
764 4296 923 4359 magis
942 4312 1083 4361 quam
1116 4310 1222 4344 vere
1248 4311 1344 4343 rem
1367 4296 1593 4343 memora-

589 4364 656 4411 vit
678 4372 726 4411 et
746 4361 929 4411 satirice
947 4364 1092 4418 auxit,
1111 4360 1235 4411 unde
1255 4363 1394 4411 etiam
1416 4368 1460 4409 ν’.
1485 4361 1593 4410 169.

1661 2238 1855 2303 gruibus
1885 2253 2039 2287 curvos
2069 2252 2259 2301 ungues,
2284 2229 2525 2286 h'ominem
2559 2238 2680 2303 rapi-

1661 2309 1811 2359 entes,
1833 2309 1882 2350 et
2169 2311 2176 2326 ²
2388 2355 2396 2360 ‚

1667 2421 1672 2427 ,
1731 2368 1839 2415 173.
1872 2364 2111 2431 Ργςωωὶε
2132 2364 2559 2413 minorem·tribuit
2588 2376 2679 2414 sta·

1664 2438 1836 2488 turam,
1854 2439 1997 2496 quarn
2020 2428 2208 2480 Gellius
2232 2429 2323 2478 IX.
2346 2430 2395 2478 4.
2429 2429 2617 2480 Plinius
2635 2440 2683 2480 et

1665 2494 1764 2545 alii.
1827 2497 1917 2551 Ad,
1941 2494 2179 2551 adversm,
2202 2497 2383 2550 subitas,
2406 2495 2567 2544 subito
2597 2497 2681 2544 ad-

1665 2559 1894 2616 volantes,
1918 2559 2142 2608 Thracu‘m
2163 2561 2377 2615 volucres,
2398 2575 2558 2622 grues,
2579 2576 2681 2624 quae

1666 2623 1834 2689 hyeme
1866 2625 2109 2688 ingruente
2141 2638 2170 2672 e
2188 2623 2406 2672 Thraciae
2438 2623 2614 2672 finibus
2634 2624 2683 2672 iu

1664 2688 1903 2738 Graeciam
1920 2688 2178 2752 plagasque
2195 2687 2446 2736 calidiores
2461 2687 2680 2752 migrant,

1662 2751 1791 2802 unde
1813 2753 2029 2800 Threicioe
2045 2752 2265 2801 dicuntur
2284 2751 2432 2802 Ovid.
2452 2753 2561 2801 Art.
2580 2754 2679 2801 111.

1668 2819 1779 2866 182.
1803 2825 1853 2865 et
1873 2817 2139 2880 Strymonia*
2160 2816 2295 2880 Virg.
2317 2817 2412 2866 Ge.
2437 2817 2485 2866 Ι.
2508 2818 2615 2865 120.
2635 2824 2683 2866 et

1669 2883 1787 2931 AEn.
1809 2882 1878 2931 X.
1905 2881 2133 2930 265;X1’.
2168 2882 2278 2929 580.
2310 2884 2492 2939 nubem,
2515 2881 2676 2945 ingen-

1660 2946 1755 2995 tem
1798 2953 1967 3009 gruum
2005 2944 2375 3001 multitudinem,
2408 2954 2466 2994 ut
2498 2946 2585 2994 Gr.
2618 2944 2678 2995 vi*-

1662 3016 1764 3075 φοι.
1820 3011 1925 3059 172.
1952 3011 2248 3074 Quamquam,
2270 3009 2415 3057 immo
2436 3011 2677 3074 quoniam.

1665 3076 1772 3124 Vox
1800 3073 1884 3122 illa
1908 3075 1969 3122 ab
1989 3073 2040 3121 h.
2058 3074 2096 3135 1.ν
2109 3075 2253 3140 ΡῘέωε
2286 3074 2449 3123 aliena
2482 3074 2678 3131 videtur,

1665 3138 1814 3200 et'vix
1834 3138 2015 3195 dubim,
2037 3142 2044 3149 '
2068 3139 2149 3186 'uin
2173 3146 2306 3187 'totus
2339 3138 2416 3186 hic
2441 3153 2602 3186 versus
2623 3140 2684 3188 ab

1661 3201 1849 3266 ingenio
1870 3200 2048 3268 intel-po
2069 3203 2208 3252 atoris
2220 3202 2465 3315 profectus
2486 3202 2563 3250 sit.
2651 3210 2654 3213 '

1732 3268 1840 3314 174.
1873 3267 2119 3332 Objectio,
2162 3282 2218 3316 ve
2287 3267 2439 3332 ipsius
2492 3266 2684 3316 Calviui

1664 3328 1898 3396 querentis
1918 3333 2077 3383 ver‘ba.
2133 3390 2134 3393 Ἰ
2263 3342 2268 3345 “

1734 3396 2005 3444 175—179.
2039 3390 2302 3461 Responsio
2334 3402 2521 3463 poetae:
2567 3384 2677 3470 sup-²

1664 3458 1806 3525 plicio
1839 3458 2051 3509 scelerati
2082 3459 2285 3508 hominis
2321 3459 2444 3507 nihil
2478 3459 2676 3523 proficis.

1664 3539 1753 3573 nec
1774 3523 2015 3582 damnum,
2038 3524 2164 3588 quod
2181 3539 2347 3590 passus
2368 3540 2439 3580 es,
2460 3524 2676 3572 sarcitur.

1669 3589 1775 3637 178.
1813 3586 1924 3637 179.
1958 3590 2030 3637 sed
2072 3589 2147 3638 vel
2185 3591 2395 3636 minimus
2433 3591 2621 3652 sanguis
2654 3603 2682 3637 e

1664 3663 1839 3709 trunco,
1873 3660 2103 3710 truncato,
2137 3653 2370 3708 mutilato,
2401 3660 2585 3713 corpore
2610 3653 2676 3701 ef-

1662 3717 1813 3766 fluens
1843 3719 1965 3766 dabit
1994 3717 2083 3765 tibi
2118 3719 2276 3765 solatia
2305 3718 2543 3774 invidiosa,
2556 3727 2560 3730 ’
2573 3732 2678 3781 quae

1665 3781 1750 3829 tibi
1769 3781 1994 3830 invidiam
2017 3781 2219 3830 conflent
2235 3789 2283 3830 et
2303 3781 2484 3830 odium.
2550 3780 2681 3829 Prae-

1666 3846 1831 3894 stiterit
1864 3850 2040 3903 tamen,
2065 3848 2221 3903 verba,
2241 3848 2315 3895 sed
2333 3858 2515 3906 corpore
2547 3855 2680 3911 mnf

1659 3913 1865 3959 co-vita
1866 3913 2123 3972 jucundius
2137 3913 2246 3973 ipsa,
2258 3911 2476 3975 jungere,
2496 3915 2545 3957 et
2564 3910 2680 3958 Cal-

1661 3975 1770 4024 vino
1799 3975 2016 4032 tribuere,
2049 3983 2103 4024 ut
2139 3986 2301 4024 sensus
2338 3975 2425 4022 sit:
2478 3974 2566 4021 Sed
2602 3975 2678 4023 vel

1662 4039 1909 4088 minimum
1936 4039 2211 4103 sanguinem
2233 4039 2273 4088 si
2292 4055 2320 4087 e
2341 4044 2559 4086 truncato
2577 4054 2678 4086 sce·

1657 4103 1794 4152 lerati
1821 4103 2020 4153 hominis
2054 4119 2242 4169 corpore
2275 4102 2464 4152 effluere
2497 4101 2676 4159 videro,

1659 4168 1710 4216 id
1732 4167 1845 4216 mihi
1875 4171 1997 4216 dabit
2017 4170 2173 4216 solatia
2202 4170 2434 4223 invidiosa,
2457 4165 2674 4215 inviden-

1661 4232 1741 4289 aa,
1783 4232 2084 4297 amplissima,
2122 4248 2228 4298 quae
2257 4233 2375 4281 mihi
2411 4229 2518 4294 quis
2552 4229 2671 4279 invi·

1657 4297 1767 4346 dere
1798 4298 1969 4363 possit3
2003 4310 2050 4346 at
2078 4300 2276 4347 vindicta
2302 4304 2374 4346 est
2405 4298 2568 4343 bonum
2580 4299 2668 4356 Ju-

1658 4364 1848 4411 cundius
1869 4366 1963 4424 ipsa
1983 4365 2090 4412 vita.
2159 4365 2237 4412 Ita
2254 4364 2342 4428 pro
2363 4363 2424 4411 At
2447 4358 2674 4423 suspicari
