2978 4920
993 301 1040 362 S
1060 299 1210 362 AT
1233 296 1438 363 IRA
1500 298 1614 362 v1.

2219 303 2343 371 139

345 468 538 533 Tunc
559 469 832 557 prurigo
861 491 1054 533 morae
1083 468 1415 555 inpatiens,
1446 481 1601 533 tunc
1629 469 1865 534 femina
1892 470 2182 559 simplex,

341 566 435 634 Et
466 582 604 635 toto
632 570 867 656 pariter
895 570 1204 656 repetitus
1233 569 1469 634 clamor
1495 570 1580 633 ab
1607 581 1825 635 antro:

341 674 489 735 Jam
520 672 616 735 fas
643 683 775 744 est;
823 670 1089 735 admitte
1116 669 1302 735 viros.
1390 669 1537 735 Jam
1566 670 1803 735 dormit
1832 671 2116 751 adulter,

348 771 471 835 Illa
488 772 678 858 jubet
709 784 918 836 sumto
939 772 1243 858 juvenem
1271 793 1609 858 properare
1638 772 1905 837 cucullo.

2211 777 2339 839 330

346 872 416 937 Si
444 874 604 937 nihil
627 886 751 951 est,
783 872 977 936 servis
1006 872 1370 936 incurritur.
1417 874 1753 939 abstuleris
1782 897 1956 961 spem

341 975 706 1051 Servorum,
736 973 943 1038 veniet
973 972 1327 1047 conductus
1356 975 1678 1060 aquarius·
1724 975 1826 1039 hic
1858 977 1910 1040 si

338 1075 693 1152 Quaeritur,
715 1086 782 1139 et
810 1072 1043 1137 desunt
1071 1072 1394 1148 homines;
1441 1097 1619 1139 mora
1646 1074 1823 1138 nulla
1848 1098 1963 1163 per
1991 1077 2214 1163 ipsam,

340 1175 488 1253 Quo
516 1173 723 1238 minus
749 1174 1024 1260 inposito
1052 1173 1304 1238 clunem
1331 1175 1669 1239 submittat
1698 1176 1910 1240 asello.

329 1278 564 1363 ,Atque
592 1275 836 1340 utinam
864 1275 1026 1341 ritus
1054 1287 1319 1353 veteres,
1349 1290 1415 1341 et
1443 1276 1703 1364 publica
1730 1266 1951 1343 saltem

2204 1281 2335 1346 335

340 1376 468 1441 His
496 1377 737 1442 intacta
765 1375 947 1441 malis
975 1387 1314 1462 agerentur
1342 1400 1553 1442 sacra:
1600 1377 1712 1441 sed
1740 1400 1954 1443 omnes

330 1479 666 1543 Noverunt
697 1479 916 1543 Mauri
945 1490 1139 1564 atque
1172 1477 1342 1556 Indi,
1374 1503 1523 1565 quae
1551 1479 1814 1566 psaltria
1842 1503 2068 1566 penem

340 1578 682 1671 Majorem,
713 1600 906 1666 quam
936 1592 1084 1645 sunt
1115 1579 1246 1643 duo
1278 1580 1545 1646 Caesaris
1576 1579 2014 1660 AnticatoneS,

247 1767 419 1821 scroti,
446 1764 611 1829 (asian)
623 1767 727 1826 qui,
741 1727 949 1811 delabsis
966 1766 1015 1811 in
1037 1765 1156 1810 illud
1177 1765 1254 1810 in·
1315 1766 1614 1825 spondentis,
1632 1766 1709 1812 vel
1729 1767 1876 1813 etiam
1897 1768 2178 1814 earumdem
2192 1769 2334 1816 femi.

251 1831 431 1877 teatino
461 1828 655 1895 (lmgq)
686 1838 736 1876 et
765 1837 979 1885 omento,
1013 1829 1255 1894 (is-army)

251 1907 440 1941 ramma
460 1893 614 1960 (ἶρις)
634 1897 789 1941 facere
811 1895 1014 1948 videtur,
1033 1896 1162 1939 unde
1183 1896 1256 1939 di-

252 1964 331 2003 cta
349 1958 531 2015 hernia,
555 1972 735 2013 ramex,
757 1959 865 2011 (inf.
883 1958 946 2002 X.
969 1957 1080 2004 205.
1101 1963 1151 2003 ct
1172 1953 1257 2017 al.)

253 2024 512 2077 cisterneolae,
535 2024 619 2069 Gr.
652 2019 922 2086 inscendam.
956 2021 1259 2074 ἰσιτλοιῆλη,

369 2087 696 2196 anfi-'Maiam
730 2087 809 2134 ef.
842 2087 965 2132 Cels-
988 2087 1086 2133 111.
1108 2086 1188 2134 24.
1210 2088 1259 2132 9.

254 2159 304 2196 et
383 2184 395 2196 .
448 2152 499 2199 8.

314 2213 435 2262 327.
467 2230 565 2277 seq.
600 2218 661 2262 ad
693 2229 827 2262 sacra
858 2215 1008 2262 Bonae
1040 2214 1173 2268 Deoe,
1200 2215 1262 2259 de

248 2280 434 2341 quibus
465 2295 513 2328 v.
545 2278 819 2333 314-345,
842 2279 1022 2338 agitur,
1040 2292 1134 2324 non
1170 2278 1261 2323 nisi

250 2345 482 2391 mulieres
523 2346 864 2390 admittuntur.
943 2343 1069 2395 Quae
1099 2341 1262 2400 itaque

248 2415 512 2468 postquam
529 2408 824 2468 aliquamdiu
839 2407 980 2451 rebus
995 2406 1171 2450 divinis
1187 2406 1262 2450 in-

252 2475 549 2525 terfuerunt,
565 2479 616 2517 et
632 2472 897 2516 masculam
918 2477 1190 2515 exercentes
1206 2469 1262 2514 li—

252 2537 474 2583 bidinem
509 2549 617 2580 eam
641 2536 913 2581 excitarunt
936 2534 1093 2591 magis
1114 2546 1262 2592 quam

250 2602 513 2653 satiarunt,
547 2595 653 2659 jam
687 2599 964 2657 intelligunt
984 2598 1261 2656 dolentque,

248 2675 305 2709 se
315 2662 567 2722 simplices,
584 2664 635 2709 h.
656 2676 699 2708 e.
721 2675 815 2707 non
829 2661 1131 2723 nisifeminae
1142 2674 1265 2718 esse,

248 2740 342 2773 nec
367 2732 479 2771 arte
501 2727 744 2773 tribadum
767 2727 858 2771 sibi
894 2726 1211 2784 voluptatem,
1236 2738 1264 2769 e

247 2790 515 2837 concubitu
535 2803 650 2836 cum
674 2790 790 2835 viris
812 2791 1116 2849 capiendam,
1139 2803 1261 2849 prae-

252 2855 402 2900 stari:
438 2854 551 2900 hinc
566 2867 707 2899 moroe
728 2855 998 2911 inpatientes
1019 2860 1068 2898 et
1090 2855 1261 2912 pruri-

243 2919 364 2977 gine
383 2931 424 2961 s.
442 2917 636 2963 lascivia
655 2932 711 2963 ac
741 2917 938 2963 libidine
958 2918 1168 2962 incensae
1191 2918 1262 2963 vi-

250 2994 422 3027 rorum
445 2982 751 3039 praesentiam
782 2994 1048 3040 verumque
1079 2981 1262 3027 deside-

252 3051 364 3090 rant
383 3046 589 3093 coitum.
619 3044 777 3089 Moroe
790 3044 1018 3104 inpatiens
1032 3044 1131 3092 h.1.
1152 3058 1259 3091 mu·

252 3108 358 3163 lier,
377 3114 437 3154 ut
457 3122 561 3168 sup.
586 3123 634 3156 v.
649 3108 764 3164 238,
785 3109 987 3154 adulter.

314 3172 435 3220 328.
452 3174 627 3226 elamor
649 3172 926 3218 mulierum.
962 3172 1017 3218 ab
1038 3174 1191 3227 antro,
1215 3188 1263 3221 v.

253 3248 362 3295 stip.
385 3238 450 3282 ad
473 3236 652 3285 v.314.

317 3300 432 3346 329.
454 3302 575 3347 Jam
590 3299 679 3362 fae
703 3302 790 3354 eet,
821 3300 950 3346 viros
982 3299 1110 3345 intra
1129 3302 1260 3346 aedes

255 3376 508 3410 sacrorum
534 3364 703 3410 vocari.
734 3362 926 3409 admitte
955 3363 1097 3421 viros,
1122 3366 1268 3410 verba

254 3428 537 3484 mulierum,
550 3441 683 3474 sacra
699 3426 854 3474 Bonae
866 3428 985 3473 Deae
998 3428 1265 3486 agentium,

254 3492 453 3538 aedituoe
478 3494 556 3538 vel
577 3492 768 3538 ancillae
792 3492 944 3537 dicta.
1003 3491 1053 3537 Si
1084 3492 1266 3537 adulter

250 3554 449 3613 domic,
470 3570 565 3602 non
598 3557 756 3612 adest,
782 3565 1016 3614 spemque
1047 3556 1264 3601 mulieris

250 3630 368 3665 cum
387 3620 708 3680 exspectantis
718 3619 862 3675 fallit,
878 3619 959 3663 illa
966 3618 1098 3680 jubet
1110 3619 1261 3665 alium

252 3694 635 3744 quemcumque,
658 3690 707 3729 et
725 3683 923 3742 quidem
924 3684 1146 3744 Juvenem
1154 3695 1261 3741 pro-

250 3759 435 3805 perare,
456 3760 605 3807 quam
622 3748 836 3804 primum
859 3746 1033 3793 arcessi
1053 3752 1101 3791 et
1122 3749 1263 3793 adce-

251 3811 390 3867 derc,
412 3816 560 3857 sumto
579 3810 785 3865 cucullo5
819 3807 890 3873 (v.
909 3809 971 3855 ad
1003 3809 1101 3856 111.
1123 3808 1262 3873 1⁷0.)

255 3873 353 3920 nisi
377 3876 571 3936 ,intents
598 3880 675 3921 est
695 3875 798 3933 ipse
824 3872 1023 3928 adulter,
1043 3888 1072 3919 c
1092 3887 1263 3921 somno

254 3939 543 3986 excitandus
578 3946 629 3984 et
657 3939 987 3985 arcessendus.
1042 3939 1133 3984 Pro
1152 3937 1263 3998 jam

251 4002 430 4048 dormit
444 4004 495 4048 in
507 4003 747 4062 plerisque
760 4001 895 4047 libris
905 4002 1083 4060 legitur
1092 4001 1264 4048 dormi·

252 4068 344 4119 tat,
367 4074 417 4112 et
437 4066 490 4111 in
511 4067 664 4113 altero
692 4065 797 4113 Ms.
821 4065 996 4112 Pithoei
1017 4079 1114 4112 non
1131 4066 1262 4113 male

253 4130 297 4175 si
317 4130 504 4175 dormit.
559 4130 655 4177 Sed
685 4128 808 4177 illud
829 4129 883 4175 —ei
915 4137 1077 4176 ortum
1110 4130 1261 4176 videri

254 4200 415 4253 potest
434 4208 461 4240 e
482 4195 642 4255 glossa
671 4201 726 4240 et
742 4193 1095 4253 subplcndum3
1129 4194 1259 4239 unde

251 4270 449 4306 comma
467 4272 555 4318 pro
571 4264 752 4318 puncto
774 4258 911 4317 posui
933 4257 1257 4317 postadulten

254 4322 353 4368 nisi
373 4323 534 4382 potius
549 4324 655 4371 haec
677 4323 821 4369 verba
841 4327 956 4369 sunt
976 4321 1165 4369 odituae
1187 4334 1260 4368 re-

1320 1843 1494 1875 narum
1506 1843 1622 1876 cum
1634 1831 1862 1890 interrog.
1883 1831 2102 1892 legenda.
2135 1831 2247 1879 331.
2275 1834 2333 1880 St

1319 1893 1443 1939 nihil
1452 1897 1521 1939 est
1533 1901 1805 1940 amatorum
1827 1901 1876 1940 et
1891 1895 2234 1955 ingenuorum,
2246 1900 2332 1957 qui

1325 1958 1489 2003 venire
1532 1958 1684 2003 velint
1713 1965 1797 2004 aut
1830 1960 2044 2018 cupiant,
2071 1961 2333 2007 incurritur

1322 2023 1487 2079 mnis,
1516 2036 1629 2068 cum
1663 2022 1723 2067 iis
1754 2024 2108 2079 concumbitur,
2139 2031 2190 2070 et
2221 2027 2329 2085 qui·

1322 2086 1433 2131 dem
1447 2098 1641 2131 summo
1654 2086 1931 2145 cupiditatis
1942 2089 2128 2137 ardore.
2162 2089 2214 2136 Si
2231 2090 2331 2135 abs-

1322 2148 1484 2195 tuleris
1517 2150 1594 2194 his
1631 2146 1916 2196 mulieribus
1936 2165 2061 2211 spem
2081 2167 2334 2209 cervorum,

1323 2213 1448 2257 venit
1465 2213 1707 2272 aquarius,
1722 2215 1974 2259 arcessitus
1986 2217 2048 2261 ab
2062 2217 2142 2276 iis,
2163 2225 2212 2264 et
2224 2228 2330 2264 eon·-

1323 2273 1514 2321 ductus.-
1550 2289 1664 2321 nam
1686 2278 1870 2334 aqaemrii
1892 2291 1931 2325 s.
1951 2281 2194 2338 aquarioli,
2209 2297 2327 2348 mge-

1323 2335 1470 2398 xv'wu
1483 2352 1520 2384 8.
1540 2336 1827 2404 σαςιχῦτιι,
1845 2354 2018 2399 aquam
2032 2344 2330 2401 adferebant,

1323 2416 1421 2463 qua
1441 2405 1493 2448 in
1521 2405 1702 2450 balneis
1725 2411 1775 2449 et
1797 2406 2108 2465 lupanaribus
2129 2412 2329 2455 uteban-

1324 2473 1422 2519 tur,
1445 2474 1495 2511 et
1517 2467 1688 2514 Festus
1706 2470 1843 2523 dicit,
1865 2482 1947 2514 eos
1967 2471 2116 2517 fuisse
2135 2474 2328 2532 inpudi-

1323 2542 1493 2576 carum
1508 2531 1768 2577 mulierum
1803 2533 2019 2578 sordidos
2037 2537 2250 2583 adseclas
2276 2545 2327 2583 et

1324 2594 1663 2642 internuntios,
1699 2609 1746 2640 v.
1788 2595 1989 2641 Salmas.
2028 2600 2090 2643 ad
2134 2602 2331 2661 Vopisci

1331 2659 1493 2703 Car-in.
1516 2672 1561 2705 c.
1583 2658 1662 2705 21.
1687 2664 1737 2704 et
1762 2660 1967 2706 casaub.
1988 2661 2050 2706 ad
2082 2662 2329 2724 Lamprid-

1326 2722 1378 2767 in
1393 2724 1662 2768 Commodo
1683 2737 1726 2769 c.
1739 2723 1786 2770 2.
1829 2722 1941 2769 333.
1962 2738 2092 2771 mora
2106 2728 2234 2773 nulla
2241 2742 2331 2788 per

1327 2788 1498 2846 ipsam,
1518 2799 1606 2845 quo
1635 2788 1791 2833 minus
1811 2788 2062 2845 submittat,
2084 2791 2133 2835 h.
2154 2803 2196 2837 e.
2232 2806 2330 2838 non

1325 2857 1598 2903 cunctatur,
1621 2864 1710 2896 nec
1729 2852 1915 2898 dubitat
1931 2853 2216 2902 submittere
2233 2862 2330 2903 cet.

1326 2922 1382 2960 ut
1404 2916 1492 2961 inf.
1511 2914 1633 2963 XII.
1659 2914 1765 2961 111.

1388 2978 1504 3027 334.
1532 2979 1712 3024 clunem
1732 2979 1992 3037 admittat,
2017 2984 2328 3043 subcumbet,

1323 3043 1458 3089 asello
1469 3059 1487 3098 ,·
1514 3039 1654 3103 eujus
1664 3044 1947 3102 prodigiosae
1964 3046 2175 3092 libidinis
2189 3061 2329 3093 men·

1327 3107 1395 3151 tio
1448 3120 1641 3166 quoque
1695 3108 1750 3153 fit
1799 3109 1869 3153 in,
1894 3109 2034 3153 libris
2081 3110 2328 3167 Mosaicis,

1325 3170 1508 3232 (Exod.
1523 3170 1696 3217 xxn.
1714 3171 1788 3216 19.
1800 3171 2110 3219 Lemxvm.
2125 3174 2202 3222 23.
2216 3174 2329 3222 XX.

1328 3232 1404 3279 15.
1430 3234 1506 3281 16.
1525 3235 1672 3281 Deut.
1696 3236 1908 3282 XXVII.
1933 3234 2035 3298 21.)
2055 3239 2104 3283 in
2124 3239 2329 3285 Luciani

1323 3293 1476 3345 Asino
1498 3307 1547 3345 et
1578 3301 1728 3359 Apul.
1753 3299 1911 3345 Miles.
1940 3300 2016 3347 X.
2046 3306 2096 3347 et
2117 3300 2215 3347 xl.
2248 3303 2328 3349 Cf.

1328 3361 1581 3408 Michaelis
1599 3364 1692 3410 Jus
1715 3364 1838 3409 Mos.
1857 3362 1904 3423 ἓ.
1926 3362 2038 3410 258.

1392 3425 1508 3474 335.
1527 3439 1625 3485 seq.
1648 3428 1811 3472 Etiam
1833 3438 1967 3471 sacra
1997 3427 2082 3472 tali
2118 3430 2329 3487 turpitu-

1327 3489 1437 3535 dine
1455 3490 1753 3548 polluuntur,
1768 3495 1818 3533 et
1838 3491 1914 3535 vel
1927 3491 2260 3548 antiquissima
2272 3505 2329 3541 se

1325 3550 1530 3611 publica.
1553 3554 1674 3598 ritus
1689 3553 1914 3611 religiosi.
1933 3552 2068 3614 2337.
2082 3567 2331 3604 ommnos

1326 3621 1491 3662 verunt
1501 3617 1674 3662 Mauri
1688 3615 1945 3676 atqueIndi
1965 3620 2202 3676 proverbii
2222 3621 2328 3671 loeo

1325 3681 1504 3726 dicitur
1521 3681 1583 3726 de
1604 3691 1656 3725 re
1671 3680 1970 3741 pervulgata,
1987 3686 2043 3726 ut
2059 3684 2266 3733 manibus
2282 3693 2329 3735 et

1326 3744 1465 3805 lippis
1496 3748 1542 3791 et
1572 3744 1825 3791 tumoribus
1852 3748 2011 3791 nouom
2042 3760 2119 3807 ap.
2153 3749 2329 3801 Horat.

1328 3808 1429 3856 Sat.
1464 3808 1506 3856 1.
1537 3808 1585 3855 ⁴7.
1619 3807 1678 3855 3.
1720 3808 1818 3855 Res
1837 3815 2000 3855 sutem
2021 3823 2080 3856 eo
2105 3823 2326 3875 augetur,

1325 3874 1455 3932 quod
1477 3873 1641 3933 populi
1671 3873 1982 3920 nominantur
2013 3882 2116 3922 tam
2142 3878 2330 3940 longin-

1326 3938 1431 3996 qui,
1453 3939 1516 3984 ad
1535 3950 1657 3998 quos
1677 3938 1810 3991 fama
1839 3934 1987 4000 hujus
2008 3940 2078 3985 rci
2097 3951 2328 4001 pervene-

1326 4001 1405 4047 rit.
2172 4035 2175 4038 -

1345 4089 1353 4095 ν
1387 4065 1500 4114 83Ἰ.
1523 4078 1623 4127 seq.
1646 4065 1874 4112 Innuitur
1895 4067 2111 4121 Clodius,
2133 4070 2218 4127 qui
2239 4070 2326 4116 ha-

1323 4128 1430 4175 bitu
1441 4130 1652 4191 psaltrioe
1677 4131 1824 4176 sacris
1856 4130 2007 4177 Bone
2028 4131 2146 4177 Dee
2178 4133 2324 4178 inter·

1322 4192 1433 4247 fuit,
1488 4201 1807 4253 stuprumque
1850 4193 2017 4240 intulit
2065 4193 2326 4254 Pompeias,

1324 4257 1528 4304 omnis
1548 4258 1706 4303 uxori.
2016 4259 2019 4264 ’

1381 4320 1502 4369 338.
1558 4320 1778 4369 Mentem
1820 4325 1975 4380 poetas
2018 4325 2148 4367 recte
2198 4322 2326 4383 cepit

1424 4385 1547 4445 ΤΞ
