2978 4920
878 303 1148 377 pensu
1194 308 1294 400 ΕΤ
1336 306 1814 378 ιυνΕΝΑιιε,
2263 314 2378 371 xva

294 481 651 559 adgraecam
675 477 915 538 formare
954 489 1265 558 coeperant.
1312 558 1317 561 ,
1349 476 1506 537 Idem
1545 488 1718 555 poeta
1754 472 1937 546 Laelii,
1965 474 2249 555 Scipionis
2269 480 2380 538 ali<-

294 560 571 654 qrumque
584 560 931 643 summorum
953 577 1201 635 viromm
1226 575 1636 639 cousuetudine
1650 574 1882 651 politus,
1895 572 2065 631 hilari
2077 582 2138 633 'et
2160 560 2382 654 promto

296 673 378 731 ad
391 672 707 746 jocandum
750 671 960 739 animo,
987 681 1050 730 ct
1086 673 1305 748 ingenii
1344 670 1576 728 dotibus
1615 671 1843 746 egregie
1868 688 1907 726 a
1930 678 2141 727 natura
2167 671 2382 730 inmus-

294 779 426 826 ctus
450 779 577 838 erat
596 769 685 842 (v.
713 754 920 824 Horat.
950 765 1077 825 Sat.
1105 764 1186 823 II.
1221 766 1272 825 1.
1299 765 1590 839 62-74.)
1665 763 1828 827 Hinc
1852 764 1959 822 illa
1983 764 2232 824 audacia
2256 770 2382 825 ‘m'a-

291 882 526 940 gnaque
549 865 844 921 verborum
868 863 1123 932 libertas,
1148 844 1268 938 qua
1296 860 1553 920 Lucilius
1594 879 1767 920 sensa
1808 862 2034 920 mentis
2053 862 2250 939 palam
2276 862 2379 920 ex<-

290 950 524 1051 promit
531 970 593 1017 et
634 959 907 1037 explicat,
934 977 1123 1034 neque
1149 968 1272 1017 tam
1315 958 1456 1016 vitia
1479 976 1656 1032 quam
1696 958 1848 1034 ipsos
1873 957 2086 1014 stultos
2108 968 2171 1015 et
2195 959 2384 1036 inpro-

292 1055 397 1113 bos
420 1056 831 1130 cujuscumque
867 1055 1111 1131 generis,
1137 1053 1249 1112 loci
1291 1072 1365 1111 ac
1403 1052 1708 1129 dignitatis
1732 1053 1823 1110 vel
1870 1053 2206 1111 nominatim
2231 1055 2384 1116 inse-

295 1162 521 1221 ctatur3
563 1140 700 1210 hinc
728 1151 976 1226 antiqua
1002 1152 1128 1225 ejus
1153 1160 1214 1208 et
1252 1150 1563 1215 vernacula
1586 1147 1893 1218 festivitas,
1920 1158 1981 1206 et
2019 1149 2172 1207 sales
2197 1153 2386 1226 magis

295 1248 448 1323 nigri
484 1266 661 1323 quam
704 1248 927 1315 urbani,
974 1265 1048 1303 ex
1091 1245 1431 1317 auctoribus
1458 1245 1666 1303 veteris
1697 1242 2042 1329 ‘Graecorum
2093 1246 2386 1304 comoediae

295 1345 529 1415 hausti;
575 1346 710 1403 hinc
751 1344 1048 1403 incondita
1091 1344 1368 1401 orationis
1410 1344 1691 1419 asperitas
1730 1354 1789 1399 et
1830 1360 2025 1399 versus
2065 1343 2168 1411 illi,
2196 1347 2389 1418 graeca

295 1459 453 1518 saepe
475 1443 652 1499 verba
675 1441 876 1498 latinis
903 1428 1239 1508 inserentes,
1269 1448 1446 1513 atque
1471 1438 1783 1497 limatiores
1808 1437 2043 1512 quidem
2083 1436 2386 1508 Ennianis,

298 1534 403 1593 sed
422 1537 621 1611 minus
645 1535 810 1612 politi
836 1544 896 1593 et
923 1535 1120 1603 comti,
1148 1552 1345 1610 quam,
1371 1542 1689 1610 poetarum,
1716 1551 1859 1608 quos
1885 1531 2139 1591 Caesaris
2175 1542 2236 1644 et
2258 1532 2386 1592 Au-

296 1632 463 1708 gusti
485 1633 736 1690 seculum
759 1633 915 1690 tulit.

384 1726 477 1785 Ab
503 1747 625 1786 aevo
653 1727 952 1786 luciliano
978 1727 1222 1784 multum
1245 1686 1547 1784 differebat
1573 1723 1975 1784 Horatianum.
2020 1725 2255 1785 Statum
2278 1728 2388 1786 rei-

299 1823 544 1900 publicae
572 1821 852 1896 Romanae
892 1823 1089 1892 luxus,
1117 1822 1365 1879 avaritia
1403 1830 1707 1895 ceteraque
1746 1821 1909 1891 vitia,
1935 1840 2067 1896 quse
2092 1839 2214 1879 una.
2250 1841 2387 1881 cum

302 1901 518 1975 divitiis
543 1920 854 1995 peregrinis
881 1906 1352 1993 inmigraverant‚
1375 1915 1602 1981 indies
1641 1917 1829 1992 magis
1853 1910 2303 1986 labefactabant,
2330 1927 2391 1974 et

303 2013 509 2072 mirum
550 2013 611 2069 in
651 2013 887 2087 modum.
921 2013 1327 2070 concutiebant
1361 2011 1607 2087 primum
1648 2007 2034 2081 Gracchanae,
2062 2010 2389 2081 Drusianae,

302 2106 642 2185 Apuleianae
667 2110 911 2184 aliaeque
938 2108 1247 2166 seditiones
1288 2106 1631 2176 tribuniciae,
1657 2125 1794 2164 mox
1834 2107 1988 2166 bella
2026 2108 2237 2176 civilia,
2265 2116 2390 2184 pre·-

299 2205 662 2281 scriptiones,
705 2205 1010 2264 dictaturae
1052 2213 1340 2281 perpetum
1381 2212 1440 2260 et
1481 2203 1892 2260 triumviratus.
1978 2201 2173 2262 Mores
2212 2204 2389 2274 enim,

305 2309 484 2358 antea
508 2303 721 2359 sensim
747 2301 1144 2378 paulatimque
1160 2299 1339 2371 labsi,
1372 2299 1499 2373 jam
1526 2307 1819 2375 coeperant
1856 2296 2180 2376 praecipites
2207 2301 2310 2369 ire,
2334 2310 2395 2357 et

303 2394 675 2455 abundantes
714 2394 930 2452 divitiae
977 2405 1150 2469 atque
1190 2395 1515 2470 voluptates
1542 2403 1880 2471 pepererant
1903 2393 2271 2465 desiderium,
2295 2414 2408 2473 per·

301 2492 679 2548 ambitionem
697 2498 873 2565 atque
890 2490 1205 2565 potentiam
1225 2489 1471 2547 audendi
1491 2489 1876 2565 perdendique
1886 2491 2100 2559 omnia,
2116 2491 2297 2550 donec
2317 2492 2394 2550 ad

310 2606 385 2646 ea
418 2587 808 2665 perveniretur
834 2583 1343 2661 tempora,‚q,uibus
1365 2584 1574 2659 perditi
1613 2596 1790 2660 atque
1828 2584 2114 2660 profligati
2136 2583 2396 2646 homines

306 2704 428 2742 non
449 2684 694 2761 amplius
719 2683 807 2742 vel
828 2684 972 2740 vitia
992 2700 1118 2749 sua,
1139 2680 1231 2738 vel
1251 2680 1522 2750 remedia,
1539 2669 1893 2768 qummorbo
1909 2680 2141 2756 quidem
2161 2682 2396 2742 adhibe-

305 2781 543 2851 bantur,
570 2779 672 2837 sed
711 2780 960 2837 salutem
987 2768 1344 2848 minuebant,
1371 2777 1497 2853 pati
1521 2785 1808 2853 poterant,
1839 2787 1942 2835 aut
1984 2776 2127 2835 ferre
2164 2778 2398 2838 liberta-

308 2887 453 2946 tem,
480 2895 631 2957 quae,
659 2895 837 2951 quum
885 2895 922 2933 a
964 2872 1299 2933 Caesariano
1341 2873 1475 2931 inde
1518 2870 1980 2951 Pompeianoque
2002 2875 2153 2934 bello
2193 2876 2278 2934 ad
2292 2896 2397 2954 pu-

306 2993 491 3051 gnam
518 2971 823 3032 Actiacam
844 2974 934 3031 vel
961 2963 1274 3049 septimum
1301 2970 1556 3047 Augusti
1581 2973 1947 3031 consulatum
1971 2974 2129 3033 velut
2152 2963 2398 3035 moriens

303 3070 599 3129 reluctata
624 3081 777 3128 esset
802 3069 1141 3137 dominatui,
1171 3068 1407 3126 tandem
1433 3070 1487 3127 ei
1512 3069 1709 3129 cedere
1734 3071 2064 3146 cogebatur.-
2148 3070 2400 3131 Romani

305 3168 485 3239 cives,
513 3170 613 3243 qui
638 3168 793 3238 olim,
821 3166 1094 3242 quamdiu
1121 3165 1312 3225 adhuc
1353 3168 1715 3244 parsimoniae
1754 3169 2193 3245 paupertatique
2217 3171 2398 3229 honos

302 3274 574 3332 steterat,
602 3264 961 3340 disciplinam
988 3281 1263 3332 severam,
1292 3263 1518 3339 inopem
1544 3263 1860 3338 duramque
1882 3264 2089 3333 vitam,
2106 3266 2399 3338 justitiam

311 3360 577 3433 aliasque
604 3360 846 3422 virtutes
873 3358 1187 3427 coluerant,
1206 3356 1339 3415 inde
1365 3376 1402 3415 a
1429 3357 1674 3416 Sullana
1699 3368 1873 3418 aetate
1898 3375 2076 3435 opum
2088 3370 2150 3416 et
2174 3379 2399 3419 coacer-

309 3454 634 3522 vandarum
663 3464 724 3511 et
749 3451 1271 3530 profundendarum
1296 3444 1628 3529 inexplebili
1653 3462 1829 3527 atque
1854 3455 2062 3511 insana
2086 3455 2400 3532 cupiditate

313 3550 636 3626 ardebant3
679 3551 1055 3626 mulieresque
1096 3568 1212 3607 non
1250 3551 1445 3608 minus
1487 3551 1725 3627 turpiter
1748 3550 2033 3609 vivebant
2058 3569 2231 3625 quam
2267 3555 2393 3612 viri.

316 3647 583 3709 Censura
608 3645 722 3707 ιιοιι
749 3652 895 3708 satis
920 3668 1120 3708 severa
1144 3660 1269 3707 erat
1295 3659 1397 3707 aut
1439 3648 1664 3720 efficax,
1690 3659 1753 3707 et
1790 3650 2078 3708 institutio
2101 3652 2400 3712 liberorum

311 3765 601 3830 perversa,
628 3745 952 3804 hominibus
993 3764 1148 3823 saepe
1174 3746 1470 3804 vilissimis
1512 3747 1966 3823 turpissimisque
2007 3747 2241 3817 tradita,
2265 3745 2332 3808 ‘et
2356 3769 2405 3808 a

315 3843 650 3932 parentibus
689 3842 780 3899 vel
806 3827 977 3919 plane
1004 3841 1268 3916 neglecta
1290 3842 1380 3898 vel
1421 3841 1610 3918 pravis
1645 3842 1911 3899 vitiorum
1950 3843 2225 3919 exemplis
2264 3859 2403 3902 con-

319 3947 517 4014 rupta.
601 3936 949 4015 Exemplum
974 3937 1178 3996 deinde
1202 3936 1476 4015 Augusti,
1506 3935 1789 4016 Principis
1826 3937 2117 4016 magnifici
2142 3950 2203 3999 et
2235 3915 2406 4009 lux&—

315 4033 475 4101 riosi,
501 4034 752 4091 maxime
775 4052 907 4104 vero
936 4014 1301 4103 Maecenatis,
1329 4034 1578 4098 hominis
1600 4037 1717 4092 otio
1743 4053 1813 4093 ac
1850 4036 2107 4094 mollitiis
2130 4055 2293 4113 poene
2318 4038 2407 4093 ui-

318 4142 413 4191 tra
453 4131 727 4190 feminam
764 4132 1018 4214 fluentis,
1044 4131 1272 4209 (Vellei.
1311 4131 1391 4194 II.
1439 4133 1535 4191 88.
1577 4132 1856 4192 Juvenal.
1873 4131 1919 4191 Ι.
1943 4133 2056 4191 66
2089 4133 2265 4192 XII.
2288 4132 2409 4209 39.)

318 4246 458 4333 opes
505 4229 802 4298 inmensae,
848 4247 921 4307 ex
969 4229 1279 4310 provinciis
1314 4216 1562 4287 Romam
1603 4228 1973 4300 confluentes,
2019 4230 2306 4287 securitas
2338 4249 2407 4286 ac
2492 4213 2502 4222 ⁶

321 4321 488 4397 quies
512 4325 761 4401 imperii,
789 4335 910 4383 tam
936 4324 1174 4383 diutinis
1203 4324 1462 4401 procellis
1504 4344 1573 4383 ac
1600 4325 1947 4430 turbulentis
1975 4324 2407 4400 tempestatibus

1371 4439 1402 4476 c
