2978 4920
984 311 1426 385 SATIRA
1495 313 1611 375 VI.

2232 317 2364 381 10¹7

369 482 731 548 Frondibus
759 493 821 549 et
853 481 1088 559 eulm0‚
1116 480 1594 568 vicinarumque
1622 482 1901 553 ferarum
2074 524 2098 531 --
2136 522 2157 527 ··

364 587 673 660 Pellibus;
722 586 898 650 haud
926 586 1148 663 simflis
1176 586 1324 664 tibi,
1353 586 1659 672 Cynthia,
1688 609 1803 651 nec
1826 586 2189 673 tibi‚·cug'1u8

364 688 683 752 Turbavit
711 687 948 752 nitidos
977 687 1295 753 extinctus
1322 710 1538 774 passer
1567 687 1824 761 ocelloaz

364 790 485 852 Sed
515 789 798 875 potanda.
823 789 1031 853 ferens
1056 788 1409 863 infantibus
1439 789 1640 859 ubera
1660 788 1927 874 magalia,

361 892 450 954 Et
481 914 647 977 saepe
676 890 990 955 horridior
1017 890 1316 976 ghndem
1342 902 1634 955 ructante
1663 889 1906 955 marito.

2273 893 2354 955 10

362 993 615 1080 Quippe
642 992 824 1056 aliter
854 1002 1007 1056 ttmc
1035 992 1188 1057 orbe
1216 1012 1382 1057 novo
1410 991 1701 1078 coeloque
1725 994 1959 1057 recenti

366 1094 679 1159 Vivebant
707 1095 1017 1168 hominem
1066 1093 1180 1180 qui
1210 1107 1404 1180 rupto
1432 1095 1659 1159 robore
1687 1094 1842 1172 nati,

362 1195 791 1282 Compositive
818 1195 957 1260 luto
986 1195 1198 1259 nullos
1221 1196 1501 1273 habuere
1530 1208 1838 1282 parentes·

281 1330 284 1331 ⁷
361 1297 580 1361 Multa
607 1295 933 1383 pudicitiae
962 1294 1189 1360 veteris
1219 1296 1487 1381 vestigia
1515 1297 1751 1375 forsan,

357 1400 498 1464 Aut
532 1398 747 1484 aliqua
767 1397 1123 1461 exstiterint
1154 1410 1215 1462 et
1247 1399 1367 1463 sub
1397 1397 1586 1471 Jove;
1622 1397 1730 1461 sed
1754 1399 1919 1462 Jove
1948 1400 2225 1463 nondum
2272 1402 2353 1464 15

359 1503 665 1578 Barbam,
695 1500 980 1567 nondum
1012 1499 1256 1564 Graecis
1274 1501 1495 1586 jurare
1522 1501 1759 1586 paratis

275 1701 366 1733 non
389 1687 583 1734 culcitis
605 1686 816 1746 plumeis
833 1689 909 1733 vel
924 1687 1147 1739 mollibus
1161 1694 1282 1735 stra·

272 1752 410 1813 gulis,
426 1753 512 1799 sed
514 1750 781 1812 frondibus,
797 1754 962 1806 mlmv,
978 1751 1132 1813 palea,
1154 1760 1277 1797 stra-

275 1817 422 1873 mine,
464 1823 517 1861 et
545 1816 738 1876 pellibus
753 1816 992 1878 ferarum,
1024 1817 1199 1877 quibus
1231 1823 1281 1862 et

272 1881 410 1941 prisci
432 1881 672 1935 homines,
696 1895 790 1939 non
822 1888 983 1926 tamen
1009 1881 1102 1927 seri
1122 1882 1281 1933 adhuc

274 1952 321 1990 et
344 1959 426 2020 per
458 1947 620 2007 sylvas
642 1952 887 2005 vagantes,
911 1947 996 2005 qui
1026 1945 1279 1998 frondibus

270 2008 491 2069 foliisque
517 2011 630 2055 tecti
652 2012 728 2056 vel
750 2011 869 2067 nudi
890 2016 1045 2068 erant,
1062 2010 1146 2061 sed
1170 2006 1277 2070 jam

270 2075 485 2120 mitiores
518 2074 651 2128 facti,
688 2076 1026 2121 vestiebantur.
1059 2073 1279 2135 scrarum

270 2138 549 2192 vicinarum,
566 2153 677 2198 quoe
698 2141 864 2184 eadem
887 2139 939 2184 in
961 2139 1108 2198 sylvis
1128 2144 1177 2182 et
1210 2138 1283 2183 vi-

272 2202 379 2251 cina
401 2203 643 2248 habebant
657 2202 875 2251 latibula.
940 2202 1081 2248 7-9,
1107 2202 1283 2249 Mulier

272 2265 352 2312 ina
374 2273 612 2312 montana.
631 2281 729 2312 non
746 2276 847 2313 erat
868 2267 1030 2312 mollis
1045 2272 1095 2312 et
1107 2267 1282 2312 delica-

273 2334 341 2386 ta,
366 2331 452 2375 sed
478 2331 599 2376 dura
616 2338 667 2376 et
683 2332 889 2377 horrida.
917 2331 990 2378 cf.
1007 2331 1199 2376 Luci-et.
1215 2324 1285 2377 V.

272 2394 382 2441 923.
408 2407 511 2452 seq.
569 2394 773 2453 Cynthia
790 2396 969 2454 puella,
987 2410 1015 2441 a
1037 2395 1284 2452 Propertio

268 2466 438 2504 amata
455 2466 504 2502 et
523 2473 583 2504 ex
597 2473 653 2503 eo
675 2459 942 2517 notissima,
957 2456 1033 2520 cuj
1042 2474 1097 2506 us
1115 2473 1285 2507 verum

272 2536 454 2569 nomen
478 2522 652 2568 Hostia
667 2530 789 2579 erat,
808 2532 855 2569 et
872 2538 983 2583 quae
997 2526 1141 2569 modo
1156 2524 1288 2568 hune

272 2589 421 2633 modo
455 2587 595 2632 illum
631 2589 840 2633 amabat.
906 2588 953 2634 8.
995 2587 1288 2647 Designatur

274 2651 456 2708 Lesbia,
509 2654 667 2697 amica
719 2652 900 2697 Catulli
949 2659 1123 2711 poetae,
1177 2664 1284 2709 quae

273 2730 433 2778 propr.
460 2716 663 2762 Claudia
691 2718 967 2771 vocabatur,
992 2722 1038 2761 et
1074 2722 1282 2766 mortem

269 2781 473 2841 pasieris
494 2781 576 2826 diu
598 2782 912 2841 multumque
934 2781 1155 2827 deflebat.
1207 2779 1282 2824 ef.

276 2846 452 2893 Catull.
476 2845 574 2891 111.
612 2845 687 2890 18.
721 2846 785 2892 al.
811 2846 1020 2891 Martial.
1055 2844 1179 2890 VII.
1207 2843 1284 2892 13.

277 2912 406 2969 cnjus
426 2909 677 2961 extinctus,
708 2917 947 2965 mortuuS,
961 2910 1219 2969 passm-„h
1242 2921 1283 2953 e.

273 2975 352 3019 cui
369 2988 498 3022 mors
517 2974 719 3031 passeris
730 2973 949 3028 turbavit,
967 2973 1285 3027 contristavit,

274 3035 376 3098 (Gr.
402 3038 620 3098 σννυεφοὶἷο
634 3034 845 3097 {popa—ra)
866 3040 995 3097 quod
1028 3038 1224 3084 verbum
1257 3051 1287 3082 a

271 3104 387 3150 coelo
414 3108 488 3152 vel
517 3104 655 3155 inari,
682 3104 835 3148 ventis
850 3104 1062 3156 turbato,
1085 3103 1146 3160 ad
1180 3100 1282 3147 ani·

271 3178 405 3214 mum
424 3167 1031 3226 vultumquetransfertur:
1056 3165 1148 3211 nisi
1161 3166 1284 3210 forte

276 3229 365 3290 leg.
416 3234 669 3291 Tur-pavit.
734 3232 909 3281 ocellos,
933 3230 1126 3287 blande,
1147 3236 1194 3274 et
1224 3231 1284 3275 de

276 3298 452 3356 pulcris
482 3297 736 3349 oculis,=ut
758 3309 835 3353 ap.
872 3295 1047 3340 Catull.
1070 3294 1103 3339 l.
1126 3309 1167 3340 c.
1235 3293 1282 3339 9.

274 3359 412 3409 Conf.
447 3361 648 3406 omnino
664 3360 856 3419 egregia
886 3373 943 3405 ao
965 3360 1150 3417 prolixa
1195 3358 1289 3403 dis-

276 3435 387 3472 sert.
433 3424 666 3471 Favorini
722 3422 990 3482 philosophi
1044 3437 1123 3482 ap.
1164 3422 1290 3470 Gen.

277 3487 391 3535 111.
417 3490 461 3546 1.
496 3503 598 3548 qua
619 3490 789 3536 suadet
818 3488 969 3540 nobili
989 3487 1209 3543 feminae‚
1236 3494 1289 3532 ut

276 3554 464 3611 liberos,
506 3567 631 3611 quos
675 3553 848 3612 pariat,
882 3565 978 3597 non
1024 3552 1286 3604 nutricum,

197 3620 201 3625 '
278 3620 361 3663 sed
382 3632 469 3665 suo
502 3619 630 3672 lacte
652 3619 765 3663 alat.
832 3615 971 3663 Idem
1002 3615 1287 3675 praecipiunt

278 3681 490 3730 Macrob.
529 3682 590 3730 V.
625 3683 701 3728 ll.
736 3680 863 3727 Plut.
897 3687 945 3725 et
979 3680 1040 3725 al.
1068 3679 1286 3739 potanda,

281 3759 375 3792 non
411 3754 609 3793 tantum
643 3747 876 3806 sugenda,
899 3744 1112 3805 adeoque
1147 3746 1288 3802 plena

279 3809 432 3860 lactis.
450 3810 707 3871 insontibus
728 3811 913 3869 magnis
924 3824 950 3854 .·«
981 3822 1094 3853 nam
1118 3808 1287 3865 primis

279 3878 466 3921 saeculis
483 3878 803 3921 nascebantur
813 3873 1107 3933 grandiore&
1118 3872 1183 3935 (v.
1198 3872 1284 3917 inf.

279 3937 397 3986 XV.
411 3939 640 3997 65-70.)
662 3948 709 3985 et
725 3943 828 3985 erat
838 3944 944 3982 tum
959 3952 1109 3997 genus
1123 3937 1286 3982 huma-

281 4016 392 4051 num
412 4004 661 4066 maJ'oribus
691 4008 736 4049 et
767 4002 919 4047 solidis
940 4002 1091 4061 magis
1113 4000 1288 4046 ossz’bm

282 4068 408 4114 intus
425 4068 707 4127 flandutum.
738 4073 792 4113 ut
823 4066 979 4116 verbis
1001 4064 1193 4112 Lucret.
1220 4064 1285 4110 V.

281 4130 389 4179 925.
413 4140 540 4180 utar.
594 4130 668 4178 10.
684 4130 920 4177 horridior
940 4129 1154 4190 ingenie,
1176 4131 1286 4184 etin

282 4196 411 4256 victu
446 4204 593 4257 atque
625 4198 840 4253 amictu3
885 4207 1001 4252 non,
1047 4198 1103 4239 ut
1140 4208 1289 4247 nunc,

284 4261 473 4308 mollior
496 4270 545 4307 et
567 4261 829 4308 delicatior.
880 4258 1081 4304 Glande-⁴5
1113 4258 1289 4317 aliique

282 4323 467 4373 fructus
509 4327 735 4372 arborum
768 4329 817 4369 et
853 4321 1109 4369 herbarum
1144 4323 1288 4381 primi

1345 1693 1481 1734 erant
1506 1686 1621 1742 cibi,
1643 1690 1869 1746 ructante,
1885 1688 1998 1748 quia
2020 1690 2201 1736 multas
2216 1690 2351 1748 glan·

1344 1754 1428 1800 des
1450 1759 1501 1797 et
1523 1752 1662 1797 avide
1683 1754 1906 1815 comedit.
1964 1753 2043 1801 ll.
2066 1753 2229 1799 Verba
2252 1752 2353 1800 Lu-

1345 1821 1463 1863 cret.
1485 1815 1553 1861 V.
1576 1813 1687 1860 905.
1730 1815 1892 1863 tellure
1921 1831 2041 1863 nova
2073 1818 2262 1878 coeloque
2282 1831 2353 1863 re-

1345 1880 1477 1928 centi.
1514 1878 1594 1929 12.
1611 1878 1684 1925 13.
1700 1878 1872 1927 Facete
1885 1896 1940 1927 ac
1954 1896 2038 1941 per
2050 1882 2201 1945 risum
2215 1890 2355 1942 poeta

1342 1951 1582 1991 memorat
1598 1944 1785 1989 fabulas
1801 1946 1862 1992 de
1879 1947 2061 2006 origine
2079 1947 2352 2001 hominum,

1344 2016 1392 2056 et
1414 2010 1528 2056 iude
1551 2010 1706 2061 docet,
1729 2023 1815 2054 cur
1847 2009 2017 2070 primis
2039 2010 2108 2056 illi
2127 2006 2353 2068 tempori·

1345 2076 1434 2120 bus
1448 2080 1577 2119 caste
1595 2086 1650 2117 ac
1663 2073 1836 2131 pudice
1851 2074 2086 2131 vixerintz
2111 2077 2239 2135 quod
2255 2075 2355 2129 scil.

1345 2138 1522 2184 durum
1547 2137 1703 2182 adhuc
1737 2138 2080 2198 horridumque
2114 2140 2257 2185 fuer-it
2282 2134 2356 2185 i'n-

1344 2203 1545 2262 genium
1568 2215 1757 2259 eorum,
1782 2217 1877 2248 non
1901 2204 2018 2250 luxu
2042 2213 2356 2263 conruptum,

1346 2267 1572 2326 quodque
1591 2264 1713 2327 (nati
1729 2267 1835 2312 scil.
1854 2281 1882 2313 e
1905 2269 2072 2313 robore
2095 2282 2135 2314 s.
2158 2274 2284 2314 terra
2306 2276 2359 2313 et·

1346 2327 1471 2391 luto)
1497 2331 1710 2375 nondum
1739 2326 1982 2376 habuen‘int
2010 2336 2245 2392 parentes,
2269 2333 2355 2392 qui

1346 2396 1582 2440 lascivum
1617 2392 1733 2452 ipsis
1756 2397 2041 2453 sanguinem
2075 2392 2358 2448 infuderint.

1347 2460 1422 2505 vel
1456 2459 1612 2518 pravis
1635 2473 1715 2504 eos
1738 2458 1971 2521 exemplis
2004 2469 2051 2505 et
2074 2463 2357 2508 educatione

1349 2523 1701 2582 enervaverint.
1754 2531 1893 2583 rupto
1935 2525 2090 2570 robore
2141 2519 2260 2584 itali,
2302 2533 2356 2572 ut

1353 2586 1476 2633 Gens
1494 2584 1648 2630 viram
1670 2589 1847 2632 truncis
1867 2592 1909 2633 et
1931 2589 2048 2633 duro
2068 2589 2221 2635 robore
2245 2596 2357 2646 nuta

1347 2664 1428 2710 ap.
1452 2650 1592 2709 Virg.
1625 2651 1733 2695 AEn.
1757 2647 1835 2696 VI
1844 2652 1906 2698 11.
1928 2650 2041 2698 315.
2075 2656 2201 2712 quud
2225 2668 2357 2699 cotn-

1347 2721 1571 2761 mentum
1595 2715 1706 2760 inde
1728 2722 1910 2773 ortum,
1933 2717 2060 2776 quod
2090 2717 2177 2761 feri
2203 2718 2356 2764 homi-

1349 2793 1434 2825 nes
1456 2779 1587 2825 cavis
1603 2780 1827 2826 arborum
1848 2781 2030 2826 truncis
2050 2782 2154 2826 loco
2177 2782 2357 2828 oedium

1350 2850 1574 2890 utuntur.
1607 2847 1741 2902 rupto
1764 2843 1943 2891 melius
1961 2858 2121 2904 quam.
2145 2839 2260 2891 duro
2279 2860 2358 2906 ap.

1350 2905 1491 2968 Virg.
1507 2915 1560 2953 ut
1579 2909 1761 2953 roboris
1779 2909 1917 2966 quasi
1934 2917 2100 2967 partus
2117 2910 2261 2954 simul
2276 2924 2360 2957 ex-

1348 2974 1604 3033 primatur,
1628 2979 1681 3016 ut
1713 2986 1789 3032 ap.
1820 2969 1960 3020 Ovid.
1997 2972 2120 3021 Met.
2152 2974 2218 3019 X.
2240 2975 2353 3026 512.

1349 3037 1505 3083 Arbor
1520 3038 1624 3095 agit
1642 3036 1805 3092 rimas,
1826 3040 1994 3096 etfissa
2019 3040 2182 3100 cortice
2198 3039 2354 3086 vivum

1347 3101 1522 3147 Reddit
1553 3114 1683 3146 onus.
1743 3100 1818 3147 13.
1847 3101 1958 3146 Alia
1981 3102 2040 3147 de
2064 3103 2246 3161 origine
2271 3105 2355 3150 ho·

1347 3167 1536 3211 minum
1552 3178 1702 3223 eaque
1723 3165 1971 3212 notissima
1987 3161 2150 3212 fabula
2172 3181 2355 3215 memo-

1348 3238 1499 3283 ratur,
1518 3243 1613 3289 qua
1632 3231 1944 3276 Prometheus
1965 3232 2178 3289 primum
2197 3224 2355 3278 homi*-

1348 3308 1457 3340 nem
1483 3291 1881 3358 (reunia-aanor)
1904 3308 1964 3340 ex
1986 3309 2127 3354 aqua,
2151 3297 2222 3346 vel
2237 3297 2352 3353 lum,

1354 3358 1494 3415 limo,
1539 3361 1723 3417 argilla,
1768 3369 1913 3420 terra*
1942 3358 2013 3420 (in
2060 3373 2207 3418 quam
2254 3362 2357 3409 scil.

1353 3432 1511 3467 morte
1563 3419 1869 3483 resolvimur)
1908 3423 2112 3468 'finxisse
2165 3421 2357 3484 dieitur.

1355 3487 1487 3532 Hinc
1510 3488 1656 3531 homo
1679 3486 1698 3532 ὅ
1723 3483 1863 3537 taxeis
1890 3486 2139 3551 Προμηθῆος
2163 3495 2360 3536 vocatur

1351 3551 1401 3595 in
1423 3550 1615 3596 Gallim.
1637 3550 1707 3595 fra
1744 3565 1806 3594 in.
1823 3550 1901 3596 87.
1919 3547 1991 3598 Cf.
2010 3547 2208 3612 Hesiod.
2229 3547 2360 3618 Ἐςῇςς.

1352 3612 1429 3660 61.
1459 3614 1654 3675 Phocyl.
1716 3644 1732 3660 .
1766 3626 1866 3674 seq.
1901 3612 1988 3661 inf.
2021 3607 2164 3660 XIV.
2194 3605 2280 3664 33:
2308 3626 2356 3676 qt

1352 3692 1458 3737 sup.
1484 3680 1545 3724 ad
1562 3677 1653 3726 lv.
1675 3677 1785 3725 133.

1399 3795 1402 3801 ⁴
1420 3741 1498 3790 14.
1521 3757 1655 3802 seqq.
1672 3741 1731 3790 In
1747 3749 1971 3802 argentea
1985 3758 2174 3803 quoque
2192 3751 2354 3801 aetate.

1347 3822 1448 3866 „qua
1467 3809 1663 3867 Jupiter
1685 3805 1996 3866 regnavit,(v.
2015 3808 2155 3854 Ovid.
2177 3803 2296 3855 Met.
2314 3809 2359 3862 Ι.

1350 3872 1459 3918 113.
1501 3886 1631 3933 seqq.
1667 3880 1716 3930 et
1745 3870 1923 3918 Tibull.
1961 3873 2000 3918 1.
2039 3873 2088 3921 3.
2126 3872 2204 3919 49.
2236 3873 2357 3944 seq.)

1349 3947 1513 3983 sancte
1533 3938 1799 3983 etiamnum
1837 3951 1893 3984 ac
1928 3939 2099 3996 pudice
2131 3939 2358 3985 vixerunt

1349 4002 1589 4059 homines,
1608 4004 1687 4047 sed
1702 4002 1871 4061 primis
1895 4007 2084 4047 tantum
2108 3998 2214 4063 ejus
2236 4012 2359 4049 tem-

1349 4066 1576 4124 poribus;
1621 4068 1748 4112 unde
1780 4075 1920 4123 poeta
1953 4067 2121 4114 facete*
2142 4079 2197 4114 ac
2233 4069 2356 4120 salse

1353 4131 1475 4176 dixit
1512 4131 1632 4178 Jove
1672 4125 1870 4180 noudum
1906 4130 2102 4182 barbato,
2138 4123 2352 4184 nondun]

1348 4194 1518 4242 'adulto
1540 4203 1586 4240 et
1601 4195 1740 4241 toties
1751 4191 2065 4244 adulterante.
2096 4194 2192 4246 (cf.
2220 4189 2354 4258 3459.

1353 4267 1398 4303 et
1419 4259 1566 4304 xm.
1588 4257 1690 4315 41.)
1960 4257 1961 4260 ¹
2192 4293 2195 4298 -
2296 4310 2299 4315 ⁸

1351 4318 1359 4327 ’
1420 4323 1625 4369 16-18,
1646 4322 1809 4375 Quum
1826 4321 2217 4389 limnineaadhuc
2227 4318 2363 4381 ‚insse
