2978 4920
609 310 741 380 29⁰

1312 301 1991 367 JUVENALIS

697 553 1144 661 NATALI,
1178 583 1472 660 corvine,
1503 581 1607 646 die
1636 581 1791 645 mihi
1820 578 2066 645 dulcior
2095 580 2232 645 haec
2259 580 2401 659 lux,

703 688 846 764 Qua
873 685 1074 750 festus
1102 683 1408 768 promissa
1436 682 1592 746 Deis
1621 681 1915 745 animalia
1935 703 2148 766 cespes

700 789 1066 874 Exspectat.
1111 785 1357 850 niveam
1386 784 1655 870 Reginae
1683 784 1977 848 ducimus
2005 806 2270 869 agnam:

699 889 829 951 Par
855 884 1060 951 vellus
1088 886 1349 950 dabitur
1376 884 1688 972 pugnanti
1722 884 2024 969 Gorgone
2057 885 2310 949 Maura.

701 987 826 1052 Sed
854 987 1076 1074 procul
1102 999 1432 1053 extensum
1459 985 1753 1072 petulans
1780 985 1992 1072 quatit
2020 983 2230 1050 hostia
2255 985 2502 1063 funem,

680 1236 741 1285 In
759 1236 909 1303 prima
922 1251 1071 1351 eaffue
1085 1237 1292 1287 maxima
1301 1237 1464 1287 Satirae
1484 1243 1619 1301 parte

611 1301 686 1366 (v.
718 1300 920 1364 1-92.>
1020 1302 1231 1350 uvenalis
1268 1301 1393 1351 hanc
1425 1309 1620 1350 exornat

613 1366 768 1414 ideam
785 1382 797 1411 ε
834 1364 993 1414 Natali
1013 1369 1084 1414 die
1098 1367 1207 1414 mihi
1222 1367 1395 1414 dulcior
1412 1367 1514 1439 hec·
1525 1367 1617 1421 lus,

614 1430 1386 1567 muudum...
1398 1430 1621 1567 {5:1¹ae

617 1573 855 1608 canonem
906 1558 1077 1625 adripit
1125 1559 1420 1625 heredipetas
1464 1557 1623 1622 lepide

615 1621 959 1689 perstringendi
978 1639 1024 1672 v.
1042 1623 1284 1673 93-130.

682 1689 779 1737 Nec
810 1696 1005 1749 suspecta
1037 1689 1118 1735 tibi
1147 1689 1238 1735 sint
1270 1689 1383 1744 hee,
1409 1687 1622 1736 corvine.-

807 1752 1016 1800 canillas

679 1815 773 1865 Pro
789 1817 919 1878 cnjus
937 1817 1088 1864 reditu
1109 1823 1170 1862 tot
1185 1830 1299 1877 pono
1311 1815 1496 1871 altaria,
1515 1831 1620 1875 par·

802 1897 874 1929 vos

681 1945 787 1993 vm
811 1945 935 1993 habet
954 1943 1143 1991 heredes.

617 2008 772 2058 Satira
801 2007 943 2072 plena
962 2013 1033 2056 est
1062 2003 1325 2054 festivitatis
1351 2012 1400 2054 et
1430 2004 1622 2054 facetia-

617 2088 751 2120 rum:
806 2087 901 2136 quo
939 2069 1229 2134 potissimum
1267 2068 1412 2117 refero
1452 2086 1500 2118 v.
1549 2071 1627 2119 11.

614 2136 699 2185 23.
723 2136 803 2184 33.
832 2150 929 2198 seq.
957 2135 1036 2183 39.
1059 2134 1141 2182 44.
1162 2134 1242 2183 45.
1266 2133 1348 2182 57.
1376 2148 1474 2197 seq.
1496 2135 1626 2182 95-

622 2201 731 2248 104.
759 2200 1025 2248 ill—127.
1088 2197 1220 2246 Prior
1249 2197 1352 2263 ejus
1379 2213 1489 2263 pars
1509 2199 1625 2247 mol·

614 2263 815 2313 lissimos
842 2262 1059 2314 amicitia
1089 2262 1266 2311 intime
1296 2277 1461 2311 sensus
1489 2262 1620 2311 adse·

614 2336 810 2393 ctusque
842 2328 1003 2394 spirat,
1026 2325 1173 2392 (inpr.
1196 2344 1242 2376 v.
1271 2328 1315 2374 1.
1342 2328 1415 2375 10.
1446 2340 1547 2390 seq.
1574 2335 1624 2377 et

615 2394 693 2441 83.
716 2390 838 2458 seq.)
860 2402 909 2442 et
940 2407 1102 2456 graves
1132 2390 1303 2456 passim
1326 2390 1400 2455 (v.
1421 2392 1501 2439 48.
1522 2406 1621 2456 seq.

615 2458 695 2507 57.
738 2473 836 2522 seq.
875 2466 925 2506 et
967 2455 1058 2520 al.)
1095 2455 1311 2504 inmiscet
1352 2455 1622 2505 sententias.

614 2521 746 2570 Festi
764 2537 949 2587 quoque
965 2521 1059 2570 diei
1086 2520 1332 2585 descriptio
1352 2537 1401 2568 v.
1421 2522 1501 2569 83.
1522 2537 1621 2586 seq.

615 2586 849 2635 animatur
870 2586 970 2635 vita
996 2594 1046 2635 et
1077 2584 1277 2642 actione,
1298 2591 1540 2648 tamquam
1570 2585 1622 2635 in

613 2666 756 2701 scena
774 2660 1057 2717 peragantur
1075 2649 1246 2698 omnia.
1289 2649 1400 2723 Ipse
1418 2649 1624 2713 denique

614 2715 836 2765 transitus
868 2714 929 2763 ad
969 2716 1159 2763 alteram
1193 2713 1411 2763 carminis
1441 2724 1622 2779 partem

614 2795 662 2828 v.
683 2782 762 2829 93.
779 2795 879 2843 seq.
906 2778 1217 2843 lepidissimus
1238 2776 1375 2825 simul
1396 2785 1444 2826 et
1470 2778 1619 2842 inopi-

615 2844 885 2893 natissimus
905 2851 992 2891 est.
1056 2841 1271 2890 Poetices
1302 2841 1548 2898 studioms,
1570 2849 1624 2890 ut

614 2906 896 2971 intelligant,
937 2920 1080 2969 quam
1127 2904 1256 2954 varie
1305 2905 1430 2955 idem
1483 2921 1622 2970 argu·

614 2980 823 3021 mentum
861 2969 1051 3019 tractari
1088 2969 1249 3034 possit,
1288 2985 1382 3019 non
1420 2971 1622 3035 poenite·

612 3033 685 3082 bit
709 3034 907 3100 primam
935 3032 1074 3097 hujus
1095 3033 1247 3082 satire
1278 3041 1459 3101 partem
1495 3050 1621 3083 com-

649 3112 803 3147 arasse
837 3113 943 3145 cum
979 3097 1146 3147 Horat.
1175 3097 1270 3147 Od.
1300 3099 1343 3147 Ι.
1365 3100 1444 3147 36.
1481 3100 1553 3147 11.
1575 3100 1625 3147 7.

645 3161 718 3208 II.
743 3163 819 3209 14.
848 3168 897 3209 et
922 3161 1099 3211 Catuli.
1125 3177 1268 3210 carm.
1300 3163 1393 3210 IX.
1425 3162 1620 3212 alteram

614 3232 773 3274 autem
804 3240 910 3273 cum
946 3225 1110 3273 Horat.
1148 3227 1247 3273 Sat.
1276 3227 1323 3274 5.
1346 3225 1430 3274 lib.
1460 3228 1533 3274 ΙΙ.
1571 3226 1623 3274 in

647 3305 712 3338 ua
772 3288 1142 3353 heredipetarum
1192 3295 1313 3337 artes
1363 3304 1392 3336 a
1442 3289 1623 3338 Tiresia

612 3304 778 3417 &ly-ssi
810 3360 1120 3419 exponuntur,
1150 3360 1198 3400 et
1229 3351 1453 3400 Horatius
1481 3353 1620 3417 longe

612 3426 805 3532 prfisz’tlat
821 3416 1334 3534 iIntenalt}urbaniitlate
1354 3424 1401 3465 et
1422 3417 1620 3528 fiacetiis,

612 3499 664 3531 m
764 3498 1088 3533 ecuumis
1227 3496 1619 3540 oisacormae,

612 3547 746 3611 (quas
778 3548 828 3596 in
860 3555 1018 3597 nostra
1048 3497 1232 3612 qffiue
1271 3543 1414 3594 satira
1457 3546 1618 3596 admo-

613 3609 727 3660 dum
749 3611 936 3676 quidem
957 3620 1156 3661 venusta
1184 3618 1255 3659 est
1282 3618 1330 3659 et
1359 3609 1618 3674 ingeniosa,

613 3675 697 3722 sed
745 3674 900 3723 minus
938 3684 1114 3734 tamen,
1155 3690 1299 3739 quam
1338 3673 1615 3734 dramatica,

613 3752 710 3801 qua
725 3738 923 3788 Flaccus
938 3749 1010 3788 est
1025 3739 1164 3800 usus)
1181 3746 1281 3787 tum
1296 3755 1614 3804 personarum,

612 3816 869 3864 earumque
887 3802 1274 3866 gravissimarum,
1295 3803 1464 3866 quibus
1494 3820 1613 3869 prae-

609 3873 681 3915 ter
720 3880 908 3914 omnem
947 3866 1339 3931 exspectationem
1374 3867 1534 3933 lepida
1569 3877 1619 3918 et

606 3927 833 3996 jocularis
880 3928 1093 3977 tribuitur
1141 3929 1392 3994 disputatio
1438 3932 1499 3980 de
1548 3949 1616 3991 re,

612 4010 720 4060 quae
756 3993 943 4058 ingenio
977 4008 1139 4042 earum
1176 3992 1430 4058 aptissima,
1464 3996 1548 4045 sed
1586 4012 1617 4046 a

610 4068 836 4124 tempore,
889 4073 983 4122 quo
1034 4056 1265 4112 vixerunt,
1316 4058 1471 4108 aliena
1529 4069 1616 4111 est.

609 4125 833 4174 Ceterum
861 4133 910 4173 et
941 4123 1120 4171 Corvini
1149 4129 1198 4170 et
1226 4122 1413 4180 Catulli,
1442 4123 1614 4174 amico·

610 4205 712 4237 rum
737 4188 1000 4244 Juvenalis,
1019 4203 1112 4236 non
1141 4186 1269 4241 alibi,
1292 4188 1418 4250 quod
1449 4187 1612 4247 sciam,

609 4253 785 4302 mentio
819 4253 888 4301 fit.
952 4253 1030 4302 De
1068 4250 1174 4302 aliis
1212 4252 1405 4302 Catullis
1431 4269 1476 4304 v.
1510 4268 1613 4321 sup.

610 4317 671 4366 ad
691 4319 785 4368 IV.
811 4320 920 4367 113.
940 4326 988 4368 et
1008 4316 1159 4368 VIII.
1179 4317 1288 4369 186.
1308 4316 1369 4366 al.
1468 4350 1473 4356 -

2669 991 2718 1051 5

1751 1236 1795 1283 1.
1830 1235 2062 1290 confines,
2085 1233 2264 1282 amicus
2281 1242 2451 1299 poetae,
2470 1235 2538 1284 ad
2560 1252 2708 1301 quem

1683 1298 1784 1348 haec
1805 1301 1906 1349 Sat.
1933 1299 2077 1347 missa
2107 1307 2194 1354 est,
2216 1306 2264 1346 et
2285 1315 2427 1363 quem
2446 1301 2478 1348 J
2482 1301 2714 1349 uvenalis

1683 1379 1779 1412 una
1815 1379 1921 1412 cum
1957 1362 2147 1412 Catullo
2179 1361 2242 1410 ad
2277 1363 2441 1411 festam
2480 1363 2703 1414 laetitiam

1682 1427 1904 1476 invitasse
1924 1427 2124 1476 videtur.
2156 1427 2497 1475 suavissimum
2521 1436 2598 1476 est
2616 1429 2706 1477 ini·

1684 1492 1830 1540 tium:
1866 1492 1979 1539 Hoec
2006 1493 2101 1547 lux,
2127 1489 2245 1547 dies,
2267 1492 2444 1539 dulcim-
2472 1494 2592 1544 mihi
2621 1512 2704 1551 rga-

1687 1557 1770 1604 tali
1790 1558 1878 1613 die,
1898 1555 1980 1619 qui
1999 1553 2163 1603 ceteris
2183 1563 2233 1603 et
2257 1555 2405 1604 laetior
2423 1565 2473 1604 et
2494 1557 2706 1606 sanctior

1686 1629 1775 1675 est,
1804 1629 1962 1684 atque,
1991 1625 2045 1666 ut
2076 1619 2227 1668 omnis
2264 1620 2358 1668 fere
2394 1619 2499 1669 dies
2538 1621 2704 1678 festus»,

1686 1684 1906 1748 religione
1930 1681 2173 1748 epulisque
2190 1684 2443 1747 quotannis
2468 1685 2710 1735 celebrari

1684 1749 1883 1797 solebat.
1944 1748 2039 1796 Hic
2072 1747 2174 1796 dies
2198 1749 2315 1796 Jure
2345 1750 2538 1797 solennis
2572 1753 2704 1810 mihi,

1684 1815 1956 1876 sanctiorque
1974 1811 2112 1859 Poene
2130 1814 2275 1860 natali
2295 1811 2462 1860 Horat.
2483 1811 2584 1862 Od.
2607 1815 2702 1864 IV.

1691 1877 1766 1925 11.
1800 1878 1876 1925 17.
1920 1875 2173 1941 Epitheton
2203 1877 2378 1924 dulcior
2410 1878 2703 1928 emendatio-

1687 1956 1794 1989 nem
1818 1941 1958 2005 sapit,
1977 1947 2026 1988 et
2056 1955 2114 1988 ex
2146 1941 2294 1990 MSS.
2323 1940 2401 1987 vel
2434 1945 2603 1999 carior,
2625 1944 2700 1992 vel

1687 2007 1850 2054 clarior
1870 2003 2204 2069 (praestantior,
2219 2012 2303 2052 aut
2322 2002 2699 2071 memorabilior)

1688 2068 2060 2119 substituendum
2089 2068 2291 2117 videtur.
2321 2070 2419 2131 hae
2451 2071 2551 2126 lux,
2580 2071 2699 2129 dies,

1721 2150 1783 2183 uo
1813 2132 1949 2181 rediit
1968 2132 2201 2188 Catullus,
2226 2131 2340 2181 mihi
2372 2133 2697 2185 amicissimus·

1736 2198 1769 2246 f.
1789 2198 1873 2246 inf.
1898 2197 1974 2246 15.
1993 2212 2092 2260 seq.
2110 2204 2158 2245 et
2172 2199 2252 2246 29.
2273 2212 2371 2261 seq.
2461 2203 2470 2212 “

1747 2265 1794 2311 2.
1831 2262 1973 2311 Color
2010 2261 2230 2310 orationis
2269 2261 2444 2311 ductus
2482 2277 2545 2312 ex
2581 2264 2695 2312 Hor.

1686 2326 1783 2375 Od.
1816 2328 1907 2375 lv.
1936 2327 2010 2375 ll.
2036 2328 2083 2375 6.
2117 2341 2215 2389 seq.
2242 2341 2401 2387 cespes,
2422 2342 2511 2375 ara
2539 2343 2568 2377 e
2592 2329 2693 2376 vivo

1686 2389 1877 2456 cespite,
1920 2389 2166 2455 cespititia,
2201 2391 2348 2453 βυμὸς
2390 2391 2696 2457 αὖησχίδως,

1685 2455 1839 2520 qualis
1871 2455 2078 2530 tempore
2117 2465 2309 2519 urgente
2338 2465 2386 2506 et
2418 2455 2470 2504 in
2508 2457 2696 2522 privatis

1684 2521 1828 2569 etiam
1858 2520 2097 2569 sacrificiis
2126 2520 2301 2569 exstrui
2341 2520 2542 2570 solebat.
2567 2522 2627 2571 cf.
2649 2538 2694 2571 ν.

1685 2587 1766 2634 85.
1781 2585 1949 2650 festus,
1970 2585 2087 2633 festo
2119 2583 2212 2633 diei
2237 2594 2286 2633 et
2315 2584 2496 2633 letitie
2528 2601 2692 2634 conve-

1685 2649 1837 2705 niens,
1859 2658 1913 2699 ut
1928 2648 2056 2714 festa
2071 2649 2214 2714 from
2229 2657 2278 2698 et
2302 2648 2491 2705 similia.
2525 2655 2692 2699 amma-

1687 2717 1766 2770 lia,
1811 2714 2037 2762 victimas.
2104 2714 2212 2761 Deis
2248 2716 2460 2775 promissa
2499 2721 2551 2763 et
2590 2722 2698 2764 vota

1684 2777 1811 2834 olim,
1847 2794 1992 2842 quum
2035 2777 2255 2827 Catullus
2293 2776 2575 2836 discederet,
2614 2795 2699 2853 pro

1684 2841 1837 2955 redlitsu
1872 2842 1975 2907 ejus
2009 2851 2058 2891 et
2094 2840 2432 2891 incolumitate.
2498 2843 2581 2893 Cf.
2612 2843 2693 2891 inf.

1685 2924 1732 2955 v.
1817 2941 1832 2955 .
1852 2922 1951 2970 seq.
2215 2948 2218 2959 2

1750 2972 1798 3019 3.
1830 2973 2035 3019 ducimus
2066 2986 2133 3020 sc.
2160 2970 2232 3018 ad·
2255 2985 2402 3025 aram,
2438 2978 2492 3019 ut
2531 2971 2620 3019 inf.
2647 2989 2695 3023 v.

1690 3036 1798 3082 112.
1818 3049 1919 3100 sup.
1944 3036 2006 3083 X.
2028 3036 2110 3085 65.
2130 3042 2179 3083 et
2198 3033 2372 3100 passim
2395 3034 2456 3083 de
2478 3035 2697 3085 victimis.

1687 3099 1832 3162 Vulg.
1853 3102 2086 3147 coedimm:
2118 3100 2201 3147 sed
2233 3099 2352 3147 illud
2384 3099 2572 3148 doctius
2606 3109 2694 3157 est,

1683 3162 1773 3211 hoc
1814 3177 1844 3211 e
1891 3163 2063 3226 glossa.
2127 3162 2335 3227 Regina,
2378 3163 2431 3210 in
2470 3163 2694 3214 honorem

1683 3225 1802 3289 ejus.
1867 3227 2044 3291 Regina
2069 3234 2118 3275 et
2146 3227 2358 3285 βασίλιιι
2382 3228 2566 3289 quaevis
2588 3229 2697 3277 Dea

1683 3290 2345 3404 ffffissmioeifflssnieiaejnffi
2360 3288 2694 3421 {223ss

1683 3432 1776 3467 mae
1809 3419 2058 3469 condidere
2091 3419 2224 3468 Cam‘
2248 3421 2322 3468 lus
2357 3427 2408 3468 et
2437 3422 2516 3469 M.
2537 3420 2691 3469 AEmi-

1682 3482 1789 3532 lius.
1821 3482 1950 3546 (Liv.
1973 3484 2038 3533 V.
2057 3485 2138 3532 22.
2161 3485 2405 3533 XXXIX.
2424 3486 2501 3548 3.)
2521 3488 2691 3534 niveam

1681 3564 1870 3620 agwmm:
1903 3562 2012 3595 nam
2033 3547 2142 3596 Diis
2159 3549 2337 3623 superis
2370 3549 2512 3607 albae,
2536 3549 2692 3599 inseris

1680 3626 1824 3676 mgrae
1839 3613 2165 3661 mactabantur
2185 3612 2400 3661 victime.

1746 3678 1793 3724 4.
1828 3678 1930 3724 Par
1967 3678 2123 3732 vellus,
2161 3676 2284 3726 nivei
2322 3675 2511 3726 velleris
2555 3692 2693 3742 agna.

1673 3740 2295 3870 &fflizffgzfflffl
2314 3742 2695 3872 5553&ss

1680 3868 1863 3932 agidis,
1887 3868 1936 3917 h.
1958 3886 2001 3919 e.
2029 3868 2169 3935 clipei
2187 3870 2262 3919 vel
2294 3868 2514 3925 thoracis,
2537 3870 2589 3919 in
2608 3887 2688 3919 cu·

1675 3930 1756 4044 {¹2}
1784 3949 1832 4046 Γ
1831 3933 2075 4048 {2253}
2087 3933 2618 4048 ffiffifflfflffibfi?
2612 3953 2688 4048 521·

1679 4059 1728 4109 in
1753 4069 1962 4112 extrema
1981 4062 2142 4112 Africa
2175 4062 2448 4112 interfectae.
2518 4064 2686 4129 Gorgo-

1677 4142 1752 4173 nes
1784 4141 1823 4173 s.
1865 4129 2017 4178 Graeae
2058 4126 2185 4176 suere
2219 4136 2313 4176 tres
2348 4127 2463 4175 filiae
2503 4128 2685 4182 Phorci,

1678 4190 1885 4257 Φομίδις
1902 4217 1915 4247 3
1934 4191 2016 4242 sed
2037 4192 2241 4242 Medusa
2260 4193 2370 4241 nas-³
2392 4193 2551 4257 ὶξοχῆι
2568 4193 2690 4242 dicta

1676 4256 1844 4321 Γοςγῦ.

1738 4322 1788 4369 5.
1807 4336 1905 4386 seq.
1925 4313 2246 4371 Adumbratur
2276 4320 2325 4371 h.
2345 4320 2380 4370 1.
2412 4297 2465 4369 εὶ
2495 4320 2678 4385 quidem
