2978 4920
423 455 673 519 nibus?
721 457 779 518 Ο
809 454 1009 531 numi,
1045 454 1225 519 vobis
1253 454 1423 517 hunc
1452 464 1713 539 praestat
1743 451 2068 529 honorem,

415 555 543 622 Vos
570 553 721 618 estis
750 553 999 617 fratres.

419 655 486 719 Si
513 656 611 718 vis
641 667 714 718 tu
746 655 904 732 fieri,
935 656 1150 719 nullus
1179 655 1297 719 tibi
1326 654 1636 740 parvulus
1665 653 1814 717 aula

421 754 681 818 Luserit
711 755 971 833 AEnea8‚
1003 779 1116 819 nec
1145 755 1277 819 filia
1304 754 1551 819 dulcior
1579 753 1708 816 illo.

420 857 466 917 J
471 854 798 919 ucundum
826 868 890 920 et
920 879 1134 920 carum
1167 856 1394 920 sterilis
1422 854 1577 919 facit
1607 857 1769 919 uxor'
1796 855 2086 918 amicum.

425 1057 504 1119 In
531 1055 844 1141 gremium
873 1058 1071 1142 patris
1099 1056 1327 1120 fundat
1358 1055 1582 1120 simul:
1628 1055 1763 1141 ipse
1792 1055 2039 1142 loquaci

421 1155 747 1220 Gaudebit
776 1156 961 1229 nido;
1009 1156 1272 1220 viridem
1302 1156 1561 1222 thoraca
1580 1156 1839 1241 jubebit

412 1254 699 1333 Adferri‚
730 1256 1146 1342 minimasque
1175 1279 1386 1334 nuceS‚
1418 1278 1746 1342 assemque
1774 1268 2091 1341 rogatum,

1081 286 1126 348 S
1144 285 1209 346 A
1232 285 1294 347 T
1317 284 1351 347 Ι
1374 284 1438 347 R
1455 285 1522 346 A
1586 283 1658 345 V.
2285 284 2404 351 101

1089 553 1404 617 Dominus
1434 564 1647 616 tamen
1675 564 1740 617 et
1769 552 2009 616 domini
2038 576 2152 617 rex

2284 856 2411 919 140

428 955 552 1019 Sed
583 967 697 1019 tua
723 979 893 1020 nunc
925 956 1180 1043 Mycale
1209 956 1416 1042 pariat
1446 956 1615 1033 licet,
1645 968 1711 1020 et
1739 978 1969 1042 pueros
1998 969 2125 1021 tres

2281 1359 2406 1422 145

419 1354 529 1417 Ad
559 1379 837 1421 mensam
866 1357 1114 1443 quoties
1143 1356 1459 1442 parasitus
1487 1357 1731 1421 venerit
1758 1356 1984 1419 infans.

418 1457 665 1522 Vilibus
693 1458 1207 1563 ancipiteslfungi
1235 1470 1553 1545 ponentur
1581 1457 1819 1535 amici8‚

413 1557 676 1621 Boletus
703 1558 957 1623 domino
977 1588 1000 1635 ,·
1048 1558 1158 1622 sed
1187 1557 1406 1644 quales
1438 1557 1749 1622 Claudius
1778 1557 1911 1622 edit

322 1783 567 1846 visfiater
583 1785 641 1831 ab
661 1783 775 1846 ipsis
791 1781 925 1827 §mnu
936 1780 964 1828 3
997 1783 1059 1828 ad
1075 1782 1325 1838 Trebium,

319 1849 453 1907 quod
468 1854 541 1894 est
560 1850 724 1896 fictum
746 1859 919 1893 nomen
939 1847 1160 1905 pauperis
1178 1847 1326 1893 clien-

322 1914 408 1970 tis,
431 1914 508 1964 (ut
528 1926 638 1972 sup.
660 1928 708 1960 v.
731 1908 832 1972 19.)
853 1911 937 1969 qui
967 1924 1097 1957 nunc
1129 1918 1326 1970 repente

320 1978 457 2023 dives
486 1976 644 2023 factus
676 1983 766 2024 est.
793 1974 958 2036 frater
989 1974 1210 2020 blandius
1243 1989 1330 2020 no-

321 2054 457 2096 men,
488 2055 587 2100 quo
618 2041 764 2087 amici
796 2053 847 2084 se
878 2038 1086 2083 invicem
1119 2040 1328 2097 compel-

319 2107 443 2151 lant.
486 2106 558 2150 vie
588 2106 694 2151 dari
721 2105 809 2149 tibi
831 2103 885 2148 ab
906 2102 1016 2159 ipsis
1037 2101 1178 2159 Hibis,
1199 2103 1326 2159 lum-‚

319 2171 412 2222 bis,
448 2176 583 2226 parte
621 2168 913 2223 delicatiore,
951 2179 997 2209 v·
1031 2179 1073 2209 c.
1119 2167 1241 2224 apri.
1279 2181 1323 2213 v.

321 2233 452 2280 Plin.
480 2231 627 2278 vul.
652 2232 732 2278 51.
749 2245 789 2277 s.
810 2230 888 2278 78.
953 2228 1063 2275 136.
1086 2230 1131 2275 ’1.
1157 2230 1329 2276 Honor

318 2305 368 2343 et
387 2297 636 2342 blanditias
651 2298 713 2343 ad
731 2307 905 2341 numos
921 2299 1158 2352 spectant,
1172 2294 1327 2353 iisque

318 2362 618 2414 tribuuntur,
633 2374 728 2405 non
751 2357 955 2411 homini,
970 2357 1048 2402 vel
1069 2357 1255 2402 meritis
1275 2364 1326 2403 et

319 2424 509 2471 virtuti.
574 2421 843 2471 137-140.
876 2421 1027 2467 Dives
1057 2420 1139 2468 ille
1172 2426 1221 2466 et
1242 2434 1323 2468 su-

320 2488 500 2548 pe‘rbus
521 2488 668 2535 Virro
688 2489 835 2533 etiam
858 2486 1047 2532 clientis
1066 2486 1237 2544 instar,
1258 2492 1326 2543 te,

319 2554 407 2612 qui
428 2559 625 2611 repente
656 2552 790 2598 dives
810 2551 968 2596 factus
989 2563 1057 2603 es,
1082 2555 1137 2594 ut
1169 2558 1329 2608 patro-

320 2630 443 2662 num
464 2629 609 2662 suum
633 2617 757 2662 colet
773 2622 823 2661 et
841 2627 1009 2659 venera
1016 2615 1161 2667 bitur,
1180 2614 1222 2658 si
1239 2615 1330 2660 tibi

322 2694 420 2726 non
439 2686 583 2726 erunt
602 2680 757 2734 liberi,
775 2684 824 2724 et
843 2678 935 2737 ipsi
957 2679 1075 2723 adeo
1092 2689 1228 2736 spem
1245 2678 1329 2724 be·

322 2744 543 2790 reditatis
568 2742 887 2803 adipiscendae
920 2742 1169 2800 concipere
1201 2742 1329 2790 licet.

321 2808 398 2855 Cf.
430 2809 595 2855 simili.
618 2805 1003 2867 Epigr.'XXX1.
1039 2805 1246 2851 Palladae
1279 2806 1330 2851 in

322 2873 560 2919 Brunckii
590 2873 735 2918 Anal.
756 2870 816 2918 Τ.
839 2870 910 2916 11.
931 2883 977 2928 ρ.
998 2868 1112 2916 413.
1161 2869 1328 2915 Domi-

320 2950 431 2988 nus.
457 2950 502 2995 v.
524 2936 586 2981 ad
608 2933 651 2982 1.
675 2934 783 2981 136.
828 2933 1022 2979 Domini
1044 2948 1150 2990 rex,
1172 2930 1328 2995 major

319 3007 527 3060 patrono
548 3013 605 3045 ac
628 3005 821 3058 potente
850 2998 1167 3055 amico,flem‘‚
1187 2998 1247 3042 ab
1269 3010 1328 3043 eo

318 3065 417 3110 coli
452 3076 648 3109 summo
683 3064 880 3108 honore.
957 3060 1064 3107 138.
1099 3061 1145 3106 9.
1181 3060 1329 3107 Poeta

315 3129 492 3174 festive
503 3127 658 3172 utitur
671 3127 826 3172 verbis
843 3125 979 3184 virg.
989 3126 1099 3172 AEn.
1116 3125 1201 3170 1v.
1212 3124 1325 3171 328.

295 3193 415 3253 filia
425 3189 622 3248 dulcior,
635 3203 763 3249 saepe
778 3196 827 3235 et
847 3190 1014 3235 multis
1029 3189 1325 3248 parentibus,

309 3256 395 3303 illo
428 3255 542 3300 filio.
609 3254 844 3301 Nonnulli
876 3250 930 3301 σὲ
961 3254 1040 3299 illo
1070 3254 1133 3299 ad
1157 3251 1325 3299 Virro·

313 3333 431 3366 nem
470 3331 509 3363 s.
544 3318 872 3376 heredipetam
914 3317 1147 3364 referunt.
1214 3315 1325 3364 140.

293 3384 429 3444 facit
470 3388 565 3428 eet.
607 3383 672 3428 ob
685 3394 846 3441 ,spem
891 3382 1187 3428 hereditatis.
1246 3381 1327 3429 Cf.

312 3445 534 3495 Martial.
555 3445 624 3491 X.
644 3444 721 3491 18.
743 3452 794 3491 et
815 3444 912 3494 XI.
932 3445 1013 3493 66.

315 3588 441 3621 uxor
462 3580 565 3627 tua,
584 3574 746 3632 pariat
764 3587 904 3627 nune,
927 3586 1079 3633 quum
1102 3574 1174 3619 sia
1188 3574 1322 3619 locu·

311 3641 549 3699 pletatus,
571 3638 823 3683 honorabit
856 3644 904 3683 te
935 3645 985 3684 et
1006 3644 1116 3684 tuos
1137 3651 1194 3683 ac
1215 3650 1326 3682 mu-

313 3702 523 3749 nuscula
536 3698 727 3761 jubebit
746 3701 940 3754 adferri,
963 3702 1078 3760 quia
1098 3703 1232 3747 dives
1253 3714 1325 3760 es,

308 3776 366 3814 et
389 3772 567 3824 sperat,
581 3766 788 3825 gratiam
803 3779 830 3810 a
850 3771 899 3811 te
914 3765 1120 3812 relatum
1135 3765 1212 3811 iri.
1241 3768 1326 3812 -At

307 3829 511 3889 Mycale
524 3830 576 3876 h.
586 3831 620 3875 l.
634 3829 863 3876 meretrix
875 3830 1035 3889 potius
1048 3835 1139 3883 est,
1151 3835 1203 3875 et
1214 3843 1324 3876 sen·

308 3894 471 3940 tentia
492 3894 667 3939 borum
690 3894 976 3940 verboruma
1010 3901 1063 3939 at
1095 3900 1179 3939 tua
1211 3908 1327 3939 con-

308 3955 496 4003 cubina
509 3959 583 4004 vel
600 3962 693 4003 tres
703 3968 867 4015 pueros
882 3957 1192 4016 simulpariat
1203 3958 1325 4015 licet,

305 4023 366 4069 h.
387 4034 433 4066 e.
453 4034 564 4067 eam
585 4034 753 4080 parere
774 4020 964 4066 licitum
980 4027 1079 4067 est=
1115 4023 1199 4073 (sie
1214 4035 1330 4082 mog

298 4081 566 4146 gebahren)
590 4098 685 4131 non
711 4084 1039 4142 indignabitur
1061 4083 1225 4142 Virro,
1243 4087 1327 4131 sed

306 4148 563 4209 gaudebit,
586 4150 709 4194 nihil
731 4149 930 4204 veritus,
953 4163 1014 4195 ne
1045 4156 1240 4208 propter
1268 4149 1325 4194 fl-

1387 1780 1578 1845 pa'ywpu
1598 1797 1638 1832 8.
1665 1781 1853 1845 perh,
1875 1796 2005 1830 coeo.
2069 1782 2121 1829 Si
2153 1785 2246 1830 hoe
2276 1790 2405 1831 esset

1390 1851 1574 1907 uxoris,
1600 1862 1696 1895 non
1731 1847 1915 1907 pellicis
1947 1860 2146 1905 nomen,
2167 1854 2311 1907 poeta
2331 1848 2407 1894 vel

1389 1926 1537 1957 unum
1545 1926 1761 1971 puerum,
1782 1926 1878 1958 non
1899 1915 1990 1957 tres
1997 1923 2167 1970 pueros
2183 1912 2403 1959 dixisset.

1394 1975 1487 2021 Sed
1508 1977 1649 2035 signa
1668 1976 1898 2037 interrog.
1915 1976 1956 2021 si
1974 1980 2083 2033 post
2099 1974 2207 2021 nido
2223 1990 2269 2021 v.
2293 1974 2401 2023 143.

1391 2049 1440 2084 et
1462 2054 1509 2084 v.
1530 2038 1637 2086 145.
1666 2047 1772 2098 post
1788 2039 1945 2102 infirm
1961 2040 2194 2097 posueriS.
2211 2054 2305 2085 non
2326 2042 2402 2086 in-

1389 2110 1503 2162 epta
1519 2105 1728 2163 prodibit
1743 2104 1980 2150 sententia
1993 2118 2008 2148 2
2033 2103 2074 2147 si
2089 2117 2212 2149 uxor
2225 2111 2308 2150 tua
2324 2106 2402 2151 vel
2456 2162 2459 2165 Ι

1390 2180 1568 2225 unum,
1589 2168 1666 2213 vel
1689 2169 1808 2213 adeo
1829 2174 1928 2213 tres
1950 2179 2122 2226 pueros
2143 2169 2400 2227 pepererit,

1392 2232 1514 2293 (quo
1528 2244 1637 2290 spes
1654 2232 1932 2277 hereditatis
1950 2230 2150 2276 Virroni
2166 2232 2400 2278 inminui-

1388 2292 1499 2356 tur)
1524 2302 1727 2353 putasne
1748 2295 1840 2340 hoc
1862 2295 1954 2353 ipsi
1985 2301 2179 2352 gratum
2201 2296 2328 2352 fore,
2349 2303 2401 2342 et

1388 2371 1593 2405 munera
1614 2360 1676 2405 ab
1707 2372 1765 2404 eo
1796 2357 2062 2404 infantibus
2094 2359 2263 2405 datum
2297 2360 2398 2406 iri?

1388 2421 1520 2469 Tum
1542 2436 1656 2469 vero
1679 2436 1764 2482 pro
1781 2422 1884 2469 licet
1905 2423 1998 2482 leg.
2017 2419 2123 2482 fac.
2188 2420 2298 2470 14-2.
2331 2424 2398 2469 Ιο-

1390 2489 1523 2546 quuti
1536 2487 1661 2542 nido,
1678 2487 1823 2547 pullis
1842 2487 2025 2540 avium,
2044 2487 2221 2538 νεοσσοῖς
2240 2485 2399 2551 ηὖξε-

1391 2566 1451 2605 ο-ι,
1470 2551 1519 2596 h.
1534 2551 1570 2597 1.
1590 2563 1678 2609 pro
1701 2551 1913 2609 puerulis
1929 2552 2229 2609 loquacibus,
2240 2552 2402 2598 forma

1392 2615 1624 2673 loquendi
1639 2614 1780 2673 Virg.
1798 2614 1909 2660 AEn.
1927 2612 2048 2658 XII.
2070 2612 2187 2661 475.-
2209 2616 2270 2660 ad
2290 2629 2401 2660 sen-

1393 2690 1506 2723 sum
1526 2678 1737 2737 inpropr.
1770 2691 1827 2723 ac
1862 2678 2122 2736 figuratum
2154 2679 2401 2724 translata.

1395 2741 1474 2788 Sle
1495 2748 1544 2787 et
1564 2741 1740 2806 χρη-οῦ
1760 2739 1925 2804 πατρὶς
1944 2737 2115 2787 νάπαι
2135 2742 2258 2787 dixit
2279 2744 2398 2789 adu-

1393 2807 1519 2851 lator
1559 2809 1690 2865 apud
1737 2806 1984 2865 Theophr.
2027 2805 2168 2851 Char.
2214 2807 2284 2853 11.
2323 2806 2398 2852 Cf.

1391 2870 1563 2916 Burm.
1581 2872 1642 2917 ad
1661 2872 1858 2917 Anthol.
1879 2877 1973 2915 vet.
1991 2871 2080 2916 lat.
2099 2869 2267 2930 Epigr.
2285 2870 2324 2916 1.
2347 2884 2398 2931 p.

1396 2933 1506 2980 139.
1583 2933 1692 2981 143.
1725 2934 1922 2980 viridem
1955 2933 2139 2979 thoraca
2181 2936 2398 2992 laneum,

1391 2999 1696 3052 subuculam,
1719 2999 1795 3044 vel
1818 2999 2051 3044 tunicam.
2116 2996 2235 3045 144.
2257 3000 2400 3046 mini-

1389 3074 1489 3107 mas
1527 3075 1684 3119 nuces,
1714 3062 1994 3120 Avellanas,
2019 3063 2097 3107 vel
2130 3064 2289 3122 potius
2321 3077 2399 3109 res

1389 3125 1584 3171 minimi
1604 3127 1765 3184 pretii,
1785 3127 1951 3186 quales
1982 3133 2097 3171 sunt
2127 3140 2291 3175 nuces.
2322 3143 2398 3174 as-

1387 3202 1482 3235 sem
1503 3194 1718 3249 rogatum
1735 3204 1765 3236 a
1787 3203 1952 3249 puero,
1975 3203 2109 3236 more
2130 3191 2395 3246 infantum,

1387 3255 1616 3299 numulos
1636 3255 1925 3313 petentium.
1989 3252 2099 3300 145.
2132 3254 2288 3314 infant
2304 3269 2395 3315 pa·

1387 3318 1580 3372 raritas,
1593 3319 1843 3364 blandiens
1856 3326 1905 3363 et
1916 3318 2147 3375 adpetens
2159 3319 2394 3366 ciborum.

1453 3379 1725 3429 146-155.
1757 3382 1881 3428 Haec
1900 3383 1962 3426 ad
1984 3394 2201 3425 mensam
2226 3394 2395 3427 secun·

1387 3444 1498 3489 dam
1520 3446 1756 3503 spectant.
1811 3444 1987 3490 Vilibus
2009 3445 2190 3500 anaide,
2206 3445 2395 3490 clienti-

1386 3508 1493 3554 bus.
1517 3508 1590 3554 cf.
1608 3510 1670 3555 ad
1690 3522 1735 3553 v.
1756 3506 1867 3554 108.
1884 3511 2132 3568 ponentur,
2150 3510 2395 3566 adponen-

1388 3577 1482 3617 tur.
1488 3571 1644 3633 fungi
1663 3572 1900 3630 ancipites,
1921 3578 1976 3615 ut
1997 3584 2073 3629 ap.
2090 3571 2213 3616 Plin.
2232 3571 2400 3621 xxu.

1389 3633 1468 3682 23.
1514 3644 1792 3694 suspectum
1825 3634 1919 3680 cibi
1951 3648 2121 3692 genus,
2154 3637 2236 3682 cui
2267 3642 2396 3686 male

1387 3700 1617 3755 creditur,
1643 3701 1705 3746 de
1735 3711 1833 3757 quo
1864 3699 2077 3754 dubites,
2101 3710 2396 3750 venenatum

1389 3764 1473 3821 sit,
1499 3776 1662 3810 necne.
1730 3760 1843 3809 147.
1864 3763 1939 3808 Cf.
1962 3762 2068 3810 loca
2087 3765 2234 3810 simil.
2261 3766 2398 3813 Mar.

1390 3829 1494 3875 tial.
1518 3828 1557 3872 1.
1578 3828 1658 3874 21.
1680 3835 1730 3872 et
1749 3825 1842 3872 111.
1861 3827 1940 3874 60.
1958 3825 2006 3872 5.
2060 3829 2251 3875 Boletus
2272 3844 2395 3888 proe-

1391 3892 1745 3946 stantissimum
1765 3892 1908 3952 fungi
1923 3906 2096 3951 genus,
2116 3907 2161 3938 v.
2180 3895 2242 3939 ad
2257 3894 2396 3941 XIV.

1391 3955 1437 4002 8.
1479 3956 1703 4013 Domino,
1727 3970 1775 4003 v.
1795 3956 1858 4001 ad
1887 3954 1936 4004 I.
1978 3955 2091 4003 136.
2123 3955 2201 4001 sed
2228 3957 2397 4004 boletus

1390 4033 1486 4070 non
1524 4029 1802 4073 venenatus,
1825 4020 2001 4078 qualem
2027 4019 2247 4066 Claudius
2264 4022 2393 4081 Imp.

1388 4083 1500 4138 edit,
1523 4089 1631 4131 ante
1651 4098 1800 4144 quam
1821 4085 1984 4130 ederet
2008 4084 2158 4135 illum,
2181 4097 2326 4142 quem
2346 4087 2396 4131 ei

1389 4148 1521 4198 dedit
1535 4149 1800 4208 Agrippina
1813 4161 1935 4193 uxor
1948 4160 2131 4192 veneno
2140 4147 2393 4202 infectum,

305 4212 405 4258 lios
427 4213 723 4259 adulterinos
739 4212 800 4256 ab
815 4213 1079 4258 hereditate
1098 4215 1320 4259 excluda-
1383 4216 1488 4270 post
1509 4226 1639 4271 quem
1661 4212 1732 4256 ni!
1749 4212 1949 4269 amplius
1966 4209 2079 4265 edit,
2097 4208 2267 4255 festive
2286 4224 2394 4270 pro,

306 4284 411 4327 tur.
478 4275 576 4323 Pro
596 4275 789 4337 Mycale
821 4275 945 4322 forte
967 4277 1063 4336 leg.
1087 4275 1276 4338 Migule
1295 4290 1327 4323 a

1388 4288 1487 4334 quo
1508 4275 1667 4334 periit.
1698 4275 1776 4322 Cf.
1795 4275 1882 4323 inf.
1905 4272 2001 4319 v1.
2023 4273 2133 4320 620.
2151 4285 2252 4331 seq,
