2978 4920
974 310 1416 388 SATIRA
1478 310 1693 388 XII-1.

2247 317 2382 394 315.

378 498 617 564 Pocula
646 494 985 566 adorandae
1013 493 1341 581 robiginis,
1370 506 1434 559 et
1464 494 1849 584 populorum
1935 565 1938 570 ⁴

371 600 581 677 Dona,
611 597 714 666 vel
740 598 1007 682 antiquo
1035 594 1271 683 positas
1300 618 1338 660 a
1365 618 1521 686 rege
1545 619 1822 662 comnas.

372 704 535 766 Haec
563 701 653 765 ibi
678 701 738 770 si
764 722 892 768 non
918 710 1093 777 sunt,
1123 698 1328 768 minor
1356 710 1566 766 exstat
1596 697 1958 785 sacrilegus,
1989 700 2104 787 qui

1829 584 1872 633 „

2244 657 2370 765 150

372 801 587 870 Radnt
614 800 891 870 inaurati
920 799 1129 874 femur
1159 798 1460 868 Herculis
1488 811 1552 865 et
1582 798 1805 864 faciem
1834 798 2035 885 ipsam

371 901 659 989 Neptuni
685 926 703 976 ;
750 900 864 987 qui
891 899 1272 968 bracteolam
1301 899 1382 964 de
1414 900 1675 966 Castore
1704 899 1915 972 ducat.
2075 959 2079 963 .

372 1004 484 1067 An
512 1002 787 1081 dubitet,
818 1000 1042 1070 solitus
1069 1012 1277 1067 totum
1306 998 1578 1065 conflare
1610 1001 2015 1090 Tonantem?

366 1104 608 1169 Confer
634 1115 698 1168 et
727 1101 998 1176 artifices
1023 1113 1563 1187 mercatoremque
1591 1101 1837 1180 veneni,

370 1209 463 1271 Et
492 1205 934 1272 deducendum
962 1205 1131 1270 corio
1155 1205 1340 1270 bovis
1367 1204 1434 1270 in
1460 1227 1666 1290 mare,
1681 1226 1835 1272 cum
1865 1226 1998 1294 quo

2241 1206 2367 1282 155

371 1308 714 1374 Clauditur
742 1307 1022 1374 adversis
1048 1306 1305 1372 innoxia
1326 1304 1506 1374 simia
1532 1305 1700 1372 fatis.
2275 1361 2288 1390 Δ,

368 1410 534 1472 Haec
566 1419 766 1496 quota
792 1430 939 1494 pars
968 1408 1295 1487 scelerum,
1325 1431 1474 1494 quae
1504 1417 1718 1473 custos
1749 1406 2036 1476 Gallicus
2065 1407 2266 1476 Urbis

367 1512 594 1597 Usque
622 1534 662 1574 a
689 1510 974 1592 lucifero,
1003 1508 1203 1574 donec
1231 1509 1346 1574 lux
1374 1508 1645 1587 occidat,
1676 1508 1858 1573 audit
1873 1512 1905 1573 ἓ

366 1611 656 1675 Humani
683 1611 930 1696 generis
959 1633 1163 1675 mores
1191 1609 1310 1676 tibi
1337 1632 1519 1676 nosse
1549 1608 1784 1674 volenti

368 1712 640 1778 Subficit
668 1736 798 1778 una
824 1713 1069 1782 domus.
1112 1735 1349 1799 paucos
1376 1735 1674 1782 consume
1702 1712 1872 1791 dies,
1888 1724 1952 1777 et

2243 1711 2369 1779 160

366 1812 598 1890 Dicere
628 1825 692 1880 te
720 1813 1041 1893 miserum,
1072 1827 1411 1902 postquam
1438 1812 1612 1878 illinc
1642 1812 1907 1891 veneri&
1937 1813 2124 1898 aude.

365 1912 528 1992 Quis
556 1914 876 1986 tumidum
903 1927 1134 2001 guttur
1158 1917 1428 1984 miratur
1458 1914 1527 1979 in
1557 1914 1837 2001 Alpibus
1855 1919 1884 1979 Ρ
1926 1927 2042 1982 aut
2071 1917 2217 2003 quis

367 2016 452 2079 In
481 2015 703 2079 Meroe
731 2038 937 2082 crasso
960 2019 1263 2103 majorem
1290 2016 1533 2096 infante
1559 2015 1903 2084 mamillam
1919 2020 1950 2081 Ρ
2009 2105 2012 2108 ¹

349 2203 463 2251 147.
482 2214 584 2265 seq.
612 2199 765 2260 Varia
781 2199 1009 2266 sacrilegii
1022 2216 1195 2265 genera
1214 2217 1292 2252 ve·

272 2275 428 2340 nuste
442 2263 796 2337 adumbrantur,
813 2270 864 2314 et
883 2280 1055 2330 magna
1076 2264 1146 2313 vis
1174 2265 1296 2315 inest

271 2348 329 2380 ω
350 2329 729 2470 ἷῖἒιῗᾚῶαηαω
749 2359 985 2467 iungens,
1017 2393 1294 2444 venerandae

271 2465 595 2523 antiquitatis,
616 2471 713 2520 qua
741 2464 944 2522 pretium
965 2473 1126 2509 eorum
1148 2475 1292 2522 auge-

272 2533 356 2574 tur
387 2532 438 2573 et
466 2522 602 2588 quasi
630 2521 871 2571 sanctitas-
936 2522 1103 2588 Robigo
1135 2528 1292 2572 autem

272 2588 327 2637 h.
352 2589 388 2637 1.
410 2587 477 2638 id.
509 2587 593 2651 qd.
625 2600 799 2650 aerugo,
820 2586 940 2641 aeris,
967 2603 1063 2636 non
1095 2587 1201 2637 ferri
1222 2589 1289 2637 vi·

271 2653 415 2703 tium.
482 2652 590 2701 149.
625 2651 776 2708 Dona,
806 2651 1105 2715 ἀναθέμεν-α,
1137 2653 1290 2726 (unde

271 2724 325 2766 et
346 2732 458 2766 mox
485 2715 691 2779 pusiam)
724 2724 774 2765 et
802 2716 990 2780 quidem
1013 2733 1106 2765 non
1120 2733 1290 2782 singu-

272 2781 435 2830 lorum
452 2781 711 2839 hominum,
731 2780 817 2830 sed
836 2783 1117 2844 populorum,
1140 2789 1187 2830 et
1206 2801 1288 2831 an-

274 2849 399 2909 tiqui
417 2849 551 2910 regis.
614 2847 792 2894 Forsan
824 2853 947 2895 tecte
979 2845 1083 2897 h..1.
1103 2854 1290 2897 notatur

270 2910 324 2957 N
329 2925 430 2965 ero,
449 2913 616 2973 (quem
633 2917 681 2958 et
700 2908 1054 2967 incendiarium,
1078 2914 1127 2959 et
1147 2911 1289 2960 sacri-

272 2974 445 3038 legum
465 2972 622 3028 fuisse,
641 2972 985 3038 simulacraque
1004 2989 1063 3023 ex
1082 2990 1195 3024 auro
1211 2975 1289 3025 vel

275 3044 479 3152 arlglgntq
514 3036 741 3150 ἱαδὲὶοαὲα
770 3045 947 3150 et32tem
982 3038 1288 3151 listdaqtracta

272 3119 333 3153 co
405 3117 573 3158 avisse,
626 3116 685 3150 ue
743 3117 787 3151 c.
873 3135 887 3150 .
975 3136 990 3152 .
1021 3119 1048 3151 e
1142 3120 1286 3154 ume-

277 3167 492 3234 morant)
527 3172 611 3219 aut
634 3165 755 3219 alius
788 3164 903 3215 satis
929 3174 1066 3215 notus
1096 3166 1182 3217 illa
1221 3185 1287 3218 ae-

348 3298 460 3346 152.
491 3295 744 3349 bracteolas,
765 3299 931 3343 tenues
952 3294 1051 3343 auri
1070 3290 1307 3355 laminas<

280 3359 363 3409 aeri
393 3359 627 3416 inductas,
650 3357 855 3414 riu-nu,
883 3361 939 3407 de
977 3359 1170 3416 Cas-tore,
1192 3360 1289 3409 Ca-

276 3424 418 3538 Etpris
446 3432 603 3474 statua
634 3437 675 3472 s.
698 3422 927 3488 imagine,
958 3425 1114 3481 ducat,
1135 3425 1287 3474 detra·

357 3553 463 3603 153.
479 3554 553 3600 An
564 3554 865 3615 ⁸‹inantea-tam
879 3559 1044 3600 tenues
1053 3552 1286 3610 htacteas,

281 3616 362 3666 vel
395 3615 496 3665 auri
526 3616 643 3683 quid
676 3615 913 3680 argentive
944 3616 1207 3672 detrahere,
1233 3616 1290 3674 is,

280 3681 367 3746 qui
386 3681 539 3731 solitus
556 3682 646 3736 est,
665 3682 856 3744 corfiare
877 3691 1017 3731 totum
1036 3681 1290 3738 Tonantem,

281 3754 431 3797 totam
454 3746 485 3795 J
488 3743 586 3794 ovis
606 3745 835 3809 effigiem‘!

352 3811 460 3859 154.
493 3809 684 3872 artifices
723 3813 894 3867 veneni,
933 3809 1014 3874 qui
1048 3809 1169 3861 illud
1196 3826 1286 3875 pa-

281 3884 403 3931 rant.
435 3883 714 3923 mercatorem
731 3876 916 3931 veneni,
937 3890 1031 3923 non
1063 3875 1145 3939 qui
1172 3891 1287 3922 ven·-

280 3937 369 3994 dit,
391 3938 474 3989 sed
505 3938 618 3989 emit
648 3954 899 3995 venenum,
920 3946 973 3997 ut
1003 3955 1059 3989 eo
1081 3938 1288 4003 aliquem

285 4011 442 4052 necet.

349 4068 461 4116 155.
481 4067 726 4117 Parricida
747 4067 1032 4131 designatur.
1046 4066 1128 4116 Cf.
1150 4068 1211 4117 ad
1228 4067 1291 4116 si-

283 4130 379 4181 mil.
401 4131 492 4182 loc.
514 4148 618 4198 sup.
636 4133 785 4181 VIII.
806 4134 919 4181 213.
938 4133 1051 4180 214.
1071 4135 1288 4181 deducen-

282 4198 390 4244 dum
423 4199 474 4245 in
500 4215 623 4247 mare
654 4200 769 4247 corio
798 4199 929 4254 bovis,
951 4196 1102 4261 culeo,
1122 4196 1198 4252 cui
1219 4197 1288 4246 in·

284 4260 445 4310 suitur.
798 4280 801 4283 ·

349 4325 473 4391 156.
488 4328 615 4376 simia
636 4328 828 4386 innoxia,
848 4325 1021 4394 lepide,
1045 4342 1150 4391 quae
1170 4324 1288 4378 nihil

1356 2202 1587 2268 peccavit,
1609 2210 1657 2252 et
1674 2210 1834 2251 tamen
1854 2203 1995 2251 simul
2010 2215 2208 2277 poenam
2229 2203 2335 2254 luit.

1424 2267 1532 2314 157.
1554 2280 1654 2329 seq.
1674 2267 1794 2314 Haec
1819 2274 1892 2315 est
1911 2266 2106 2314 minima
2136 2283 2244 2332 pais
2264 2283 2369 2319 sce-

1356 2327 1523 2386 lerum,
1545 2345 1646 2393 quae
1675 2345 1811 2393 usque
1830 2347 1860 2376 a
1880 2328 2113 2393 Lucifero,
2134 2334 2268 2380 donec
2289 2335 2306 2379 l

1355 2396 1544 2449 occidat,
1566 2409 1596 2441 a
1616 2408 1755 2441 mane
1782 2392 1845 2442 ad
1876 2407 2132 2458 vesperam.
2153 2398 2284 2444 audit
2305 2350 2370 2445 :²13

1356 2470 1406 2507 se
1426 2457 1589 2507 delata
1618 2469 1759 2507 custos
1791 2459 1936 2515 Urbis,
1958 2456 2204 2522 praet'ectus
2224 2459 2364 2519 Urbi,

1353 2521 1431 2570 cui
1465 2523 1615 2571 tutela
1649 2523 1792 2571 Urbis
1823 2523 2071 2570 commissa
2096 2531 2182 2572 est.
2216 2525 2364 2587 (viui-

1353 2604 1456 2634 cnm
1483 2588 1614 2635 Urbis
1634 2602 1738 2652 sup.
1757 2588 1854 2635 IV.
1875 2589 1953 2635 77.
1985 2585 2167 2635 dixerat
2194 2588 2364 2653 poeta)

1355 2653 1578 2708 Gallicus,
1603 2651 1816 2699 Rutilius
1834 2650 2065 2716 Gall‘ssuffi
2088 2662 2229 2714 quem
2259 2653 2364 2700 Do.

1353 2714 1536 2764 mitiani
1585 2716 1871 2782 temporibus
1919 2715 2193 2781 praefectum
2241 2708 2364 2776 Urbi

1352 2779 1511 2836 fuisse,
1531 2778 1666 2855 patet
1696 2796 1756 2829 ex
1787 2782 1908 2830 Stat.
1941 2779 2055 2828 Silv.
2079 2780 2122 2827 I.
2142 2780 2194 2861 ἦ.
2226 2779 2362 2844 cujus

1351 2846 1570 2894 carminis
1590 2862 1636 2894 v.
1658 2845 1733 2894 16.
1751 2853 1823 2892 oet
1842 2843 1948 2893 hic:
1982 2845 2123 2902 Quem
2140 2860 2272 2907 penes
2292 2848 2364 2895 in-

1352 2913 1538 2972 trepide
1558 2912 1677 2958 mitis
1690 2913 1888 2958 custodia
1914 2908 2075 2957 Roma.

1421 2976 1531 3024 160.
1559 2992 1655 3022 una
1680 2973 1951 3035 dmnusscil.
1973 2970 2143 3033 Rutilii
2165 2972 2360 3033 Gallici,

1353 3037 1436 3086 ubi
1489 3038 1672 3095 audies,
1716 3044 1830 3102 quot
1883 3038 2053 3086 Romae
2094 3037 2274 3086 scelera
2312 3043 2364 3088 et

1351 3117 1495 3166 quam
1535 3100 1698 3168 gravia
1769 3101 1943 3150 uotidie
1985 3100 2361 3174 committanturss

1352 3166 2367 3296 3Zsseffiaeffeeffss¹32asffikifflsspssssssssffiff

1355 3295 1529 3344 Paucos
1556 3313 1757 3345 consume
1785 3297 1876 3343 dies
1896 3295 1947 3343 in
1967 3295 2106 3345 domo
2125 3295 2235 3352 ista,
2256 3307 2299 3344 et
2320 3305 2364 3345 to

1352 3361 1556 3407 miserum
1578 3363 1722 3409 dicere
1739 3363 1870 3416 aude,
1894 3347 1933 3407 si
1947 3367 2104 3433 potes,
2127 3357 2175 3406 h.
2198 3375 2243 3408 e.
2267 3375 2361 3409 non

1354 3424 1564 3481 audebiS,
1588 3425 1625 3473 si
1659 3431 1706 3472 te
1738 3421 1859 3480 aliie,
1880 3435 1961 3488 qm
1993 3422 2206 3486 graviora
2237 3423 2365 3488 passi

1351 3494 1478 3542 sunt,
1496 3487 1851 3552 comparaveris.

1422 3553 1691 3600 162-173.
1725 3551 1839 3598 Non
1876 3549 2025 3614 magis
2067 3550 2236 3599 mirum
2272 3554 2361 3613 est,

1356 3615 1525 3664 Romae
1556 3624 1624 3665 tot
1660 3614 1818 3684 videre
1850 3614 2100 3679 sceleratos
2125 3612 2362 3687 homines,

1353 3696 1498 3744 quam
1537 3680 1587 3728 in
1629 3678 1833 3744 Alpibus
1875 3685 1945 3727 tot
1980 3687 2230 3741 strumosos
2269 3691 2362 3735 cet.

1351 3745 1472 3803 Quis
1494 3761 1600 3794 vero
1631 3743 1892 3801 mirabitur,
1915 3758 2024 3808 quae
2051 3740 2170 3793 'sunt
2195 3747 2362 3812 vulga-

1350 3809 1436 3867 ria,
1459 3818 1508 3858 et
1536 3817 1715 3858 naturae
1745 3806 1882 3883 quasi
1915 3806 2119 3874 cujusvis
2139 3808 2232 3879 Ioci
2247 3826 2360 3862 con-

1350 3881 1524 3939 gruunt
1534 3872 1867 3937 ‘e-Exqmsita
1921 3873 2151 3924 variarum
2204 3892 2358 3924 rerum

1350 3937 1655 3987 similitudine
1678 3937 1950 3995 ostenditur,
1976 3947 2156 4005 quanta
2175 3939 2237 3987 sit
2258 3939 2360 3987 Ro-

1352 4019 1441 4051 mae
1457 4019 1638 4053 morum
1660 4004 1950 4068 conruptela.
1979 4000 1982 4007 ’

1420 4071 1528 4118 162.
1564 4069 1641 4118 cf.
1675 4069 1860 4118 Vitruv.
1891 4067 2044 4116 VIII.
2077 4068 2127 4114 3.
2160 4071 2279 4114 extr.
2312 4076 2362 4118 et

1352 4133 1479 4182 Plin.
1502 4134 1595 4183 XI.
1616 4134 1698 4184 37.
1721 4150 1758 4181 s,
1781 4134 1861 4180 68.
1878 4131 2038 4194 ibique
2058 4129 2295 4179 Harduin.

1421 4199 1529 4248 163.
1561 4199 1668 4247 Hoc
1700 4213 1794 4246 non
1829 4195 1942 4243 alibi
1972 4195 2125 4255 legere
2151 4195 2361 4249 memini.

1353 4262 1449 4319 Qui
1503 4265 1670 4326 Pomp.
1724 4260 1904 4309 Melam
1963 4255 2146 4304 consuli·
2188 4257 2359 4321 jubent

1352 4324 1503 4393 intpp.
1524 4328 1693 4375 vellem
1727 4324 1826 4389 ejus
1862 4335 2046 4385 quoque
2067 4320 2222 4371 locum
2253 4323 2358 4376 lau.

1439 4393 1615 4452 2s2
