<?xml version="1.0" encoding="UTF-8"?>
<!DOCTYPE html PUBLIC "-//W3C//DTD XHTML 1.0 Transitional//EN"
    "http://www.w3.org/TR/xhtml1/DTD/xhtml1-transitional.dtd">
<html xmlns="http://www.w3.org/1999/xhtml" xml:lang="en" lang="en">
 <head>
  <title>
</title>
<meta http-equiv="Content-Type" content="text/html;charset=utf-8" />
  <meta name='ocr-system' content='tesseract 3.04.00' />
  <meta name='ocr-capabilities' content='ocr_page ocr_carea ocr_par ocr_line ocrx_word'/>
</head>
<body>
  <div class='ocr_page' id='page_1' title='image "./satiraexviadopt00juvegoog_0121.png"; bbox 0 0 2978 4920; ppageno 0'>
   <div class='ocr_carea' id='block_1_1' title="bbox 608 342 714 410">
    <p class='ocr_par' dir='ltr' id='par_1_1' title="bbox 608 342 714 410">
     <span class='ocr_line' id='line_1_1' title="bbox 608 342 714 410; baseline -0.009 -50"><span class='ocrx_word' id='word_1_1' title='bbox 608 342 714 410; x_wconf 75' lang='lat' dir='ltr'><strong>so·</strong></span> 
     </span>
    </p>
   </div>
   <div class='ocr_carea' id='block_1_2' title="bbox 1311 326 1975 401">
    <p class='ocr_par' dir='ltr' id='par_1_2' title="bbox 1311 326 1975 401">
     <span class='ocr_line' id='line_1_2' title="bbox 1311 326 1975 401; baseline -0.012 1"><span class='ocrx_word' id='word_1_2' title='bbox 1311 326 1975 401; x_wconf 69' lang='lat' dir='ltr'><strong>JUVENALIS</strong></span> 
     </span>
    </p>
   </div>
   <div class='ocr_carea' id='block_1_3' title="bbox 639 492 2690 1314">
    <p class='ocr_par' dir='ltr' id='par_1_3' title="bbox 639 492 2690 1314">
     <span class='ocr_line' id='line_1_3' title="bbox 699 492 2203 598; baseline -0.011 -17"><span class='ocrx_word' id='word_1_3' title='bbox 699 515 802 581; x_wconf 87' lang='lat' dir='ltr'><strong>Sic</strong></span> <span class='ocrx_word' id='word_1_4' title='bbox 828 504 1063 578; x_wconf 70' lang='lat' dir='ltr'><strong>multas</strong></span> <span class='ocrx_word' id='word_1_5' title='bbox 1077 501 1352 598; x_wconf 73' lang='lat' dir='ltr'><strong>&#39;hyemes</strong></span> <span class='ocrx_word' id='word_1_6' title='bbox 1378 498 1574 595; x_wconf 75' lang='lat' dir='ltr'><strong>atque</strong></span> <span class='ocrx_word' id='word_1_7' title='bbox 1600 492 2203 591; x_wconf 39' lang='lat' dir='ltr'><strong>octogesima‘vfflitu</strong></span> 
     </span>
     <span class='ocr_line' id='line_1_4' title="bbox 701 596 2405 698; baseline -0.012 -13"><span class='ocrx_word' id='word_1_8' title='bbox 701 619 1018 693; x_wconf 72' lang='lat' dir='ltr'><strong>Solstitia3</strong></span> <span class='ocrx_word' id='word_1_9' title='bbox 1065 616 1164 680; x_wconf 83' lang='lat' dir='ltr'><strong>his</strong></span> <span class='ocrx_word' id='word_1_10' title='bbox 1192 614 1380 680; x_wconf 79' lang='lat' dir='ltr'><strong>armis</strong></span> <span class='ocrx_word' id='word_1_11' title='bbox 1407 612 1520 677; x_wconf 78' lang='lat' dir='ltr'><strong>illa</strong></span> <span class='ocrx_word' id='word_1_12' title='bbox 1539 631 1801 698; x_wconf 89' lang='lat' dir='ltr'><strong>quoque</strong></span> <span class='ocrx_word' id='word_1_13' title='bbox 1826 600 2010 673; x_wconf 67' lang='lat' dir='ltr'><strong>tutua</strong></span> <span class='ocrx_word' id='word_1_14' title='bbox 2037 606 2105 669; x_wconf 89' lang='lat' dir='ltr'><strong>in</strong></span> <span class='ocrx_word' id='word_1_15' title='bbox 2133 596 2299 669; x_wconf 76' lang='lat' dir='ltr'><strong>aula.</strong></span> <span class='ocrx_word' id='word_1_16' title='bbox 2338 596 2345 603; x_wconf 68' lang='grc'><strong><em>’</em></strong></span> <span class='ocrx_word' id='word_1_17' title='bbox 2398 640 2405 643; x_wconf 20' lang='lat'><em>4</em></span> 
     </span>
     <span class='ocr_line' id='line_1_5' title="bbox 698 697 2271 804; baseline -0.011 -18"><span class='ocrx_word' id='word_1_18' title='bbox 698 720 1037 785; x_wconf 80' lang='lat' dir='ltr'>Proximus</span> <span class='ocrx_word' id='word_1_19' title='bbox 1063 715 1345 804; x_wconf 86' lang='lat' dir='ltr'><strong>ejusdem</strong></span> <span class='ocrx_word' id='word_1_20' title='bbox 1374 700 1767 802; x_wconf 76' lang='lat' dir='ltr'><strong>properabat</strong></span> <span class='ocrx_word' id='word_1_21' title='bbox 1787 698 2040 773; x_wconf 79' lang='lat' dir='ltr'><strong>Acffius</strong></span> <span class='ocrx_word' id='word_1_22' title='bbox 2068 706 2213 771; x_wconf 70' lang='lat' dir='ltr'><strong>oevi</strong></span> <span class='ocrx_word' id='word_1_23' title='bbox 2246 697 2271 751; x_wconf 59' lang='lat'><strong>³3</strong></span> 
     </span>
     <span class='ocr_line' id='line_1_6' title="bbox 639 798 2690 906; baseline -0.008 -20"><span class='ocrx_word' id='word_1_24' title='bbox 639 820 652 845; x_wconf 83' lang='lat'><em>&#39;</em></span> <span class='ocrx_word' id='word_1_25' title='bbox 669 832 672 837; x_wconf 81' lang='grc'><strong>“</strong></span> <span class='ocrx_word' id='word_1_26' title='bbox 689 825 870 886; x_wconf 90' lang='lat' dir='ltr'><strong>Cum</strong></span> <span class='ocrx_word' id='word_1_27' title='bbox 891 822 1148 906; x_wconf 85' lang='lat' dir='ltr'><strong>juvene,</strong></span> <span class='ocrx_word' id='word_1_28' title='bbox 1171 816 1452 902; x_wconf 79' lang='lat' dir='ltr'><strong>indigno,</strong></span> <span class='ocrx_word' id='word_1_29' title='bbox 1483 830 1677 901; x_wconf 80' lang='lat' dir='ltr'><strong>quem&#39;</strong></span> <span class='ocrx_word' id='word_1_30' title='bbox 1704 833 1874 875; x_wconf 86' lang='lat' dir='ltr'><strong>mors</strong></span> <span class='ocrx_word' id='word_1_31' title='bbox 1900 821 2035 874; x_wconf 84' lang='lat' dir='ltr'><strong>tam</strong></span> <span class='ocrx_word' id='word_1_32' title='bbox 2062 798 2562 881; x_wconf 41' lang='lat' dir='ltr'><strong>&#39;soesva&#39;m‘aneress</strong></span> <span class='ocrx_word' id='word_1_33' title='bbox 2598 798 2690 870; x_wconf 71' lang='grc'><strong>’95</strong></span> 
     </span>
     <span class='ocr_line' id='line_1_7' title="bbox 703 901 2204 1005; baseline -0.011 -18"><span class='ocrx_word' id='word_1_34' title='bbox 703 925 795 987; x_wconf 91' lang='lat' dir='ltr'><strong>Et</strong></span> <span class='ocrx_word' id='word_1_35' title='bbox 826 919 1085 985; x_wconf 84' lang='lat' dir='ltr'><strong>Domini</strong></span> <span class='ocrx_word' id='word_1_36' title='bbox 1114 917 1342 1005; x_wconf 82' lang='lat' dir='ltr'><strong>gladiis</strong></span> <span class='ocrx_word' id='word_1_37' title='bbox 1371 909 1503 980; x_wconf 87' lang='lat' dir='ltr'><strong>tam</strong></span> <span class='ocrx_word' id='word_1_38' title='bbox 1531 913 1864 978; x_wconf 79' lang='lat' dir='ltr'><strong>festinata:</strong></span> <span class='ocrx_word' id='word_1_39' title='bbox 1913 909 2029 974; x_wconf 78' lang='lat' dir='ltr'><strong>aed</strong></span> <span class='ocrx_word' id='word_1_40' title='bbox 2052 901 2204 972; x_wconf 72' lang='lat' dir='ltr'><strong>olim</strong></span> 
     </span>
     <span class='ocr_line' id='line_1_8' title="bbox 704 1016 2161 1110; baseline -0.012 -20"><span class='ocrx_word' id='word_1_41' title='bbox 704 1023 1008 1110; x_wconf 87' lang='lat' dir='ltr'><strong>Prodigio</strong></span> <span class='ocrx_word' id='word_1_42' title='bbox 1027 1045 1145 1109; x_wconf 90' lang='lat' dir='ltr'><strong>par</strong></span> <span class='ocrx_word' id='word_1_43' title='bbox 1173 1016 1274 1085; x_wconf 37' lang='lat' dir='ltr'><strong>est*</strong></span> <span class='ocrx_word' id='word_1_44' title='bbox 1295 1041 1440 1084; x_wconf 87' lang='lat' dir='ltr'><strong>cum</strong></span> <span class='ocrx_word' id='word_1_45' title='bbox 1478 1016 1807 1081; x_wconf 86' lang='lat' dir='ltr'><strong>nobilitate</strong></span> <span class='ocrx_word' id='word_1_46' title='bbox 1837 1023 2161 1084; x_wconf 60' lang='lat' dir='ltr'><strong>senet-,tum</strong></span> 
     </span>
     <span class='ocr_line' id='line_1_9' title="bbox 704 1109 2259 1205; baseline -0.012 -13"><span class='ocrx_word' id='word_1_47' title='bbox 704 1126 897 1192; x_wconf 85' lang='lat' dir='ltr'>Unde</span> <span class='ocrx_word' id='word_1_48' title='bbox 924 1128 1019 1205; x_wconf 89' lang='lat' dir='ltr'><strong>fit,</strong></span> <span class='ocrx_word' id='word_1_49' title='bbox 1037 1132 1124 1190; x_wconf 79' lang='lat' dir='ltr'><strong>&#39;ut</strong></span> <span class='ocrx_word' id='word_1_50' title='bbox 1155 1124 1367 1189; x_wconf 82' lang='lat' dir='ltr'><strong>malim</strong></span> <span class='ocrx_word' id='word_1_51' title='bbox 1396 1117 1777 1186; x_wconf 80' lang='lat' dir='ltr'><strong>fraterculus</strong></span> <span class='ocrx_word' id='word_1_52' title='bbox 1805 1137 1937 1178; x_wconf 81' lang='lat' dir='ltr'><strong>esse</strong></span> <span class='ocrx_word' id='word_1_53' title='bbox 1966 1109 2259 1199; x_wconf 72' lang='lat' dir='ltr'>gigantis,</span> 
     </span>
     <span class='ocr_line' id='line_1_10' title="bbox 706 1208 2339 1314; baseline -0.012 -20"><span class='ocrx_word' id='word_1_54' title='bbox 706 1228 959 1295; x_wconf 83' lang='lat' dir='ltr'><strong>Profuit</strong></span> <span class='ocrx_word' id='word_1_55' title='bbox 990 1250 1144 1314; x_wconf 86' lang='lat' dir='ltr'><strong>ergo</strong></span> <span class='ocrx_word' id='word_1_56' title='bbox 1168 1225 1328 1291; x_wconf 86' lang='lat' dir='ltr'><strong>nihil</strong></span> <span class='ocrx_word' id='word_1_57' title='bbox 1355 1223 1602 1300; x_wconf 87' lang='lat' dir='ltr'><strong>misero,</strong></span> <span class='ocrx_word' id='word_1_58' title='bbox 1633 1212 1811 1306; x_wconf 84' lang='lat' dir='ltr'><strong>quod</strong></span> <span class='ocrx_word' id='word_1_59' title='bbox 1840 1208 2129 1280; x_wconf 81' lang='lat' dir='ltr'><strong>cominus</strong></span> <span class='ocrx_word' id='word_1_60' title='bbox 2152 1230 2339 1277; x_wconf 79' lang='lat' dir='ltr'><strong>ursos</strong></span> 
     </span>
    </p>
   </div>
   <div class='ocr_carea' id='block_1_4' title="bbox 621 1409 1628 1670">
    <p class='ocr_par' dir='ltr' id='par_1_4' title="bbox 621 1409 1628 1670">
     <span class='ocr_line' id='line_1_11' title="bbox 622 1409 1625 1469; baseline -0.014 -4"><span class='ocrx_word' id='word_1_61' title='bbox 622 1425 772 1469; x_wconf 80' lang='lat' dir='ltr'><strong>trum.</strong></span> <span class='ocrx_word' id='word_1_62' title='bbox 812 1415 955 1462; x_wconf 73' lang='lat' dir='ltr'><strong>wider</strong></span> <span class='ocrx_word' id='word_1_63' title='bbox 997 1414 1083 1461; x_wconf 81' lang='lat' dir='ltr'><strong>den</strong></span> <span class='ocrx_word' id='word_1_64' title='bbox 1115 1414 1275 1461; x_wconf 80' lang='lat' dir='ltr'><strong>Strom</strong></span> <span class='ocrx_word' id='word_1_65' title='bbox 1318 1409 1625 1456; x_wconf 68' lang='lat' dir='ltr'><strong>rchwimmen.</strong></span> 
     </span>
     <span class='ocr_line' id='line_1_12' title="bbox 622 1474 1627 1530; baseline -0.014 0"><span class='ocrx_word' id='word_1_66' title='bbox 622 1483 699 1530; x_wconf 90' lang='grc'><strong>91.</strong></span> <span class='ocrx_word' id='word_1_67' title='bbox 730 1481 1038 1528; x_wconf 76' lang='lat' dir='ltr'><strong>Verba-animi</strong></span> <span class='ocrx_word' id='word_1_68' title='bbox 1052 1479 1083 1524; x_wconf 89' lang='lat' dir='ltr'>J</span> <span class='ocrx_word' id='word_1_69' title='bbox 1088 1478 1339 1526; x_wconf 85' lang='lat' dir='ltr'><strong>uvenalem</strong></span> <span class='ocrx_word' id='word_1_70' title='bbox 1354 1475 1532 1520; x_wconf 79' lang='lat' dir='ltr'><strong>dixisse</strong></span> <span class='ocrx_word' id='word_1_71' title='bbox 1544 1474 1627 1517; x_wconf 85' lang='lat' dir='ltr'><strong>vix</strong></span> 
     </span>
     <span class='ocr_line' id='line_1_13' title="bbox 621 1537 1628 1600; baseline -0.012 -7"><span class='ocrx_word' id='word_1_72' title='bbox 621 1547 922 1598; x_wconf 76' lang='lat' dir='ltr'><strong>crediderim,</strong></span> <span class='ocrx_word' id='word_1_73' title='bbox 945 1546 1039 1592; x_wconf 81' lang='lat' dir='ltr'><strong>etsi</strong></span> <span class='ocrx_word' id='word_1_74' title='bbox 1070 1554 1164 1588; x_wconf 87' lang='lat' dir='ltr'><strong>non</strong></span> <span class='ocrx_word' id='word_1_75' title='bbox 1188 1544 1376 1600; x_wconf 78' lang='lat' dir='ltr'><strong>ignoro,</strong></span> <span class='ocrx_word' id='word_1_76' title='bbox 1397 1539 1448 1583; x_wconf 88' lang='lat' dir='ltr'><strong>in</strong></span> <span class='ocrx_word' id='word_1_77' title='bbox 1472 1537 1628 1596; x_wconf 75' lang='lat' dir='ltr'><strong>prisea</strong></span> 
     </span>
     <span class='ocr_line' id='line_1_14' title="bbox 621 1602 1624 1670; baseline -0.013 -13"><span class='ocrx_word' id='word_1_78' title='bbox 621 1611 914 1668; x_wconf 86' lang='lat' dir='ltr'><strong>rudiumque</strong></span> <span class='ocrx_word' id='word_1_79' title='bbox 948 1609 1233 1670; x_wconf 87' lang='lat' dir='ltr'><strong>populorum</strong></span> <span class='ocrx_word' id='word_1_80' title='bbox 1265 1605 1432 1663; x_wconf 77' lang='lat' dir='ltr'><strong>lingua</strong></span> <span class='ocrx_word' id='word_1_81' title='bbox 1450 1602 1624 1660; x_wconf 74' lang='lat' dir='ltr'><strong>cogita-</strong></span> 
     </span>
    </p>
   </div>
   <div class='ocr_carea' id='block_1_5' title="bbox 1689 1394 2700 1652">
    <p class='ocr_par' dir='ltr' id='par_1_5' title="bbox 1689 1394 2700 1652">
     <span class='ocr_line' id='line_1_15' title="bbox 1689 1394 2695 1459; baseline -0.011 -9"><span class='ocrx_word' id='word_1_82' title='bbox 1689 1403 1869 1451; x_wconf 71' lang='lat' dir='ltr'><strong>invisas</strong></span> <span class='ocrx_word' id='word_1_83' title='bbox 1898 1402 1945 1448; x_wconf 88' lang='lat' dir='ltr'><strong>ei</strong></span> <span class='ocrx_word' id='word_1_84' title='bbox 1969 1400 2182 1459; x_wconf 85' lang='lat' dir='ltr'><strong>corporis</strong></span> <span class='ocrx_word' id='word_1_85' title='bbox 2208 1397 2455 1457; x_wconf 80' lang='lat' dir='ltr'><strong>animique</strong></span> <span class='ocrx_word' id='word_1_86' title='bbox 2478 1396 2633 1452; x_wconf 82' lang='lat' dir='ltr'><strong>vires,</strong></span> <span class='ocrx_word' id='word_1_87' title='bbox 2646 1394 2695 1438; x_wconf 89' lang='lat' dir='ltr'><strong>in</strong></span> 
     </span>
     <span class='ocr_line' id='line_1_16' title="bbox 1690 1460 2699 1517; baseline -0.01 -3"><span class='ocrx_word' id='word_1_88' title='bbox 1690 1466 1861 1514; x_wconf 83' lang='lat' dir='ltr'><strong>exsilio</strong></span> <span class='ocrx_word' id='word_1_89' title='bbox 1902 1465 2088 1511; x_wconf 86' lang='lat' dir='ltr'><strong>occisus</strong></span> <span class='ocrx_word' id='word_1_90' title='bbox 2130 1468 2223 1512; x_wconf 77' lang='lat' dir='ltr'><strong>est.</strong></span> <span class='ocrx_word' id='word_1_91' title='bbox 2246 1514 2253 1517; x_wconf 67' lang='grc'>,</span> <span class='ocrx_word' id='word_1_92' title='bbox 2300 1462 2382 1509; x_wconf 82' lang='lat' dir='ltr'><strong>Cf.</strong></span> <span class='ocrx_word' id='word_1_93' title='bbox 2424 1460 2521 1506; x_wconf 89' lang='lat' dir='ltr'><strong>Dio</strong></span> <span class='ocrx_word' id='word_1_94' title='bbox 2566 1460 2699 1505; x_wconf 75' lang='lat' dir='ltr'><strong>Cass.</strong></span> 
     </span>
     <span class='ocr_line' id='line_1_17' title="bbox 1690 1523 2699 1583; baseline -0.012 -4"><span class='ocrx_word' id='word_1_95' title='bbox 1690 1529 1891 1579; x_wconf 73' lang='lat' dir='ltr'><strong>vau.</strong></span> <span class='ocrx_word' id='word_1_96' title='bbox 1906 1529 1981 1575; x_wconf 85' lang='grc'><strong>13.</strong></span> <span class='ocrx_word' id='word_1_97' title='bbox 1998 1529 2128 1575; x_wconf 84' lang='lat' dir='ltr'><strong>Suet.</strong></span> <span class='ocrx_word' id='word_1_98' title='bbox 2144 1529 2292 1575; x_wconf 83' lang='lat' dir='ltr'><strong>Dom-</strong></span> <span class='ocrx_word' id='word_1_99' title='bbox 2307 1526 2386 1572; x_wconf 87' lang='grc'><strong>10.</strong></span> <span class='ocrx_word' id='word_1_100' title='bbox 2399 1524 2530 1573; x_wconf 74' lang='lat' dir='ltr'><strong>Ptin.</strong></span> <span class='ocrx_word' id='word_1_101' title='bbox 2544 1523 2699 1583; x_wconf 79' lang='lat' dir='ltr'><strong>Epist.</strong></span> 
     </span>
     <span class='ocr_line' id='line_1_18' title="bbox 1694 1588 2700 1652; baseline -0.011 -10"><span class='ocrx_word' id='word_1_102' title='bbox 1694 1597 1732 1642; x_wconf 89' lang='lat'><strong>1.</strong></span> <span class='ocrx_word' id='word_1_103' title='bbox 1760 1596 1837 1643; x_wconf 74' lang='lat'><strong>14.</strong></span> <span class='ocrx_word' id='word_1_104' title='bbox 1894 1595 1991 1640; x_wconf 85' lang='lat' dir='ltr'><strong>Hic</strong></span> <span class='ocrx_word' id='word_1_105' title='bbox 2015 1594 2177 1652; x_wconf 83' lang='lat' dir='ltr'><strong>itaque</strong></span> <span class='ocrx_word' id='word_1_106' title='bbox 2199 1590 2384 1637; x_wconf 80' lang='lat' dir='ltr'><strong>Acilius</strong></span> <span class='ocrx_word' id='word_1_107' title='bbox 2407 1588 2606 1639; x_wconf 81' lang='lat' dir='ltr'><strong>Glabrio</strong></span> <span class='ocrx_word' id='word_1_108' title='bbox 2620 1593 2700 1632; x_wconf 81' lang='lat' dir='ltr'><strong>-est</strong></span> 
     </span>
    </p>
   </div>
   <div class='ocr_carea' id='block_1_6' title="bbox 624 1657 2700 1724">
    <p class='ocr_par' dir='ltr' id='par_1_6' title="bbox 624 1657 2700 1724">
     <span class='ocr_line' id='line_1_19' title="bbox 624 1657 2700 1724; baseline -0.012 -4"><span class='ocrx_word' id='word_1_109' title='bbox 624 1676 767 1721; x_wconf 74' lang='lat' dir='ltr'><strong>tiones</strong></span> <span class='ocrx_word' id='word_1_110' title='bbox 809 1674 958 1719; x_wconf 87' lang='lat' dir='ltr'><strong>animi</strong></span> <span class='ocrx_word' id='word_1_111' title='bbox 1003 1670 1162 1717; x_wconf 84' lang='lat' dir='ltr'><strong>vocari</strong></span> <span class='ocrx_word' id='word_1_112' title='bbox 1214 1668 1368 1724; x_wconf 81' lang='lat' dir='ltr'><strong>verbo,</strong></span> <span class='ocrx_word' id='word_1_113' title='bbox 1412 1672 1463 1710; x_wconf 89' lang='lat' dir='ltr'><strong>et</strong></span> <span class='ocrx_word' id='word_1_114' title='bbox 1504 1665 1633 1724; x_wconf 79' lang='lat' dir='ltr'><strong>loqui</strong></span> <span class='ocrx_word' id='word_1_115' title='bbox 1682 1658 2144 1723; x_wconf 73' lang='lat' dir='ltr'><strong>juvenis.indig·nus,</strong></span> <span class='ocrx_word' id='word_1_116' title='bbox 2165 1668 2295 1716; x_wconf 78' lang='lat' dir='ltr'><strong>quem</strong></span> <span class='ocrx_word' id='word_1_117' title='bbox 2318 1666 2443 1699; x_wconf 75' lang='lat' dir='ltr'><strong>mors</strong></span> <span class='ocrx_word' id='word_1_118' title='bbox 2463 1657 2700 1713; x_wconf 10' lang='lat' dir='ltr'><strong>tamrsaeva</strong></span> 
     </span>
    </p>
   </div>
   <div class='ocr_carea' id='block_1_7' title="bbox 622 1734 1630 1811">
    <p class='ocr_par' dir='ltr' id='par_1_7' title="bbox 622 1734 1630 1811">
     <span class='ocr_line' id='line_1_20' title="bbox 622 1734 1630 1811; baseline -0.008 -14"><span class='ocrx_word' id='word_1_119' title='bbox 622 1752 786 1810; x_wconf 83' lang='lat' dir='ltr'><strong>simpl.</strong></span> <span class='ocrx_word' id='word_1_120' title='bbox 820 1752 896 1796; x_wconf 87' lang='lat' dir='ltr'><strong>vel</strong></span> <span class='ocrx_word' id='word_1_121' title='bbox 927 1750 1049 1811; x_wconf 76' lang='lat' dir='ltr'><strong>loqui</strong></span> <span class='ocrx_word' id='word_1_122' title='bbox 1086 1749 1137 1792; x_wconf 79' lang='lat' dir='ltr'><strong>in</strong></span> <span class='ocrx_word' id='word_1_123' title='bbox 1172 1745 1302 1792; x_wconf 79' lang='lat' dir='ltr'><strong>eorde</strong></span> <span class='ocrx_word' id='word_1_124' title='bbox 1335 1734 1519 1803; x_wconf 57' lang='lat'><strong>(⁸208,</strong></span> <span class='ocrx_word' id='word_1_125' title='bbox 1554 1744 1630 1789; x_wconf 87' lang='lat' dir='ltr'><strong>vel</strong></span> 
     </span>
    </p>
   </div>
   <div class='ocr_carea' id='block_1_8' title="bbox 621 1806 1637 2981">
    <p class='ocr_par' dir='ltr' id='par_1_8' title="bbox 621 1806 1637 2981">
     <span class='ocr_line' id='line_1_21' title="bbox 621 1806 1631 1888; baseline -0.007 -9"><span class='ocrx_word' id='word_1_126' title='bbox 621 1806 768 1879; x_wconf 61' lang='grc'><strong>1353</strong></span> <span class='ocrx_word' id='word_1_127' title='bbox 789 1824 945 1881; x_wconf 61' lang='grc' dir='ltr'><strong>ἾΒΝ,</strong></span> <span class='ocrx_word' id='word_1_128' title='bbox 967 1837 1013 1876; x_wconf 83' lang='lat' dir='ltr'><strong>et</strong></span> <span class='ocrx_word' id='word_1_129' title='bbox 1031 1827 1176 1888; x_wconf 59' lang='grc' dir='ltr'><strong>λίγα,</strong></span> <span class='ocrx_word' id='word_1_130' title='bbox 1191 1828 1230 1874; x_wconf 70' lang='lat' dir='ltr'><strong>ir</strong></span> <span class='ocrx_word' id='word_1_131' title='bbox 1251 1826 1392 1887; x_wconf 67' lang='grc' dir='ltr'><strong>ἶαυτᾷ</strong></span> <span class='ocrx_word' id='word_1_132' title='bbox 1416 1825 1491 1871; x_wconf 83' lang='lat' dir='ltr'><strong>vel</strong></span> <span class='ocrx_word' id='word_1_133' title='bbox 1511 1822 1550 1869; x_wconf 69' lang='lat' dir='ltr'><strong>ir</strong></span> <span class='ocrx_word' id='word_1_134' title='bbox 1571 1823 1631 1872; x_wconf 56' lang='grc' dir='ltr'><strong><em>ἁῆ</em></strong></span> 
     </span>
     <span class='ocr_line' id='line_1_22' title="bbox 622 1872 1626 1962; baseline -0.01 -19"><span class='ocrx_word' id='word_1_135' title='bbox 622 1893 784 1962; x_wconf 56' lang='grc' dir='ltr'><strong>καρδίᾳ</strong></span> <span class='ocrx_word' id='word_1_136' title='bbox 801 1894 999 1943; x_wconf 71' lang='grc' dir='ltr'><strong>αὖτοῧίῐι</strong></span> <span class='ocrx_word' id='word_1_137' title='bbox 1015 1894 1149 1940; x_wconf 78' lang='lat' dir='ltr'><strong>libris</strong></span> <span class='ocrx_word' id='word_1_138' title='bbox 1163 1894 1309 1937; x_wconf 77' lang='lat' dir='ltr'><strong>sacris</strong></span> <span class='ocrx_word' id='word_1_139' title='bbox 1325 1892 1389 1939; x_wconf 87' lang='lat' dir='ltr'><strong>V.</strong></span> <span class='ocrx_word' id='word_1_140' title='bbox 1406 1898 1454 1936; x_wconf 75' lang='lat' dir='ltr'><strong>et</strong></span> <span class='ocrx_word' id='word_1_141' title='bbox 1469 1872 1626 1955; x_wconf 40' lang='lat' dir='ltr'><strong>NJK)</strong></span> 
     </span>
     <span class='ocr_line' id='line_1_23' title="bbox 623 1954 1629 2018; baseline -0.009 -11"><span class='ocrx_word' id='word_1_142' title='bbox 623 1964 752 2007; x_wconf 88' lang='lat' dir='ltr'><strong>idem</strong></span> <span class='ocrx_word' id='word_1_143' title='bbox 801 1975 904 2006; x_wconf 86' lang='lat' dir='ltr'><strong>esse</strong></span> <span class='ocrx_word' id='word_1_144' title='bbox 948 1960 1077 2018; x_wconf 78' lang='lat' dir='ltr'><strong>qu&#39;od</strong></span> <span class='ocrx_word' id='word_1_145' title='bbox 1120 1956 1296 2003; x_wconf 83' lang='lat' dir='ltr'><strong>sentire</strong></span> <span class='ocrx_word' id='word_1_146' title='bbox 1333 1969 1370 1999; x_wconf 87' lang='lat' dir='ltr'><strong>s.</strong></span> <span class='ocrx_word' id='word_1_147' title='bbox 1405 1954 1629 2012; x_wconf 87' lang='lat' dir='ltr'><strong>cogitare.</strong></span> 
     </span>
     <span class='ocr_line' id='line_1_24' title="bbox 627 2017 1631 2083; baseline -0.01 -13"><span class='ocrx_word' id='word_1_148' title='bbox 627 2025 773 2070; x_wconf 83' lang='lat' dir='ltr'><strong>Forte</strong></span> <span class='ocrx_word' id='word_1_149' title='bbox 805 2025 897 2083; x_wconf 85' lang='lat' dir='ltr'><strong>leg.</strong></span> <span class='ocrx_word' id='word_1_150' title='bbox 935 2025 1091 2069; x_wconf 74' lang='lat' dir='ltr'><strong>areima</strong></span> <span class='ocrx_word' id='word_1_151' title='bbox 1120 2019 1349 2081; x_wconf 65' lang='lat' dir='ltr'><strong>proferre,</strong></span> <span class='ocrx_word' id='word_1_152' title='bbox 1383 2019 1457 2064; x_wconf 87' lang='lat' dir='ltr'><strong>vel</strong></span> <span class='ocrx_word' id='word_1_153' title='bbox 1487 2017 1631 2062; x_wconf 79' lang='lat' dir='ltr'><strong>Sema</strong></span> 
     </span>
     <span class='ocr_line' id='line_1_25' title="bbox 624 2082 1630 2143; baseline -0.009 -9"><span class='ocrx_word' id='word_1_154' title='bbox 624 2089 785 2135; x_wconf 77' lang='lat' dir='ltr'><strong>animi.</strong></span> <span class='ocrx_word' id='word_1_155' title='bbox 829 2089 982 2134; x_wconf 80' lang='lat' dir='ltr'><strong>Vitam</strong></span> <span class='ocrx_word' id='word_1_156' title='bbox 996 2085 1235 2143; x_wconf 78' lang='lat' dir='ltr'><strong>inpendere</strong></span> <span class='ocrx_word' id='word_1_157' title='bbox 1246 2097 1368 2136; x_wconf 76' lang='lat' dir='ltr'><strong>vero.</strong></span> <span class='ocrx_word' id='word_1_158' title='bbox 1384 2082 1630 2128; x_wconf 86' lang='lat' dir='ltr'><strong>veritatem</strong></span> 
     </span>
     <span class='ocr_line' id='line_1_26' title="bbox 626 2145 1631 2206; baseline -0.008 -9"><span class='ocrx_word' id='word_1_159' title='bbox 626 2157 917 2206; x_wconf 83' lang='lat' dir='ltr'><strong>constanter,</strong></span> <span class='ocrx_word' id='word_1_160' title='bbox 930 2151 1076 2196; x_wconf 88' lang='lat' dir='ltr'><strong>etiam</strong></span> <span class='ocrx_word' id='word_1_161' title='bbox 1094 2162 1206 2195; x_wconf 90' lang='lat' dir='ltr'><strong>cum</strong></span> <span class='ocrx_word' id='word_1_162' title='bbox 1221 2149 1390 2197; x_wconf 77' lang='lat' dir='ltr'><strong>mortis</strong></span> <span class='ocrx_word' id='word_1_163' title='bbox 1404 2145 1631 2206; x_wconf 85' lang='lat' dir='ltr'><strong>periculo,</strong></span> 
     </span>
     <span class='ocr_line' id='line_1_27' title="bbox 628 2209 1634 2276; baseline -0.009 -13"><span class='ocrx_word' id='word_1_164' title='bbox 628 2216 840 2276; x_wconf 79' lang='lat' dir='ltr'><strong>profiteri</strong></span> <span class='ocrx_word' id='word_1_165' title='bbox 873 2230 929 2262; x_wconf 89' lang='lat' dir='ltr'><strong>ac</strong></span> <span class='ocrx_word' id='word_1_166' title='bbox 957 2216 1227 2265; x_wconf 81' lang='lat' dir='ltr'><strong>defendere.</strong></span> <span class='ocrx_word' id='word_1_167' title='bbox 1305 2212 1384 2259; x_wconf 81' lang='grc'><strong>92.</strong></span> <span class='ocrx_word' id='word_1_168' title='bbox 1429 2211 1512 2261; x_wconf 82' lang='lat' dir='ltr'><strong>Sic</strong></span> <span class='ocrx_word' id='word_1_169' title='bbox 1543 2209 1634 2255; x_wconf 86' lang='lat' dir='ltr'><strong>hac</strong></span> 
     </span>
     <span class='ocr_line' id='line_1_28' title="bbox 628 2273 1631 2340; baseline -0.008 -14"><span class='ocrx_word' id='word_1_170' title='bbox 628 2281 804 2340; x_wconf 76' lang='lat' dir='ltr'><strong>agendi</strong></span> <span class='ocrx_word' id='word_1_171' title='bbox 822 2279 1107 2338; x_wconf 90' lang='lat' dir='ltr'><strong>vivendique</strong></span> <span class='ocrx_word' id='word_1_172' title='bbox 1124 2277 1326 2333; x_wconf 88' lang='lat' dir='ltr'><strong>ratione,</strong></span> <span class='ocrx_word' id='word_1_173' title='bbox 1342 2276 1512 2323; x_wconf 69' lang='lat' dir='ltr'><strong>‚nultos</strong></span> <span class='ocrx_word' id='word_1_174' title='bbox 1523 2273 1631 2332; x_wconf 76' lang='lat' dir='ltr'><strong>hye-</strong></span> 
     </span>
     <span class='ocr_line' id='line_1_29' title="bbox 628 2339 1632 2398; baseline -0.011 -7"><span class='ocrx_word' id='word_1_175' title='bbox 628 2358 725 2393; x_wconf 76' lang='lat' dir='ltr'><strong>mes</strong></span> <span class='ocrx_word' id='word_1_176' title='bbox 737 2347 786 2388; x_wconf 77' lang='lat' dir='ltr'><strong>et</strong></span> <span class='ocrx_word' id='word_1_177' title='bbox 807 2344 1015 2398; x_wconf 68' lang='grc' dir='ltr'><strong><em>εοῑειὶίὶα,</em></strong></span> <span class='ocrx_word' id='word_1_178' title='bbox 1038 2355 1207 2398; x_wconf 82' lang='lat' dir='ltr'><strong>annos,</strong></span> <span class='ocrx_word' id='word_1_179' title='bbox 1228 2342 1366 2398; x_wconf 81' lang='lat' dir='ltr'><strong>vidit,</strong></span> <span class='ocrx_word' id='word_1_180' title='bbox 1378 2343 1467 2387; x_wconf 65' lang='lat' dir='ltr'><strong>‘diu</strong></span> <span class='ocrx_word' id='word_1_181' title='bbox 1493 2339 1632 2397; x_wconf 83' lang='lat' dir='ltr'><strong>vixit,</strong></span> 
     </span>
     <span class='ocr_line' id='line_1_30' title="bbox 629 2403 1634 2465; baseline -0.008 -12"><span class='ocrx_word' id='word_1_182' title='bbox 629 2406 705 2453; x_wconf 55' lang='lat' dir='ltr'><strong>hit*</strong></span> <span class='ocrx_word' id='word_1_183' title='bbox 724 2409 889 2465; x_wconf 73' lang='lat' dir='ltr'><strong>armis,</strong></span> <span class='ocrx_word' id='word_1_184' title='bbox 909 2409 990 2464; x_wconf 80' lang='lat' dir='ltr'><strong>liis</strong></span> <span class='ocrx_word' id='word_1_185' title='bbox 1022 2409 1222 2463; x_wconf 82' lang='lat' dir='ltr'><strong>artibus,</strong></span> <span class='ocrx_word' id='word_1_186' title='bbox 1242 2407 1343 2450; x_wconf 85' lang='lat' dir='ltr'><strong>scil.</strong></span> <span class='ocrx_word' id='word_1_187' title='bbox 1378 2403 1634 2450; x_wconf 85' lang='lat' dir='ltr'><strong>dissimila-</strong></span> 
     </span>
     <span class='ocr_line' id='line_1_31' title="bbox 632 2468 1633 2530; baseline -0.008 -12"><span class='ocrx_word' id='word_1_188' title='bbox 632 2473 781 2527; x_wconf 87' lang='lat' dir='ltr'><strong>tione,</strong></span> <span class='ocrx_word' id='word_1_189' title='bbox 813 2475 1159 2530; x_wconf 65' lang='lat' dir='ltr'><strong>taciturnitate,</strong></span> <span class='ocrx_word' id='word_1_190' title='bbox 1183 2472 1457 2525; x_wconf 78' lang='lat' dir='ltr'><strong>adulatione</strong></span> <span class='ocrx_word' id='word_1_191' title='bbox 1478 2468 1633 2522; x_wconf 78' lang='lat' dir='ltr'><strong>etob-</strong></span> 
     </span>
     <span class='ocr_line' id='line_1_32' title="bbox 632 2534 1635 2598; baseline -0.008 -15"><span class='ocrx_word' id='word_1_192' title='bbox 632 2538 817 2597; x_wconf 81' lang='lat' dir='ltr'><strong>sequi0,</strong></span> <span class='ocrx_word' id='word_1_193' title='bbox 839 2542 966 2584; x_wconf 74' lang='lat' dir='ltr'><strong>tutus</strong></span> <span class='ocrx_word' id='word_1_194' title='bbox 990 2538 1073 2583; x_wconf 68' lang='lat' dir='ltr'><strong>illa</strong></span> <span class='ocrx_word' id='word_1_195' title='bbox 1105 2549 1276 2598; x_wconf 78' lang='lat' dir='ltr'><strong>quoque</strong></span> <span class='ocrx_word' id='word_1_196' title='bbox 1308 2537 1357 2580; x_wconf 81' lang='lat' dir='ltr'><strong>in</strong></span> <span class='ocrx_word' id='word_1_197' title='bbox 1391 2534 1519 2588; x_wconf 75' lang='lat' dir='ltr'><strong>aula,</strong></span> <span class='ocrx_word' id='word_1_198' title='bbox 1545 2534 1635 2576; x_wconf 90' lang='lat' dir='ltr'><strong>sub</strong></span> 
     </span>
     <span class='ocr_line' id='line_1_33' title="bbox 631 2597 1636 2661; baseline -0.005 -16"><span class='ocrx_word' id='word_1_199' title='bbox 631 2601 833 2661; x_wconf 79' lang='lat' dir='ltr'><strong>imperio</strong></span> <span class='ocrx_word' id='word_1_200' title='bbox 855 2610 957 2648; x_wconf 87' lang='lat' dir='ltr'><strong>tam</strong></span> <span class='ocrx_word' id='word_1_201' title='bbox 975 2603 1157 2648; x_wconf 87' lang='lat' dir='ltr'><strong>crudeli</strong></span> <span class='ocrx_word' id='word_1_202' title='bbox 1172 2599 1461 2655; x_wconf 89' lang='lat' dir='ltr'><strong>Domitiani,</strong></span> <span class='ocrx_word' id='word_1_203' title='bbox 1480 2598 1533 2642; x_wconf 87' lang='lat' dir='ltr'><strong>in</strong></span> <span class='ocrx_word' id='word_1_204' title='bbox 1550 2597 1636 2641; x_wconf 89' lang='lat' dir='ltr'><strong>tali</strong></span> 
     </span>
     <span class='ocr_line' id='line_1_34' title="bbox 632 2663 1634 2724; baseline -0.006 -13"><span class='ocrx_word' id='word_1_205' title='bbox 632 2679 673 2713; x_wconf 85' lang='lat' dir='ltr'><strong>s.</strong></span> <span class='ocrx_word' id='word_1_206' title='bbox 695 2674 794 2711; x_wconf 85' lang='lat' dir='ltr'><strong>tarn</strong></span> <span class='ocrx_word' id='word_1_207' title='bbox 819 2680 947 2713; x_wconf 85' lang='lat' dir='ltr'><strong>saeva</strong></span> <span class='ocrx_word' id='word_1_208' title='bbox 963 2667 1092 2721; x_wconf 82' lang='lat' dir='ltr'><strong>aula,</strong></span> <span class='ocrx_word' id='word_1_209' title='bbox 1110 2668 1158 2711; x_wconf 83' lang='lat' dir='ltr'><strong>in</strong></span> <span class='ocrx_word' id='word_1_210' title='bbox 1174 2678 1271 2724; x_wconf 85' lang='lat' dir='ltr'><strong>qua</strong></span> <span class='ocrx_word' id='word_1_211' title='bbox 1289 2678 1427 2710; x_wconf 89' lang='lat' dir='ltr'><strong>nemo</strong></span> <span class='ocrx_word' id='word_1_212' title='bbox 1444 2663 1544 2708; x_wconf 85' lang='lat' dir='ltr'><strong>fere</strong></span> <span class='ocrx_word' id='word_1_213' title='bbox 1558 2667 1634 2706; x_wconf 89' lang='lat' dir='ltr'><strong>tu-</strong></span> 
     </span>
     <span class='ocr_line' id='line_1_35' title="bbox 633 2724 1637 2787; baseline -0.007 -12"><span class='ocrx_word' id='word_1_214' title='bbox 633 2737 711 2784; x_wconf 82' lang='lat' dir='ltr'><strong>tus</strong></span> <span class='ocrx_word' id='word_1_215' title='bbox 733 2738 850 2777; x_wconf 85' lang='lat' dir='ltr'><strong>erat.</strong></span> <span class='ocrx_word' id='word_1_216' title='bbox 882 2781 886 2786; x_wconf 73' lang='lat'><strong>,</strong></span> <span class='ocrx_word' id='word_1_217' title='bbox 905 2729 1157 2776; x_wconf 74' lang='lat' dir='ltr'><strong>Solstitium</strong></span> <span class='ocrx_word' id='word_1_218' title='bbox 1178 2743 1369 2787; x_wconf 84' lang='lat' dir='ltr'><strong>semper</strong></span> <span class='ocrx_word' id='word_1_219' title='bbox 1387 2729 1485 2773; x_wconf 80' lang='lat' dir='ltr'><strong>fere</strong></span> <span class='ocrx_word' id='word_1_220' title='bbox 1509 2724 1637 2770; x_wconf 81' lang='lat' dir='ltr'><strong>aesti·</strong></span> 
     </span>
     <span class='ocr_line' id='line_1_36' title="bbox 633 2792 1637 2862; baseline -0.011 -19"><span class='ocrx_word' id='word_1_221' title='bbox 633 2810 751 2842; x_wconf 83' lang='lat' dir='ltr'><strong>vum</strong></span> <span class='ocrx_word' id='word_1_222' title='bbox 784 2796 980 2851; x_wconf 83' lang='lat' dir='ltr'><strong>dicitur,</strong></span> <span class='ocrx_word' id='word_1_223' title='bbox 1006 2801 1061 2862; x_wconf 76' lang='lat' dir='ltr'><strong>ut</strong></span> <span class='ocrx_word' id='word_1_224' title='bbox 1093 2793 1350 2839; x_wconf 86' lang='lat' dir='ltr'><strong>hibernum</strong></span> <span class='ocrx_word' id='word_1_225' title='bbox 1367 2792 1564 2845; x_wconf 61' lang='lat' dir='ltr'><strong>bruma,</strong></span> <span class='ocrx_word' id='word_1_226' title='bbox 1588 2794 1637 2833; x_wconf 88' lang='lat' dir='ltr'><strong>et</strong></span> 
     </span>
     <span class='ocr_line' id='line_1_37' title="bbox 632 2857 1634 2916; baseline -0.011 -9"><span class='ocrx_word' id='word_1_227' title='bbox 632 2861 748 2916; x_wconf 79' lang='lat' dir='ltr'><strong>hinc</strong></span> <span class='ocrx_word' id='word_1_228' title='bbox 781 2860 858 2912; x_wconf 82' lang='lat' dir='ltr'><strong>vel</strong></span> <span class='ocrx_word' id='word_1_229' title='bbox 887 2860 1089 2914; x_wconf 64' lang='lat' dir='ltr'><strong>bruma,</strong></span> <span class='ocrx_word' id='word_1_230' title='bbox 1110 2858 1187 2904; x_wconf 81' lang='lat' dir='ltr'><strong>vel</strong></span> <span class='ocrx_word' id='word_1_231' title='bbox 1220 2870 1251 2901; x_wconf 89' lang='lat' dir='ltr'><strong>a</strong></span> <span class='ocrx_word' id='word_1_232' title='bbox 1285 2857 1457 2915; x_wconf 83' lang='lat' dir='ltr'><strong>poetis,</strong></span> <span class='ocrx_word' id='word_1_233' title='bbox 1480 2860 1535 2898; x_wconf 92' lang='lat' dir='ltr'><strong>ut</strong></span> <span class='ocrx_word' id='word_1_234' title='bbox 1558 2866 1634 2911; x_wconf 78' lang='lat' dir='ltr'><strong>sy-</strong></span> 
     </span>
     <span class='ocr_line' id='line_1_38' title="bbox 635 2920 1636 2981; baseline -0.008 -13"><span class='ocrx_word' id='word_1_235' title='bbox 635 2938 749 2970; x_wconf 90' lang='lat' dir='ltr'><strong>non.</strong></span> <span class='ocrx_word' id='word_1_236' title='bbox 805 2922 1005 2975; x_wconf 67' lang='lat' dir='ltr'><strong>testatis,</strong></span> <span class='ocrx_word' id='word_1_237' title='bbox 1050 2921 1217 2981; x_wconf 84' lang='lat' dir='ltr'><strong>hyemi</strong></span> <span class='ocrx_word' id='word_1_238' title='bbox 1272 2920 1547 2979; x_wconf 90' lang='lat' dir='ltr'><strong>obponitur.</strong></span> <span class='ocrx_word' id='word_1_239' title='bbox 1592 2931 1636 2961; x_wconf 87' lang='lat' dir='ltr'><strong>v.</strong></span> 
     </span>
    </p>
   </div>
   <div class='ocr_carea' id='block_1_9' title="bbox 636 2979 1651 3047">
    <p class='ocr_par' dir='ltr' id='par_1_9' title="bbox 636 2979 1651 3047">
     <span class='ocr_line' id='line_1_39' title="bbox 636 2979 1651 3047; baseline -0.01 -13"><span class='ocrx_word' id='word_1_240' title='bbox 636 2989 813 3047; x_wconf 83' lang='lat' dir='ltr'><strong>Heyne</strong></span> <span class='ocrx_word' id='word_1_241' title='bbox 832 2987 893 3032; x_wconf 84' lang='lat' dir='ltr'><strong>ad</strong></span> <span class='ocrx_word' id='word_1_242' title='bbox 916 2986 1057 3045; x_wconf 78' lang='lat' dir='ltr'><strong>vitg.</strong></span> <span class='ocrx_word' id='word_1_243' title='bbox 1075 2985 1164 3031; x_wconf 84' lang='lat' dir='ltr'><strong>Ge.</strong></span> <span class='ocrx_word' id='word_1_244' title='bbox 1177 2985 1226 3036; x_wconf 74' lang='lat'><strong>1.</strong></span> <span class='ocrx_word' id='word_1_245' title='bbox 1243 2983 1354 3030; x_wconf 91' lang='grc'><strong>100.</strong></span> <span class='ocrx_word' id='word_1_246' title='bbox 1374 2988 1423 3029; x_wconf 88' lang='lat' dir='ltr'><strong>et</strong></span> <span class='ocrx_word' id='word_1_247' title='bbox 1447 2979 1651 3027; x_wconf 81' lang='lat' dir='ltr'><strong>Ernesti</strong></span> 
     </span>
    </p>
   </div>
   <div class='ocr_carea' id='block_1_10' title="bbox 631 3048 1652 4396">
    <p class='ocr_par' dir='ltr' id='par_1_10' title="bbox 631 3048 1652 4396">
     <span class='ocr_line' id='line_1_40' title="bbox 634 3048 1641 3109; baseline -0.009 -10"><span class='ocrx_word' id='word_1_248' title='bbox 634 3054 759 3099; x_wconf 82' lang='lat' dir='ltr'><strong>clav.</strong></span> <span class='ocrx_word' id='word_1_249' title='bbox 782 3052 880 3106; x_wconf 82' lang='lat' dir='ltr'><strong>Cic.</strong></span> <span class='ocrx_word' id='word_1_250' title='bbox 945 3049 1023 3095; x_wconf 85' lang='lat'><strong>93.</strong></span> <span class='ocrx_word' id='word_1_251' title='bbox 1055 3048 1214 3109; x_wconf 82' lang='lat' dir='ltr'><strong>Vulgo</strong></span> <span class='ocrx_word' id='word_1_252' title='bbox 1236 3060 1485 3107; x_wconf 80' lang='lat' dir='ltr'><strong>perperam</strong></span> <span class='ocrx_word' id='word_1_253' title='bbox 1509 3058 1641 3091; x_wconf 88' lang='lat' dir='ltr'><strong>com-</strong></span> 
     </span>
     <span class='ocr_line' id='line_1_41' title="bbox 636 3109 1640 3176; baseline -0.007 -15"><span class='ocrx_word' id='word_1_254' title='bbox 636 3130 720 3162; x_wconf 88' lang='lat' dir='ltr'><strong>ma</strong></span> <span class='ocrx_word' id='word_1_255' title='bbox 745 3122 851 3175; x_wconf 83' lang='lat' dir='ltr'><strong>post</strong></span> <span class='ocrx_word' id='word_1_256' title='bbox 870 3115 1107 3176; x_wconf 61' lang='lat' dir='ltr'><strong>armisin,</strong></span> <span class='ocrx_word' id='word_1_257' title='bbox 1127 3113 1353 3164; x_wconf 85' lang='lat' dir='ltr'><strong>omnibus</strong></span> <span class='ocrx_word' id='word_1_258' title='bbox 1373 3122 1496 3171; x_wconf 88' lang='lat' dir='ltr'><strong>quas</strong></span> <span class='ocrx_word' id='word_1_259' title='bbox 1521 3109 1640 3165; x_wconf 85' lang='lat' dir='ltr'><strong>vidi,</strong></span> 
     </span>
     <span class='ocr_line' id='line_1_42' title="bbox 637 3172 1644 3238; baseline -0.005 -13"><span class='ocrx_word' id='word_1_260' title='bbox 637 3179 786 3234; x_wconf 80' lang='lat' dir='ltr'><strong>editt.&#39;</strong></span> <span class='ocrx_word' id='word_1_261' title='bbox 807 3181 1027 3238; x_wconf 80' lang='lat' dir='ltr'><strong>ponitur:</strong></span> <span class='ocrx_word' id='word_1_262' title='bbox 1072 3190 1190 3223; x_wconf 89' lang='lat' dir='ltr'><strong>nam</strong></span> <span class='ocrx_word' id='word_1_263' title='bbox 1214 3172 1465 3237; x_wconf 82' lang='lat' dir='ltr'><strong>jungenda</strong></span> <span class='ocrx_word' id='word_1_264' title='bbox 1499 3174 1644 3220; x_wconf 80' lang='lat' dir='ltr'><strong>verba</strong></span> 
     </span>
     <span class='ocr_line' id='line_1_43' title="bbox 640 3240 1644 3300; baseline -0.008 -11"><span class='ocrx_word' id='word_1_265' title='bbox 640 3247 768 3290; x_wconf 74' lang='lat' dir='ltr'><strong>tutus</strong></span> <span class='ocrx_word' id='word_1_266' title='bbox 790 3245 865 3296; x_wconf 69' lang='lat' dir='ltr'><strong>his</strong></span> <span class='ocrx_word' id='word_1_267' title='bbox 886 3244 1052 3300; x_wconf 74' lang='lat' dir='ltr'><strong>armis,</strong></span> <span class='ocrx_word' id='word_1_268' title='bbox 1076 3250 1125 3289; x_wconf 91' lang='lat' dir='ltr'><strong>et</strong></span> <span class='ocrx_word' id='word_1_269' title='bbox 1150 3242 1200 3287; x_wconf 89' lang='lat' dir='ltr'><strong>in</strong></span> <span class='ocrx_word' id='word_1_270' title='bbox 1228 3254 1341 3286; x_wconf 87' lang='lat' dir='ltr'><strong>voce</strong></span> <span class='ocrx_word' id='word_1_271' title='bbox 1361 3240 1445 3285; x_wconf 81' lang='lat' dir='ltr'><strong>illa</strong></span> <span class='ocrx_word' id='word_1_272' title='bbox 1466 3250 1644 3296; x_wconf 83' lang='lat' dir='ltr'><strong>magna</strong></span> 
     </span>
     <span class='ocr_line' id='line_1_44' title="bbox 640 3301 1644 3367; baseline -0.011 -14"><span class='ocrx_word' id='word_1_273' title='bbox 640 3308 714 3353; x_wconf 85' lang='lat' dir='ltr'><strong>vis</strong></span> <span class='ocrx_word' id='word_1_274' title='bbox 734 3310 878 3363; x_wconf 87' lang='lat' dir='ltr'><strong>inest,</strong></span> <span class='ocrx_word' id='word_1_275' title='bbox 902 3322 1013 3367; x_wconf 78' lang='lat' dir='ltr'><strong>quoe</strong></span> <span class='ocrx_word' id='word_1_276' title='bbox 1034 3308 1256 3365; x_wconf 83' lang='lat' dir='ltr'><strong>aug&#39;etur,</strong></span> <span class='ocrx_word' id='word_1_277' title='bbox 1275 3304 1316 3349; x_wconf 91' lang='lat' dir='ltr'><strong>si</strong></span> <span class='ocrx_word' id='word_1_278' title='bbox 1336 3306 1381 3350; x_wconf 91' lang='lat' dir='ltr'><strong>ei</strong></span> <span class='ocrx_word' id='word_1_279' title='bbox 1402 3301 1454 3350; x_wconf 61' lang='grc' dir='ltr'><strong>«ὃ</strong></span> <span class='ocrx_word' id='word_1_280' title='bbox 1474 3314 1644 3361; x_wconf 68' lang='lat' dir='ltr'><strong>quoque</strong></span> 
     </span>
     <span class='ocr_line' id='line_1_45' title="bbox 631 3364 1646 3433; baseline -0.017 -9"><span class='ocrx_word' id='word_1_281' title='bbox 631 3368 868 3433; x_wconf 73' lang='lat' dir='ltr'><strong>junxeris.</strong></span> <span class='ocrx_word' id='word_1_282' title='bbox 932 3372 1143 3426; x_wconf 82' lang='lat' dir='ltr'><strong>Quidam</strong></span> <span class='ocrx_word' id='word_1_283' title='bbox 1160 3377 1398 3428; x_wconf 87' lang='lat' dir='ltr'><strong>punctum</strong></span> <span class='ocrx_word' id='word_1_284' title='bbox 1420 3371 1529 3427; x_wconf 87' lang='lat' dir='ltr'><strong>post</strong></span> <span class='ocrx_word' id='word_1_285' title='bbox 1544 3364 1646 3409; x_wconf 83' lang='lat' dir='ltr'><strong>Sol-</strong></span> 
     </span>
     <span class='ocr_line' id='line_1_46' title="bbox 638 3433 1556 3493; baseline -0.01 -9"><span class='ocrx_word' id='word_1_286' title='bbox 638 3438 789 3493; x_wconf 73' lang='lat' dir='ltr'><strong>stitia,</strong></span> <span class='ocrx_word' id='word_1_287' title='bbox 813 3446 861 3484; x_wconf 91' lang='lat' dir='ltr'><strong>et</strong></span> <span class='ocrx_word' id='word_1_288' title='bbox 884 3450 1076 3483; x_wconf 88' lang='lat' dir='ltr'><strong>comma</strong></span> <span class='ocrx_word' id='word_1_289' title='bbox 1100 3440 1205 3493; x_wconf 88' lang='lat' dir='ltr'><strong>post</strong></span> <span class='ocrx_word' id='word_1_290' title='bbox 1226 3433 1334 3479; x_wconf 78' lang='lat' dir='ltr'><strong>aula</strong></span> <span class='ocrx_word' id='word_1_291' title='bbox 1353 3437 1556 3492; x_wconf 90' lang='lat' dir='ltr'><strong>ponunt.</strong></span> 
     </span>
     <span class='ocr_line' id='line_1_47' title="bbox 706 3491 1643 3560; baseline -0.011 -11"><span class='ocrx_word' id='word_1_292' title='bbox 706 3503 783 3549; x_wconf 78' lang='lat'><strong>94.</strong></span> <span class='ocrx_word' id='word_1_293' title='bbox 806 3503 1008 3554; x_wconf 76' lang='lat' dir='ltr'><strong>Acilius,</strong></span> <span class='ocrx_word' id='word_1_294' title='bbox 1027 3502 1110 3558; x_wconf 90' lang='lat' dir='ltr'><strong>qui</strong></span> <span class='ocrx_word' id='word_1_295' title='bbox 1125 3496 1340 3560; x_wconf 63' lang='lat' dir='ltr'><strong>ejusdem,</strong></span> <span class='ocrx_word' id='word_1_296' title='bbox 1359 3492 1498 3556; x_wconf 87' lang='lat' dir='ltr'><strong>cujus</strong></span> <span class='ocrx_word' id='word_1_297' title='bbox 1513 3491 1643 3540; x_wconf 84' lang='lat' dir='ltr'><strong>cris-</strong></span> 
     </span>
     <span class='ocr_line' id='line_1_48' title="bbox 640 3560 1640 3626; baseline -0.011 -12"><span class='ocrx_word' id='word_1_298' title='bbox 640 3582 750 3626; x_wconf 78' lang='lat' dir='ltr'><strong>pus,</strong></span> <span class='ocrx_word' id='word_1_299' title='bbox 771 3574 875 3612; x_wconf 86' lang='lat' dir='ltr'><strong>erat</strong></span> <span class='ocrx_word' id='word_1_300' title='bbox 900 3565 1010 3622; x_wconf 75' lang='lat' dir='ltr'><strong>oevi,</strong></span> <span class='ocrx_word' id='word_1_301' title='bbox 1031 3564 1210 3620; x_wconf 82' lang='lat' dir='ltr'><strong>aetatis,</strong></span> <span class='ocrx_word' id='word_1_302' title='bbox 1239 3560 1470 3623; x_wconf 86' lang='lat' dir='ltr'>(LXXX</span> <span class='ocrx_word' id='word_1_303' title='bbox 1492 3570 1640 3605; x_wconf 84' lang='lat' dir='ltr'><strong>anno·</strong></span> 
     </span>
     <span class='ocr_line' id='line_1_49' title="bbox 639 3625 1645 3692; baseline -0.011 -15"><span class='ocrx_word' id='word_1_304' title='bbox 639 3631 773 3692; x_wconf 87' lang='lat' dir='ltr'><strong>rum)</strong></span> <span class='ocrx_word' id='word_1_305' title='bbox 783 3633 1042 3689; x_wconf 70' lang='lat' dir='ltr'><strong>proximus,</strong></span> <span class='ocrx_word' id='word_1_306' title='bbox 1056 3627 1271 3686; x_wconf 84' lang='lat' dir='ltr'><strong>proxime</strong></span> <span class='ocrx_word' id='word_1_307' title='bbox 1283 3632 1389 3685; x_wconf 78' lang='lat' dir='ltr'><strong>post</strong></span> <span class='ocrx_word' id='word_1_308' title='bbox 1404 3625 1645 3682; x_wconf 82' lang='lat' dir='ltr'><strong>Crispum,</strong></span> 
     </span>
     <span class='ocr_line' id='line_1_50' title="bbox 633 3682 1648 3754; baseline -0.006 -16"><span class='ocrx_word' id='word_1_309' title='bbox 633 3694 908 3754; x_wconf 76' lang='lat' dir='ltr'><strong>properabat</strong></span> <span class='ocrx_word' id='word_1_310' title='bbox 924 3693 984 3737; x_wconf 86' lang='lat' dir='ltr'><strong>ad</strong></span> <span class='ocrx_word' id='word_1_311' title='bbox 998 3692 1332 3737; x_wconf 84' lang='lat' dir='ltr'><strong>Domitianum</strong></span> <span class='ocrx_word' id='word_1_312' title='bbox 1348 3703 1364 3745; x_wconf 72' lang='grc' dir='ltr'>ς</span> <span class='ocrx_word' id='word_1_313' title='bbox 1388 3691 1466 3743; x_wconf 84' lang='lat' dir='ltr'><strong>(ut</strong></span> <span class='ocrx_word' id='word_1_314' title='bbox 1479 3703 1526 3735; x_wconf 91' lang='lat' dir='ltr'><strong>v.</strong></span> <span class='ocrx_word' id='word_1_315' title='bbox 1541 3682 1648 3745; x_wconf 92' lang='grc'><strong>76.)</strong></span> 
     </span>
     <span class='ocr_line' id='line_1_51' title="bbox 643 3752 1645 3819; baseline -0.008 -15"><span class='ocrx_word' id='word_1_316' title='bbox 643 3766 797 3819; x_wconf 83' lang='lat' dir='ltr'><strong>pater,</strong></span> <span class='ocrx_word' id='word_1_317' title='bbox 819 3759 870 3803; x_wconf 85' lang='lat' dir='ltr'><strong>ni</strong></span> <span class='ocrx_word' id='word_1_318' title='bbox 903 3757 1062 3813; x_wconf 85' lang='lat' dir='ltr'><strong>fallor,</strong></span> <span class='ocrx_word' id='word_1_319' title='bbox 1084 3755 1227 3811; x_wconf 80' lang='lat' dir='ltr'><strong>Acilii</strong></span> <span class='ocrx_word' id='word_1_320' title='bbox 1250 3754 1539 3807; x_wconf 79' lang='lat' dir='ltr'><strong>Glabrionis,</strong></span> <span class='ocrx_word' id='word_1_321' title='bbox 1559 3752 1645 3812; x_wconf 55' lang='lat' dir='ltr'><strong>jun·</strong></span> 
     </span>
     <span class='ocr_line' id='line_1_52' title="bbox 642 3816 1647 3878; baseline -0.012 -7"><span class='ocrx_word' id='word_1_322' title='bbox 642 3824 770 3878; x_wconf 58' lang='lat' dir='ltr'><strong>veuit</strong></span> <span class='ocrx_word' id='word_1_323' title='bbox 790 3821 1043 3870; x_wconf 84' lang='lat' dir='ltr'><strong>clarissimi</strong></span> <span class='ocrx_word' id='word_1_324' title='bbox 1062 3827 1111 3865; x_wconf 90' lang='lat' dir='ltr'><strong>et</strong></span> <span class='ocrx_word' id='word_1_325' title='bbox 1129 3820 1386 3865; x_wconf 79' lang='lat' dir='ltr'><strong>virtutibus</strong></span> <span class='ocrx_word' id='word_1_326' title='bbox 1402 3816 1647 3862; x_wconf 84' lang='lat' dir='ltr'><strong>ornatissi-</strong></span> 
     </span>
     <span class='ocr_line' id='line_1_53' title="bbox 644 3876 1646 3947; baseline -0.011 -13"><span class='ocrx_word' id='word_1_327' title='bbox 644 3887 727 3941; x_wconf 87' lang='lat' dir='ltr'><strong>mi,</strong></span> <span class='ocrx_word' id='word_1_328' title='bbox 746 3888 831 3947; x_wconf 89' lang='lat' dir='ltr'><strong>qui</strong></span> <span class='ocrx_word' id='word_1_329' title='bbox 848 3888 937 3932; x_wconf 86' lang='lat' dir='ltr'><strong>sub</strong></span> <span class='ocrx_word' id='word_1_330' title='bbox 953 3884 1234 3931; x_wconf 86' lang='lat' dir='ltr'><strong>Domitiano</strong></span> <span class='ocrx_word' id='word_1_331' title='bbox 1249 3883 1432 3940; x_wconf 84' lang='lat' dir='ltr'><strong>collega</strong></span> <span class='ocrx_word' id='word_1_332' title='bbox 1448 3876 1646 3940; x_wconf 86' lang='lat' dir='ltr'><strong>Trajani</strong></span> 
     </span>
     <span class='ocr_line' id='line_1_54' title="bbox 643 3943 1647 4006; baseline -0.011 -8"><span class='ocrx_word' id='word_1_333' title='bbox 643 3952 696 3998; x_wconf 87' lang='lat' dir='ltr'><strong>in</strong></span> <span class='ocrx_word' id='word_1_334' title='bbox 718 3952 969 3998; x_wconf 75' lang='lat' dir='ltr'><strong>consulatu</strong></span> <span class='ocrx_word' id='word_1_335' title='bbox 991 3949 1104 4006; x_wconf 79' lang='lat' dir='ltr'><strong>fuit,</strong></span> <span class='ocrx_word' id='word_1_336' title='bbox 1126 3954 1193 4001; x_wconf 88' lang='lat' dir='ltr'><strong>et,</strong></span> <span class='ocrx_word' id='word_1_337' title='bbox 1218 3955 1273 3993; x_wconf 91' lang='lat' dir='ltr'><strong>ut</strong></span> <span class='ocrx_word' id='word_1_338' title='bbox 1296 3945 1487 4006; x_wconf 78' lang='lat' dir='ltr'><strong>tyranni</strong></span> <span class='ocrx_word' id='word_1_339' title='bbox 1510 3943 1647 3988; x_wconf 73' lang='lat' dir='ltr'><strong>saevi-</strong></span> 
     </span>
     <span class='ocr_line' id='line_1_55' title="bbox 645 4007 1648 4082; baseline -0.009 -21"><span class='ocrx_word' id='word_1_340' title='bbox 645 4016 764 4082; x_wconf 71' lang='lat' dir='ltr'><strong>tiam</strong></span> <span class='ocrx_word' id='word_1_341' title='bbox 796 4016 1048 4075; x_wconf 79' lang='lat' dir='ltr'><strong>effugeret,</strong></span> <span class='ocrx_word' id='word_1_342' title='bbox 1069 4014 1218 4059; x_wconf 80' lang='lat' dir='ltr'><strong>Bruti</strong></span> <span class='ocrx_word' id='word_1_343' title='bbox 1244 4010 1486 4067; x_wconf 87' lang='lat' dir='ltr'><strong>exemplo,</strong></span> <span class='ocrx_word' id='word_1_344' title='bbox 1514 4007 1648 4052; x_wconf 83' lang='lat' dir='ltr'><strong>stoli-</strong></span> 
     </span>
     <span class='ocr_line' id='line_1_56' title="bbox 644 4073 1649 4134; baseline -0.01 -9"><span class='ocrx_word' id='word_1_345' title='bbox 644 4080 847 4134; x_wconf 81' lang='lat' dir='ltr'><strong>ditatem</strong></span> <span class='ocrx_word' id='word_1_346' title='bbox 869 4080 1106 4130; x_wconf 81' lang='lat' dir='ltr'><strong>similasse</strong></span> <span class='ocrx_word' id='word_1_347' title='bbox 1135 4083 1185 4121; x_wconf 89' lang='lat' dir='ltr'><strong>et</strong></span> <span class='ocrx_word' id='word_1_348' title='bbox 1213 4076 1338 4121; x_wconf 82' lang='lat' dir='ltr'><strong>lianc</strong></span> <span class='ocrx_word' id='word_1_349' title='bbox 1369 4085 1562 4131; x_wconf 90' lang='lat' dir='ltr'><strong>quoque</strong></span> <span class='ocrx_word' id='word_1_350' title='bbox 1587 4073 1649 4116; x_wconf 84' lang='lat' dir='ltr'><strong>ob</strong></span> 
     </span>
     <span class='ocr_line' id='line_1_57' title="bbox 644 4136 1651 4203; baseline -0.01 -12"><span class='ocrx_word' id='word_1_351' title='bbox 644 4157 863 4202; x_wconf 85' lang='lat' dir='ltr'><strong>causam,</strong></span> <span class='ocrx_word' id='word_1_352' title='bbox 887 4144 962 4189; x_wconf 90' lang='lat' dir='ltr'><strong>vel</strong></span> <span class='ocrx_word' id='word_1_353' title='bbox 976 4140 1118 4203; x_wconf 86' lang='lat' dir='ltr'><strong>jussu</strong></span> <span class='ocrx_word' id='word_1_354' title='bbox 1144 4137 1353 4200; x_wconf 81' lang='lat' dir='ltr'><strong>tyranni,</strong></span> <span class='ocrx_word' id='word_1_355' title='bbox 1377 4148 1489 4181; x_wconf 89' lang='lat' dir='ltr'><strong>cum</strong></span> <span class='ocrx_word' id='word_1_356' title='bbox 1514 4136 1651 4181; x_wconf 86' lang='lat' dir='ltr'><strong>leone</strong></span> 
     </span>
     <span class='ocr_line' id='line_1_58' title="bbox 641 4201 1650 4272; baseline -0.012 -15"><span class='ocrx_word' id='word_1_357' title='bbox 641 4222 881 4272; x_wconf 72' lang='lat' dir='ltr'><strong>pugnasse</strong></span> <span class='ocrx_word' id='word_1_358' title='bbox 895 4208 1087 4257; x_wconf 86' lang='lat' dir='ltr'><strong>dicitur,</strong></span> <span class='ocrx_word' id='word_1_359' title='bbox 1100 4205 1182 4250; x_wconf 87' lang='lat' dir='ltr'><strong>sed</strong></span> <span class='ocrx_word' id='word_1_360' title='bbox 1196 4204 1263 4247; x_wconf 89' lang='lat' dir='ltr'><strong>ita</strong></span> <span class='ocrx_word' id='word_1_361' title='bbox 1275 4201 1435 4260; x_wconf 86' lang='lat' dir='ltr'><strong>potius</strong></span> <span class='ocrx_word' id='word_1_362' title='bbox 1448 4207 1650 4245; x_wconf 86' lang='lat' dir='ltr'><strong>mortem</strong></span> 
     </span>
     <span class='ocr_line' id='line_1_59' title="bbox 643 4267 1652 4328; baseline -0.01 -9"><span class='ocrx_word' id='word_1_363' title='bbox 643 4287 786 4328; x_wconf 72' lang='lat' dir='ltr'><strong>suam,</strong></span> <span class='ocrx_word' id='word_1_364' title='bbox 807 4272 1071 4322; x_wconf 85' lang='lat' dir='ltr'><strong>maturavit</strong></span> <span class='ocrx_word' id='word_1_365' title='bbox 1087 4276 1135 4314; x_wconf 89' lang='lat' dir='ltr'><strong>et</strong></span> <span class='ocrx_word' id='word_1_366' title='bbox 1152 4267 1323 4325; x_wconf 89' lang='lat' dir='ltr'><strong>quinto</strong></span> <span class='ocrx_word' id='word_1_367' title='bbox 1344 4269 1455 4322; x_wconf 87' lang='lat' dir='ltr'><strong>post</strong></span> <span class='ocrx_word' id='word_1_368' title='bbox 1477 4276 1652 4310; x_wconf 87' lang='lat' dir='ltr'><strong>consu-</strong></span> 
     </span>
     <span class='ocr_line' id='line_1_60' title="bbox 645 4328 1652 4396; baseline -0.013 -11"><span class='ocrx_word' id='word_1_369' title='bbox 645 4338 802 4396; x_wconf 73' lang='lat' dir='ltr'><strong>latum</strong></span> <span class='ocrx_word' id='word_1_370' title='bbox 825 4350 962 4392; x_wconf 77' lang='lat' dir='ltr'><strong>anno.</strong></span> <span class='ocrx_word' id='word_1_371' title='bbox 977 4330 1121 4395; x_wconf 73' lang='lat' dir='ltr'><strong>jussu</strong></span> <span class='ocrx_word' id='word_1_372' title='bbox 1133 4328 1435 4388; x_wconf 76' lang='lat' dir='ltr'><strong>Domitiani,</strong></span> <span class='ocrx_word' id='word_1_373' title='bbox 1458 4333 1652 4389; x_wconf 84' lang='lat' dir='ltr'><strong>propter</strong></span> 
     </span>
    </p>
   </div>
   <div class='ocr_carea' id='block_1_11' title="bbox 1694 1718 2703 1841">
    <p class='ocr_par' dir='ltr' id='par_1_11' title="bbox 1694 1718 2703 1841">
     <span class='ocr_line' id='line_1_61' title="bbox 1694 1718 2698 1779; baseline -0.01 -9"><span class='ocrx_word' id='word_1_374' title='bbox 1694 1726 1744 1770; x_wconf 90' lang='lat' dir='ltr'><strong>in</strong></span> <span class='ocrx_word' id='word_1_375' title='bbox 1762 1724 1932 1769; x_wconf 82' lang='lat' dir='ltr'><strong>exsilio</strong></span> <span class='ocrx_word' id='word_1_376' title='bbox 1943 1725 2165 1774; x_wconf 78' lang='lat' dir='ltr'><strong>maneret,</strong></span> <span class='ocrx_word' id='word_1_377' title='bbox 2175 1725 2220 1766; x_wconf 76' lang='lat' dir='ltr'><strong>et</strong></span> <span class='ocrx_word' id='word_1_378' title='bbox 2237 1718 2585 1779; x_wconf 71' lang='lat' dir='ltr'><strong>tamsem&#39;nata,</strong></span> <span class='ocrx_word' id='word_1_379' title='bbox 2596 1728 2698 1765; x_wconf 84' lang='lat' dir='ltr'><strong>ma·</strong></span> 
     </span>
     <span class='ocr_line' id='line_1_62' title="bbox 1695 1779 2703 1841; baseline -0.01 -8"><span class='ocrx_word' id='word_1_380' title='bbox 1695 1795 1872 1840; x_wconf 77' lang='lat' dir='ltr'><strong>tutata,</strong></span> <span class='ocrx_word' id='word_1_381' title='bbox 1895 1788 1947 1832; x_wconf 89' lang='lat' dir='ltr'><strong>in</strong></span> <span class='ocrx_word' id='word_1_382' title='bbox 1971 1786 2085 1830; x_wconf 85' lang='lat' dir='ltr'><strong>flore</strong></span> <span class='ocrx_word' id='word_1_383' title='bbox 2103 1785 2282 1841; x_wconf 64' lang='lat' dir='ltr'><strong>aetatis,</strong></span> <span class='ocrx_word' id='word_1_384' title='bbox 2299 1781 2474 1841; x_wconf 72' lang='lat' dir='ltr'><strong>gladiis</strong></span> <span class='ocrx_word' id='word_1_385' title='bbox 2490 1779 2703 1832; x_wconf 70' lang='lat' dir='ltr'><strong>Domini,</strong></span> 
     </span>
    </p>
   </div>
   <div class='ocr_carea' id='block_1_12' title="bbox 1668 1838 2638 1907">
    <p class='ocr_par' dir='ltr' id='par_1_12' title="bbox 1668 1838 2638 1907">
     <span class='ocr_line' id='line_1_63' title="bbox 1668 1838 2638 1907; baseline -0.009 -10"><span class='ocrx_word' id='word_1_386' title='bbox 1668 1846 1679 1853; x_wconf 39' lang='lat'><em>⁸</em></span> <span class='ocrx_word' id='word_1_387' title='bbox 1694 1851 1985 1906; x_wconf 86' lang='lat' dir='ltr'><strong>Domitiani,</strong></span> <span class='ocrx_word' id='word_1_388' title='bbox 2008 1852 2068 1895; x_wconf 87' lang='lat' dir='ltr'><strong>de</strong></span> <span class='ocrx_word' id='word_1_389' title='bbox 2089 1862 2186 1907; x_wconf 82' lang='lat' dir='ltr'><strong>quo</strong></span> <span class='ocrx_word' id='word_1_390' title='bbox 2208 1862 2252 1892; x_wconf 77' lang='lat' dir='ltr'><strong>v.</strong></span> <span class='ocrx_word' id='word_1_391' title='bbox 2276 1860 2381 1906; x_wconf 88' lang='lat' dir='ltr'><strong>sup.</strong></span> <span class='ocrx_word' id='word_1_392' title='bbox 2402 1847 2463 1891; x_wconf 86' lang='lat' dir='ltr'><strong>ad</strong></span> <span class='ocrx_word' id='word_1_393' title='bbox 2487 1848 2543 1890; x_wconf 60' lang='lat' dir='ltr'><strong>v.</strong></span> <span class='ocrx_word' id='word_1_394' title='bbox 2557 1838 2638 1890; x_wconf 88' lang='grc'><strong>71.</strong></span> 
     </span>
    </p>
   </div>
   <div class='ocr_carea' id='block_1_13' title="bbox 1690 1905 2707 2361">
    <p class='ocr_par' dir='ltr' id='par_1_13' title="bbox 1690 1905 2707 2361">
     <span class='ocr_line' id='line_1_64' title="bbox 1759 1905 2700 1972; baseline -0.01 -12"><span class='ocrx_word' id='word_1_395' title='bbox 1759 1917 1837 1962; x_wconf 84' lang='grc'><strong>96.</strong></span> <span class='ocrx_word' id='word_1_396' title='bbox 1868 1915 1996 1963; x_wconf 78' lang='lat' dir='ltr'><strong>olim.</strong></span> <span class='ocrx_word' id='word_1_397' title='bbox 2024 1910 2129 1972; x_wconf 84' lang='lat' dir='ltr'><strong>jam</strong></span> <span class='ocrx_word' id='word_1_398' title='bbox 2164 1914 2370 1967; x_wconf 83' lang='lat' dir='ltr'><strong>dudum,</strong></span> <span class='ocrx_word' id='word_1_399' title='bbox 2393 1917 2449 1955; x_wconf 89' lang='lat' dir='ltr'><strong>ut</strong></span> <span class='ocrx_word' id='word_1_400' title='bbox 2474 1909 2566 1954; x_wconf 87' lang='lat' dir='ltr'><strong>Vl.</strong></span> <span class='ocrx_word' id='word_1_401' title='bbox 2589 1905 2700 1957; x_wconf 74' lang='lat'><strong>346.</strong></span> 
     </span>
     <span class='ocr_line' id='line_1_65' title="bbox 1692 1977 2703 2027; baseline -0.012 0"><span class='ocrx_word' id='word_1_402' title='bbox 1692 1987 1741 2027; x_wconf 86' lang='lat' dir='ltr'><strong>et</strong></span> <span class='ocrx_word' id='word_1_403' title='bbox 1762 1981 1823 2025; x_wconf 83' lang='lat' dir='ltr'><strong>al.</strong></span> <span class='ocrx_word' id='word_1_404' title='bbox 1889 1978 1968 2025; x_wconf 89' lang='grc'><strong>97.</strong></span> <span class='ocrx_word' id='word_1_405' title='bbox 1991 1978 2186 2022; x_wconf 82' lang='lat' dir='ltr'><strong>Perraro</strong></span> <span class='ocrx_word' id='word_1_406' title='bbox 2207 1977 2387 2021; x_wconf 87' lang='lat' dir='ltr'><strong>nobiles</strong></span> <span class='ocrx_word' id='word_1_407' title='bbox 2403 1980 2703 2018; x_wconf 87' lang='lat' dir='ltr'><strong>senectutem</strong></span> 
     </span>
     <span class='ocr_line' id='line_1_66' title="bbox 1695 2034 2705 2103; baseline -0.013 -12"><span class='ocrx_word' id='word_1_408' title='bbox 1695 2045 2025 2103; x_wconf 79' lang='lat' dir='ltr'><strong>adipiscuntur</strong></span> <span class='ocrx_word' id='word_1_409' title='bbox 2039 2041 2355 2100; x_wconf 17' lang='lat' dir='ltr'><strong>regnantibus*</strong></span> <span class='ocrx_word' id='word_1_410' title='bbox 2369 2046 2387 2081; x_wconf 87' lang='lat' dir='ltr'><strong>t</strong></span> <span class='ocrx_word' id='word_1_411' title='bbox 2423 2037 2607 2088; x_wconf 88' lang='lat' dir='ltr'><strong>rannis,</strong></span> <span class='ocrx_word' id='word_1_412' title='bbox 2623 2034 2705 2094; x_wconf 86' lang='lat' dir='ltr'><strong>qui</strong></span> 
     </span>
     <span class='ocr_line' id='line_1_67' title="bbox 1697 2101 2707 2155; baseline -0.011 -1"><span class='ocrx_word' id='word_1_413' title='bbox 1697 2110 1837 2155; x_wconf 83' lang='lat' dir='ltr'><strong>bonis</strong></span> <span class='ocrx_word' id='word_1_414' title='bbox 1868 2119 2050 2153; x_wconf 85' lang='lat' dir='ltr'><strong>eornm.</strong></span> <span class='ocrx_word' id='word_1_415' title='bbox 2071 2106 2260 2150; x_wconf 86' lang='lat' dir='ltr'><strong>inhiant</strong></span> <span class='ocrx_word' id='word_1_416' title='bbox 2281 2109 2328 2149; x_wconf 87' lang='lat' dir='ltr'><strong>et</strong></span> <span class='ocrx_word' id='word_1_417' title='bbox 2351 2103 2383 2147; x_wconf 89' lang='lat' dir='ltr'><strong>h</strong></span> <span class='ocrx_word' id='word_1_418' title='bbox 2404 2115 2466 2146; x_wconf 89' lang='lat' dir='ltr'><strong>nc</strong></span> <span class='ocrx_word' id='word_1_419' title='bbox 2487 2101 2598 2148; x_wconf 88' lang='lat' dir='ltr'><strong>illos</strong></span> <span class='ocrx_word' id='word_1_420' title='bbox 2632 2101 2707 2144; x_wconf 88' lang='lat' dir='ltr'><strong>in-</strong></span> 
     </span>
     <span class='ocr_line' id='line_1_68' title="bbox 1698 2162 2706 2228; baseline -0.008 -11"><span class='ocrx_word' id='word_1_421' title='bbox 1698 2172 1920 2218; x_wconf 88' lang='lat' dir='ltr'><strong>terimere</strong></span> <span class='ocrx_word' id='word_1_422' title='bbox 1962 2170 2131 2214; x_wconf 63' lang='lat' dir='ltr'><strong>solent.</strong></span> <span class='ocrx_word' id='word_1_423' title='bbox 2197 2168 2273 2214; x_wconf 86' lang='lat'><strong>98.</strong></span> <span class='ocrx_word' id='word_1_424' title='bbox 2299 2162 2595 2228; x_wconf 63' lang='lat' dir='ltr'><strong>frater-catus</strong></span> <span class='ocrx_word' id='word_1_425' title='bbox 2625 2167 2706 2224; x_wconf 78' lang='lat' dir='ltr'><strong>gi·-</strong></span> 
     </span>
     <span class='ocr_line' id='line_1_69' title="bbox 1690 2223 2704 2296; baseline -0.01 -14"><span class='ocrx_word' id='word_1_426' title='bbox 1690 2240 1910 2296; x_wconf 79' lang='lat' dir='ltr'><strong>gcmtum,</strong></span> <span class='ocrx_word' id='word_1_427' title='bbox 1933 2235 2013 2287; x_wconf 87' lang='lat' dir='ltr'><strong>(al.</strong></span> <span class='ocrx_word' id='word_1_428' title='bbox 2030 2233 2261 2292; x_wconf 74' lang='lat' dir='ltr'><strong>gigantis,</strong></span> <span class='ocrx_word' id='word_1_429' title='bbox 2280 2223 2704 2295; x_wconf 29' lang='lat' dir='ltr'><strong>paritauctoritate)</strong></span> 
     </span>
     <span class='ocr_line' id='line_1_70' title="bbox 1697 2292 2706 2361; baseline -0.012 -14"><span class='ocrx_word' id='word_1_430' title='bbox 1697 2300 1940 2361; x_wconf 82' lang='lat' dir='ltr'><strong>ignobilis,</strong></span> <span class='ocrx_word' id='word_1_431' title='bbox 1962 2300 2211 2351; x_wconf 84' lang='lat' dir='ltr'><strong>obscurus,</strong></span> <span class='ocrx_word' id='word_1_432' title='bbox 2235 2306 2290 2342; x_wconf 91' lang='lat' dir='ltr'><strong>ut</strong></span> <span class='ocrx_word' id='word_1_433' title='bbox 2312 2297 2376 2342; x_wconf 75' lang='lat' dir='ltr'><strong>al.</strong></span> <span class='ocrx_word' id='word_1_434' title='bbox 2398 2298 2539 2348; x_wconf 61' lang='grc' dir='ltr'><strong>ίαν-α’</strong></span> <span class='ocrx_word' id='word_1_435' title='bbox 2551 2292 2706 2350; x_wconf 65' lang='lat' dir='ltr'><strong>flius,</strong></span> 
     </span>
    </p>
   </div>
   <div class='ocr_carea' id='block_1_14' title="bbox 1689 2355 2706 2426">
    <p class='ocr_par' dir='ltr' id='par_1_14' title="bbox 1689 2355 2706 2426">
     <span class='ocr_line' id='line_1_71' title="bbox 1689 2355 2706 2426; baseline -0.01 -16"><span class='ocrx_word' id='word_1_436' title='bbox 1689 2364 1933 2426; x_wconf 76' lang='lat' dir='ltr'><strong>progenies</strong></span> <span class='ocrx_word' id='word_1_437' title='bbox 1945 2367 2096 2414; x_wconf 80' lang='lat' dir='ltr'><strong>terrae,</strong></span> <span class='ocrx_word' id='word_1_438' title='bbox 2113 2365 2233 2406; x_wconf 76' lang='lat' dir='ltr'><strong>terra</strong></span> <span class='ocrx_word' id='word_1_439' title='bbox 2246 2362 2390 2414; x_wconf 76' lang='lat' dir='ltr'><strong>ortus,</strong></span> <span class='ocrx_word' id='word_1_440' title='bbox 2406 2355 2621 2418; x_wconf 67' lang='grc' dir='ltr'><strong>γηγενὴς,</strong></span> <span class='ocrx_word' id='word_1_441' title='bbox 2635 2369 2706 2400; x_wconf 74' lang='lat' dir='ltr'><strong>em</strong></span> 
     </span>
    </p>
   </div>
   <div class='ocr_carea' id='block_1_15' title="bbox 1696 2424 2735 4411">
    <p class='ocr_par' dir='ltr' id='par_1_15' title="bbox 1696 2424 2728 3383">
     <span class='ocr_line' id='line_1_72' title="bbox 1697 2424 2707 2482; baseline -0.012 -5"><span class='ocrx_word' id='word_1_442' title='bbox 1697 2427 1982 2477; x_wconf 73' lang='lat' dir='ltr'><strong>Erdcmohn.</strong></span> <span class='ocrx_word' id='word_1_443' title='bbox 2040 2427 2114 2471; x_wconf 80' lang='lat' dir='ltr'><strong>lta</strong></span> <span class='ocrx_word' id='word_1_444' title='bbox 2136 2424 2228 2472; x_wconf 89' lang='lat' dir='ltr'><strong>dici</strong></span> <span class='ocrx_word' id='word_1_445' title='bbox 2247 2424 2485 2479; x_wconf 84' lang='lat' dir='ltr'><strong>solebant,</strong></span> <span class='ocrx_word' id='word_1_446' title='bbox 2499 2433 2707 2482; x_wconf 86' lang='lat' dir='ltr'><strong>quorum</strong></span> 
     </span>
     <span class='ocr_line' id='line_1_73' title="bbox 1698 2486 2706 2555; baseline -0.011 -15"><span class='ocrx_word' id='word_1_447' title='bbox 1698 2508 1851 2555; x_wconf 85' lang='lat' dir='ltr'><strong>genus</strong></span> <span class='ocrx_word' id='word_1_448' title='bbox 1868 2492 2190 2551; x_wconf 69' lang='lat' dir='ltr'><strong>ignorabatur.</strong></span> <span class='ocrx_word' id='word_1_449' title='bbox 2256 2489 2349 2535; x_wconf 84' lang='lat' dir='ltr'><strong>Sed</strong></span> <span class='ocrx_word' id='word_1_450' title='bbox 2366 2502 2451 2534; x_wconf 88' lang='lat' dir='ltr'><strong>cur</strong></span> <span class='ocrx_word' id='word_1_451' title='bbox 2476 2490 2527 2534; x_wconf 86' lang='lat' dir='ltr'><strong>h.</strong></span> <span class='ocrx_word' id='word_1_452' title='bbox 2550 2487 2582 2531; x_wconf 89' lang='lat'><strong>1.</strong></span> <span class='ocrx_word' id='word_1_453' title='bbox 2592 2486 2706 2547; x_wconf 83' lang='lat' dir='ltr'><strong>sra-</strong></span> 
     </span>
     <span class='ocr_line' id='line_1_74' title="bbox 1701 2549 2710 2610; baseline -0.01 -6"><span class='ocrx_word' id='word_1_454' title='bbox 1701 2557 1916 2610; x_wconf 75' lang='lat' dir='ltr'><strong>terculue‚</strong></span> <span class='ocrx_word' id='word_1_455' title='bbox 1940 2570 2035 2601; x_wconf 90' lang='lat' dir='ltr'><strong>non</strong></span> <span class='ocrx_word' id='word_1_456' title='bbox 2059 2555 2206 2599; x_wconf 83' lang='lat' dir='ltr'><strong>frater</strong></span> <span class='ocrx_word' id='word_1_457' title='bbox 2219 2556 2242 2601; x_wconf 71' lang='grc' dir='ltr'>Ρ</span> <span class='ocrx_word' id='word_1_458' title='bbox 2274 2555 2451 2600; x_wconf 86' lang='lat' dir='ltr'><strong>Sensus</strong></span> <span class='ocrx_word' id='word_1_459' title='bbox 2466 2553 2594 2597; x_wconf 81' lang='lat' dir='ltr'><strong>forte</strong></span> <span class='ocrx_word' id='word_1_460' title='bbox 2610 2551 2660 2596; x_wconf 87' lang='lat' dir='ltr'><strong>h.</strong></span> <span class='ocrx_word' id='word_1_461' title='bbox 2676 2549 2710 2594; x_wconf 95' lang='grc'><strong>1.</strong></span> 
     </span>
     <span class='ocr_line' id='line_1_75' title="bbox 1700 2614 2728 2678; baseline -0.008 -10"><span class='ocrx_word' id='word_1_462' title='bbox 1700 2628 1802 2668; x_wconf 73' lang='lat' dir='ltr'><strong>este</strong></span> <span class='ocrx_word' id='word_1_463' title='bbox 1835 2620 2003 2665; x_wconf 88' lang='lat' dir='ltr'><strong>malim</strong></span> <span class='ocrx_word' id='word_1_464' title='bbox 2027 2619 2230 2678; x_wconf 86' lang='lat' dir='ltr'><strong>pumilio</strong></span> <span class='ocrx_word' id='word_1_465' title='bbox 2252 2631 2355 2664; x_wconf 84' lang='lat' dir='ltr'><strong>esse</strong></span> <span class='ocrx_word' id='word_1_466' title='bbox 2377 2629 2528 2675; x_wconf 88' lang='lat' dir='ltr'><strong>quam</strong></span> <span class='ocrx_word' id='word_1_467' title='bbox 2551 2614 2728 2674; x_wconf 73' lang='lat' dir='ltr'><strong>gigas,¹</strong></span> 
     </span>
     <span class='ocr_line' id='line_1_76' title="bbox 1701 2675 2709 2739; baseline -0.011 -8"><span class='ocrx_word' id='word_1_468' title='bbox 1701 2687 1751 2731; x_wconf 82' lang='lat' dir='ltr'><strong>h.</strong></span> <span class='ocrx_word' id='word_1_469' title='bbox 1794 2699 1837 2730; x_wconf 93' lang='lat' dir='ltr'><strong>e.</strong></span> <span class='ocrx_word' id='word_1_470' title='bbox 1880 2685 2028 2736; x_wconf 84' lang='lat' dir='ltr'><strong>homo</strong></span> <span class='ocrx_word' id='word_1_471' title='bbox 2078 2683 2309 2729; x_wconf 82' lang='lat' dir='ltr'><strong>obscurus</strong></span> <span class='ocrx_word' id='word_1_472' title='bbox 2356 2681 2409 2734; x_wconf 51' lang='lat' dir='ltr'><strong>¹et&#39;</strong></span> <span class='ocrx_word' id='word_1_473' title='bbox 2463 2675 2709 2739; x_wconf 72' lang='lat' dir='ltr'><strong>ignobilis,</strong></span> 
     </span>
     <span class='ocr_line' id='line_1_77' title="bbox 1700 2741 2721 2809; baseline -0.01 -13"><span class='ocrx_word' id='word_1_474' title='bbox 1700 2762 1848 2809; x_wconf 84' lang='lat' dir='ltr'><strong>quam</strong></span> <span class='ocrx_word' id='word_1_475' title='bbox 1886 2748 2076 2794; x_wconf 87' lang='lat' dir='ltr'><strong>nobilis.</strong></span> <span class='ocrx_word' id='word_1_476' title='bbox 2139 2747 2207 2792; x_wconf 90' lang='lat' dir='ltr'><strong>At</strong></span> <span class='ocrx_word' id='word_1_477' title='bbox 2243 2748 2326 2793; x_wconf 82' lang='lat' dir='ltr'><strong>vix</strong></span> <span class='ocrx_word' id='word_1_478' title='bbox 2363 2745 2553 2797; x_wconf 88' lang='lat' dir='ltr'><strong>dubito,</strong></span> <span class='ocrx_word' id='word_1_479' title='bbox 2592 2741 2721 2801; x_wconf 88' lang='lat' dir='ltr'><strong>quin&#39;</strong></span> 
     </span>
     <span class='ocr_line' id='line_1_78' title="bbox 1700 2808 2712 2874; baseline -0.007 -16"><span class='ocrx_word' id='word_1_480' title='bbox 1700 2819 1840 2874; x_wconf 88' lang='lat' dir='ltr'><strong>poeta</strong></span> <span class='ocrx_word' id='word_1_481' title='bbox 1855 2812 2164 2871; x_wconf 80' lang='lat' dir='ltr'><strong>scripserit‚ut</strong></span> <span class='ocrx_word' id='word_1_482' title='bbox 2173 2812 2313 2856; x_wconf 78' lang='lat' dir='ltr'><strong>nolim</strong></span> <span class='ocrx_word' id='word_1_483' title='bbox 2312 2808 2614 2869; x_wconf 65' lang='lat' dir='ltr'><strong>fraterculus</strong></span> <span class='ocrx_word' id='word_1_484' title='bbox 2621 2818 2712 2852; x_wconf 75' lang='lat' dir='ltr'><strong>cue</strong></span> 
     </span>
     <span class='ocr_line' id='line_1_79' title="bbox 1696 2871 2710 2938; baseline -0.007 -16"><span class='ocrx_word' id='word_1_485' title='bbox 1696 2878 1930 2938; x_wconf 73' lang='lat' dir='ltr'><strong>gigantis,</strong></span> <span class='ocrx_word' id='word_1_486' title='bbox 1966 2877 2015 2921; x_wconf 88' lang='lat' dir='ltr'><strong>h.</strong></span> <span class='ocrx_word' id='word_1_487' title='bbox 2049 2890 2094 2921; x_wconf 88' lang='lat' dir='ltr'><strong>e.</strong></span> <span class='ocrx_word' id='word_1_488' title='bbox 2126 2876 2313 2921; x_wconf 87' lang='lat' dir='ltr'><strong>amicus</strong></span> <span class='ocrx_word' id='word_1_489' title='bbox 2348 2872 2578 2930; x_wconf 80' lang='lat' dir='ltr'><strong>Caesaris,</strong></span> <span class='ocrx_word' id='word_1_490' title='bbox 2609 2871 2710 2917; x_wconf 78' lang='lat' dir='ltr'><strong>scii.</strong></span> 
     </span>
     <span class='ocr_line' id='line_1_80' title="bbox 1704 2935 2711 3001; baseline -0.007 -15"><span class='ocrx_word' id='word_1_491' title='bbox 1704 2947 1896 3001; x_wconf 82' lang='lat' dir='ltr'><strong>propter</strong></span> <span class='ocrx_word' id='word_1_492' title='bbox 1918 2940 2215 2985; x_wconf 85' lang='lat' dir='ltr'><strong>nobilitatem</strong></span> <span class='ocrx_word' id='word_1_493' title='bbox 2240 2944 2291 2984; x_wconf 89' lang='lat' dir='ltr'><strong>et</strong></span> <span class='ocrx_word' id='word_1_494' title='bbox 2306 2937 2619 2997; x_wconf 70' lang='lat' dir='ltr'><strong>potissimum</strong></span> <span class='ocrx_word' id='word_1_495' title='bbox 2641 2935 2711 2980; x_wconf 89' lang='lat' dir='ltr'><strong>di·</strong></span> 
     </span>
     <span class='ocr_line' id='line_1_81' title="bbox 1705 3000 2710 3064; baseline -0.007 -14"><span class='ocrx_word' id='word_1_496' title='bbox 1705 3006 1864 3059; x_wconf 81' lang='lat' dir='ltr'><strong>vitias,</strong></span> <span class='ocrx_word' id='word_1_497' title='bbox 1887 3005 2062 3064; x_wconf 86' lang='lat' dir='ltr'><strong>quibus</strong></span> <span class='ocrx_word' id='word_1_498' title='bbox 2082 3002 2163 3049; x_wconf 85' lang='lat' dir='ltr'><strong>hic</strong></span> <span class='ocrx_word' id='word_1_499' title='bbox 2192 3003 2364 3049; x_wconf 81' lang='lat' dir='ltr'><strong>inhiat.</strong></span> <span class='ocrx_word' id='word_1_500' title='bbox 2411 3001 2490 3047; x_wconf 78' lang='lat' dir='ltr'><strong>Cf.</strong></span> <span class='ocrx_word' id='word_1_501' title='bbox 2509 3000 2710 3046; x_wconf 81' lang='lat' dir='ltr'><strong>omnino</strong></span> 
     </span>
     <span class='ocr_line' id='line_1_82' title="bbox 1705 3065 2711 3134; baseline -0.007 -19"><span class='ocrx_word' id='word_1_502' title='bbox 1705 3071 1768 3115; x_wconf 87' lang='lat' dir='ltr'><strong>ad</strong></span> <span class='ocrx_word' id='word_1_503' title='bbox 1791 3070 1850 3134; x_wconf 75' lang='lat' dir='ltr'><strong>V.</strong></span> <span class='ocrx_word' id='word_1_504' title='bbox 1872 3068 1983 3115; x_wconf 81' lang='lat'><strong>135.</strong></span> <span class='ocrx_word' id='word_1_505' title='bbox 2006 3082 2104 3127; x_wconf 86' lang='lat' dir='ltr'><strong>seq.</strong></span> <span class='ocrx_word' id='word_1_506' title='bbox 2173 3068 2328 3113; x_wconf 87' lang='lat' dir='ltr'><strong>Itaet</strong></span> <span class='ocrx_word' id='word_1_507' title='bbox 2360 3065 2711 3112; x_wconf 87' lang='lat' dir='ltr'><strong>diminutivum</strong></span> 
     </span>
     <span class='ocr_line' id='line_1_83' title="bbox 1706 3130 2715 3192; baseline -0.005 -15"><span class='ocrx_word' id='word_1_508' title='bbox 1706 3142 1780 3179; x_wconf 89' lang='lat' dir='ltr'><strong>est</strong></span> <span class='ocrx_word' id='word_1_509' title='bbox 1802 3133 2128 3192; x_wconf 85' lang='lat' dir='ltr'><strong>aptissimum,</strong></span> <span class='ocrx_word' id='word_1_510' title='bbox 2151 3132 2382 3190; x_wconf 82' lang='lat' dir='ltr'><strong>quoniam</strong></span> <span class='ocrx_word' id='word_1_511' title='bbox 2405 3132 2466 3175; x_wconf 88' lang='lat' dir='ltr'><strong>de</strong></span> <span class='ocrx_word' id='word_1_512' title='bbox 2492 3130 2715 3189; x_wconf 73' lang='lat' dir='ltr'><strong>gigante,</strong></span> 
     </span>
     <span class='ocr_line' id='line_1_84' title="bbox 1709 3192 2718 3257; baseline -0.007 -13"><span class='ocrx_word' id='word_1_513' title='bbox 1709 3199 1914 3251; x_wconf 82' lang='lat' dir='ltr'><strong>Coesare,</strong></span> <span class='ocrx_word' id='word_1_514' title='bbox 1937 3197 2115 3257; x_wconf 80' lang='lat' dir='ltr'><strong>agitur,</strong></span> <span class='ocrx_word' id='word_1_515' title='bbox 2135 3202 2185 3241; x_wconf 88' lang='lat' dir='ltr'><strong>et</strong></span> <span class='ocrx_word' id='word_1_516' title='bbox 2207 3195 2446 3241; x_wconf 84' lang='lat' dir='ltr'><strong>sententia</strong></span> <span class='ocrx_word' id='word_1_517' title='bbox 2468 3200 2579 3239; x_wconf 88' lang='lat' dir='ltr'><strong>tum</strong></span> <span class='ocrx_word' id='word_1_518' title='bbox 2603 3192 2718 3239; x_wconf 84' lang='lat' dir='ltr'><strong>sati·</strong></span> 
     </span>
     <span class='ocr_line' id='line_1_85' title="bbox 1708 3257 2714 3321; baseline -0.006 -13"><span class='ocrx_word' id='word_1_519' title='bbox 1708 3263 1807 3309; x_wconf 86' lang='lat' dir='ltr'><strong>rico</strong></span> <span class='ocrx_word' id='word_1_520' title='bbox 1829 3262 2021 3321; x_wconf 81' lang='lat' dir='ltr'><strong>ingenio</strong></span> <span class='ocrx_word' id='word_1_521' title='bbox 2040 3259 2379 3314; x_wconf 80' lang='lat' dir='ltr'><strong>consentanea,</strong></span> <span class='ocrx_word' id='word_1_522' title='bbox 2399 3265 2507 3304; x_wconf 87' lang='lat' dir='ltr'><strong>tum</strong></span> <span class='ocrx_word' id='word_1_523' title='bbox 2531 3257 2580 3303; x_wconf 89' lang='lat' dir='ltr'><strong>ei</strong></span> <span class='ocrx_word' id='word_1_524' title='bbox 2600 3270 2714 3304; x_wconf 86' lang='lat' dir='ltr'><strong>con·</strong></span> 
     </span>
     <span class='ocr_line' id='line_1_86' title="bbox 1709 3328 2529 3383; baseline -0.006 -12"><span class='ocrx_word' id='word_1_525' title='bbox 1709 3328 1958 3372; x_wconf 87' lang='lat' dir='ltr'><strong>venienter</strong></span> <span class='ocrx_word' id='word_1_526' title='bbox 1977 3337 2216 3383; x_wconf 81' lang='lat' dir='ltr'><strong>expressa.</strong></span> <span class='ocrx_word' id='word_1_527' title='bbox 2522 3368 2529 3372; x_wconf 69' lang='grc'><strong>,</strong></span> 
     </span>
    </p>

    <p class='ocr_par' dir='ltr' id='par_1_16' title="bbox 1699 3385 2735 4411">
     <span class='ocr_line' id='line_1_87' title="bbox 1773 3385 2719 3449; baseline -0.005 -13"><span class='ocrx_word' id='word_1_528' title='bbox 1773 3390 1854 3437; x_wconf 89' lang='grc'><strong>99.</strong></span> <span class='ocrx_word' id='word_1_529' title='bbox 1887 3404 1987 3449; x_wconf 85' lang='lat' dir='ltr'><strong>seq.</strong></span> <span class='ocrx_word' id='word_1_530' title='bbox 2019 3389 2095 3435; x_wconf 83' lang='lat' dir='ltr'><strong>ef.</strong></span> <span class='ocrx_word' id='word_1_531' title='bbox 2125 3390 2187 3434; x_wconf 88' lang='lat' dir='ltr'><strong>ad</strong></span> <span class='ocrx_word' id='word_1_532' title='bbox 2215 3403 2262 3434; x_wconf 85' lang='lat' dir='ltr'><strong>v.</strong></span> <span class='ocrx_word' id='word_1_533' title='bbox 2296 3387 2378 3433; x_wconf 70' lang='lat'><strong>94.</strong></span> <span class='ocrx_word' id='word_1_534' title='bbox 2412 3400 2517 3445; x_wconf 76' lang='lat' dir='ltr'><strong>seq.</strong></span> <span class='ocrx_word' id='word_1_535' title='bbox 2550 3385 2719 3432; x_wconf 73' lang='lat' dir='ltr'><strong>misero</strong></span> 
     </span>
     <span class='ocr_line' id='line_1_88' title="bbox 1699 3450 2718 3516; baseline -0.006 -16"><span class='ocrx_word' id='word_1_536' title='bbox 1699 3450 1890 3516; x_wconf 85' lang='lat' dir='ltr'><strong>juveni,</strong></span> <span class='ocrx_word' id='word_1_537' title='bbox 1916 3454 2070 3499; x_wconf 87' lang='lat' dir='ltr'><strong>Acilio</strong></span> <span class='ocrx_word' id='word_1_538' title='bbox 2092 3453 2357 3506; x_wconf 87' lang='lat' dir='ltr'><strong>Glabrioni,</strong></span> <span class='ocrx_word' id='word_1_539' title='bbox 2380 3451 2464 3510; x_wconf 88' lang='lat' dir='ltr'><strong>qui</strong></span> <span class='ocrx_word' id='word_1_540' title='bbox 2491 3452 2546 3496; x_wconf 89' lang='lat' dir='ltr'><strong>in</strong></span> <span class='ocrx_word' id='word_1_541' title='bbox 2574 3462 2718 3496; x_wconf 82' lang='lat' dir='ltr'><strong>arena</strong></span> 
     </span>
     <span class='ocr_line' id='line_1_89' title="bbox 1707 3514 2721 3578; baseline -0.006 -14"><span class='ocrx_word' id='word_1_542' title='bbox 1707 3518 1911 3578; x_wconf 67' lang='lat' dir='ltr'><strong>Albana,</strong></span> <span class='ocrx_word' id='word_1_543' title='bbox 1931 3520 1983 3564; x_wconf 91' lang='lat' dir='ltr'><strong>h.</strong></span> <span class='ocrx_word' id='word_1_544' title='bbox 2002 3532 2045 3564; x_wconf 88' lang='lat' dir='ltr'><strong>e.</strong></span> <span class='ocrx_word' id='word_1_545' title='bbox 2067 3516 2429 3575; x_wconf 83' lang='lat' dir='ltr'><strong>amphitheatri,</strong></span> <span class='ocrx_word' id='word_1_546' title='bbox 2451 3515 2502 3560; x_wconf 89' lang='lat' dir='ltr'><strong>in</strong></span> <span class='ocrx_word' id='word_1_547' title='bbox 2527 3514 2721 3561; x_wconf 73' lang='lat' dir='ltr'><strong>Albano</strong></span> 
     </span>
     <span class='ocr_line' id='line_1_90' title="bbox 1711 3578 2722 3644; baseline -0.005 -16"><span class='ocrx_word' id='word_1_548' title='bbox 1711 3582 1779 3644; x_wconf 87' lang='lat' dir='ltr'><strong>(v.</strong></span> <span class='ocrx_word' id='word_1_549' title='bbox 1799 3596 1905 3641; x_wconf 83' lang='lat' dir='ltr'><strong>sup.</strong></span> <span class='ocrx_word' id='word_1_550' title='bbox 1929 3584 1990 3628; x_wconf 88' lang='lat' dir='ltr'><strong>ad</strong></span> <span class='ocrx_word' id='word_1_551' title='bbox 2012 3596 2059 3628; x_wconf 87' lang='lat' dir='ltr'><strong>v.</strong></span> <span class='ocrx_word' id='word_1_552' title='bbox 2080 3581 2180 3637; x_wconf 93' lang='grc'><strong>60.)</strong></span> <span class='ocrx_word' id='word_1_553' title='bbox 2201 3580 2454 3637; x_wconf 80' lang='lat' dir='ltr'><strong>exstructi,</strong></span> <span class='ocrx_word' id='word_1_554' title='bbox 2470 3592 2587 3625; x_wconf 88' lang='lat' dir='ltr'><strong>cum</strong></span> <span class='ocrx_word' id='word_1_555' title='bbox 2604 3578 2722 3624; x_wconf 76' lang='lat' dir='ltr'><strong>feris</strong></span> 
     </span>
     <span class='ocr_line' id='line_1_91' title="bbox 1712 3643 2720 3707; baseline -0.007 -14"><span class='ocrx_word' id='word_1_556' title='bbox 1712 3648 1975 3707; x_wconf 78' lang='lat' dir='ltr'><strong>pugnabat,</strong></span> <span class='ocrx_word' id='word_1_557' title='bbox 1998 3651 2053 3692; x_wconf 88' lang='lat' dir='ltr'><strong>ut</strong></span> <span class='ocrx_word' id='word_1_558' title='bbox 2074 3646 2142 3689; x_wconf 88' lang='lat' dir='ltr'><strong>ita</strong></span> <span class='ocrx_word' id='word_1_559' title='bbox 2163 3659 2214 3691; x_wconf 90' lang='lat' dir='ltr'><strong>se</strong></span> <span class='ocrx_word' id='word_1_560' title='bbox 2233 3644 2502 3689; x_wconf 85' lang='lat' dir='ltr'><strong>insinuaret</strong></span> <span class='ocrx_word' id='word_1_561' title='bbox 2532 3643 2587 3687; x_wconf 89' lang='lat' dir='ltr'><strong>in</strong></span> <span class='ocrx_word' id='word_1_562' title='bbox 2608 3657 2720 3702; x_wconf 83' lang='lat' dir='ltr'><strong>gra-</strong></span> 
     </span>
     <span class='ocr_line' id='line_1_92' title="bbox 1711 3704 2723 3767; baseline -0.001 -12"><span class='ocrx_word' id='word_1_563' title='bbox 1711 3711 1830 3756; x_wconf 88' lang='lat' dir='ltr'><strong>tiam</strong></span> <span class='ocrx_word' id='word_1_564' title='bbox 1847 3709 2130 3766; x_wconf 83' lang='lat' dir='ltr'><strong>Domitiani,</strong></span> <span class='ocrx_word' id='word_1_565' title='bbox 2141 3709 2227 3761; x_wconf 82' lang='lat' dir='ltr'><strong>(cf.</strong></span> <span class='ocrx_word' id='word_1_566' title='bbox 2245 3708 2288 3754; x_wconf 89' lang='lat'><strong>1.</strong></span> <span class='ocrx_word' id='word_1_567' title='bbox 2301 3707 2380 3754; x_wconf 76' lang='lat'><strong>22.</strong></span> <span class='ocrx_word' id='word_1_568' title='bbox 2399 3721 2498 3767; x_wconf 88' lang='lat' dir='ltr'><strong>seq.</strong></span> <span class='ocrx_word' id='word_1_569' title='bbox 2518 3706 2591 3752; x_wconf 89' lang='lat'><strong>11.</strong></span> <span class='ocrx_word' id='word_1_570' title='bbox 2611 3704 2723 3754; x_wconf 79' lang='lat'><strong>143.</strong></span> 
     </span>
     <span class='ocr_line' id='line_1_93' title="bbox 1711 3771 2721 3894; baseline -0.005 -10"><span class='ocrx_word' id='word_1_571' title='bbox 1711 3772 2126 3884; x_wconf 51' lang='lat' dir='ltr'><strong>i‘ffifflssffi</strong></span> <span class='ocrx_word' id='word_1_572' title='bbox 2141 3772 2375 3882; x_wconf 50' lang='grc' dir='ltr'><strong>’ἐξὲξ</strong></span> <span class='ocrx_word' id='word_1_573' title='bbox 2396 3775 2534 3894; x_wconf 59' lang='grc' dir='ltr'><strong>ῗέἒ.</strong></span> <span class='ocrx_word' id='word_1_574' title='bbox 2551 3771 2721 3881; x_wconf 69' lang='grc' dir='ltr'><strong>““.“’ἐ.ἱ“</strong></span> 
     </span>
     <span class='ocr_line' id='line_1_94' title="bbox 1712 3901 2720 3960; baseline -0.003 -13"><span class='ocrx_word' id='word_1_575' title='bbox 1712 3903 1867 3947; x_wconf 77' lang='lat' dir='ltr'><strong>tiones</strong></span> <span class='ocrx_word' id='word_1_576' title='bbox 1884 3904 2072 3956; x_wconf 83' lang='lat' dir='ltr'><strong>edebat,</strong></span> <span class='ocrx_word' id='word_1_577' title='bbox 2088 3906 2138 3947; x_wconf 87' lang='lat' dir='ltr'><strong>et</strong></span> <span class='ocrx_word' id='word_1_578' title='bbox 2152 3901 2256 3960; x_wconf 83' lang='lat' dir='ltr'><strong>ipse</strong></span> <span class='ocrx_word' id='word_1_579' title='bbox 2273 3912 2468 3946; x_wconf 79' lang='lat' dir='ltr'><strong>summa</strong></span> <span class='ocrx_word' id='word_1_580' title='bbox 2482 3905 2590 3945; x_wconf 86' lang='lat' dir='ltr'><strong>arte</strong></span> <span class='ocrx_word' id='word_1_581' title='bbox 2604 3912 2720 3945; x_wconf 87' lang='lat' dir='ltr'><strong>con-</strong></span> 
     </span>
     <span class='ocr_line' id='line_1_95' title="bbox 1714 3961 2725 4013; baseline -0.007 -1"><span class='ocrx_word' id='word_1_582' title='bbox 1714 3967 1902 4013; x_wconf 77' lang='lat' dir='ltr'><strong>ficiebat</strong></span> <span class='ocrx_word' id='word_1_583' title='bbox 1916 3967 2059 4013; x_wconf 74' lang='lat' dir='ltr'><strong>feras.</strong></span> <span class='ocrx_word' id='word_1_584' title='bbox 2075 3980 2121 4011; x_wconf 86' lang='lat' dir='ltr'><strong>v.</strong></span> <span class='ocrx_word' id='word_1_585' title='bbox 2142 3964 2274 4011; x_wconf 90' lang='lat' dir='ltr'><strong>Suet.</strong></span> <span class='ocrx_word' id='word_1_586' title='bbox 2292 3964 2438 4009; x_wconf 89' lang='lat' dir='ltr'><strong>Dom.</strong></span> <span class='ocrx_word' id='word_1_587' title='bbox 2451 3961 2560 4009; x_wconf 75' lang='lat' dir='ltr'><strong>c.&#39;4.</strong></span> <span class='ocrx_word' id='word_1_588' title='bbox 2573 3970 2626 4008; x_wconf 87' lang='lat' dir='ltr'><strong>et</strong></span> <span class='ocrx_word' id='word_1_589' title='bbox 2645 3961 2725 4007; x_wconf 84' lang='lat'><strong>19.</strong></span> 
     </span>
     <span class='ocr_line' id='line_1_96' title="bbox 1714 4027 2722 4083; baseline -0.004 -8"><span class='ocrx_word' id='word_1_590' title='bbox 1714 4029 1795 4077; x_wconf 91' lang='lat'><strong>99.</strong></span> <span class='ocrx_word' id='word_1_591' title='bbox 1822 4030 1966 4076; x_wconf 63' lang='lat' dir='ltr'><strong>Urias</strong></span> <span class='ocrx_word' id='word_1_592' title='bbox 1986 4028 2227 4075; x_wconf 75' lang='lat' dir='ltr'><strong>Numidae</strong></span> <span class='ocrx_word' id='word_1_593' title='bbox 2245 4030 2313 4081; x_wconf 88' lang='lat' dir='ltr'><strong>(h.</strong></span> <span class='ocrx_word' id='word_1_594' title='bbox 2338 4041 2383 4074; x_wconf 90' lang='lat' dir='ltr'><strong>e.</strong></span> <span class='ocrx_word' id='word_1_595' title='bbox 2407 4027 2722 4083; x_wconf 78' lang='lat' dir='ltr'><strong>Numidicos,</strong></span> 
     </span>
     <span class='ocr_line' id='line_1_97' title="bbox 1714 4091 2718 4153; baseline -0.005 -13"><span class='ocrx_word' id='word_1_596' title='bbox 1714 4095 1775 4140; x_wconf 84' lang='lat' dir='ltr'><strong>de</strong></span> <span class='ocrx_word' id='word_1_597' title='bbox 1805 4107 1902 4153; x_wconf 87' lang='lat' dir='ltr'><strong>quo</strong></span> <span class='ocrx_word' id='word_1_598' title='bbox 1929 4108 1976 4139; x_wconf 88' lang='lat' dir='ltr'><strong>v.</strong></span> <span class='ocrx_word' id='word_1_599' title='bbox 2013 4094 2181 4140; x_wconf 83' lang='lat' dir='ltr'><strong>Heius.</strong></span> <span class='ocrx_word' id='word_1_600' title='bbox 2212 4094 2273 4139; x_wconf 84' lang='lat' dir='ltr'><strong>ad</strong></span> <span class='ocrx_word' id='word_1_601' title='bbox 2307 4091 2449 4137; x_wconf 81' lang='lat' dir='ltr'><strong>ovid.</strong></span> <span class='ocrx_word' id='word_1_602' title='bbox 2473 4091 2534 4137; x_wconf 76' lang='lat' dir='ltr'><strong>A.</strong></span> <span class='ocrx_word' id='word_1_603' title='bbox 2559 4091 2624 4137; x_wconf 79' lang='lat' dir='ltr'><strong>A.</strong></span> <span class='ocrx_word' id='word_1_604' title='bbox 2647 4091 2718 4136; x_wconf 90' lang='lat'><strong>11.</strong></span> 
     </span>
     <span class='ocr_line' id='line_1_98' title="bbox 1718 4155 2723 4219; baseline -0.002 -16"><span class='ocrx_word' id='word_1_605' title='bbox 1718 4155 1849 4219; x_wconf 84' lang='lat'><strong>183.)</strong></span> <span class='ocrx_word' id='word_1_606' title='bbox 1861 4160 1935 4204; x_wconf 85' lang='lat' dir='ltr'><strong>vel</strong></span> <span class='ocrx_word' id='word_1_607' title='bbox 1952 4158 2140 4216; x_wconf 69' lang='lat' dir='ltr'><strong>Libycos</strong></span> <span class='ocrx_word' id='word_1_608' title='bbox 2155 4161 2429 4203; x_wconf 81' lang='lat' dir='ltr'><strong>memorant</strong></span> <span class='ocrx_word' id='word_1_609' title='bbox 2445 4155 2589 4215; x_wconf 79' lang='lat' dir='ltr'><strong>Virg.</strong></span> <span class='ocrx_word' id='word_1_610' title='bbox 2608 4157 2723 4202; x_wconf 82' lang='lat' dir='ltr'><strong>AEn.</strong></span> 
     </span>
     <span class='ocr_line' id='line_1_99' title="bbox 1717 4218 2735 4284; baseline -0.002 -18"><span class='ocrx_word' id='word_1_611' title='bbox 1717 4222 1783 4284; x_wconf 79' lang='lat' dir='ltr'><strong>V.</strong></span> <span class='ocrx_word' id='word_1_612' title='bbox 1805 4222 1887 4271; x_wconf 82' lang='grc'><strong>37.</strong></span> <span class='ocrx_word' id='word_1_613' title='bbox 1911 4223 2099 4279; x_wconf 82' lang='lat' dir='ltr'><strong>Strabo,</strong></span> <span class='ocrx_word' id='word_1_614' title='bbox 2121 4221 2402 4266; x_wconf 83' lang='lat' dir='ltr'><strong>Herodotus</strong></span> <span class='ocrx_word' id='word_1_615' title='bbox 2412 4227 2472 4265; x_wconf 84' lang='lat' dir='ltr'><strong>-et</strong></span> <span class='ocrx_word' id='word_1_616' title='bbox 2493 4220 2597 4265; x_wconf 79' lang='lat' dir='ltr'><strong>alii.</strong></span> <span class='ocrx_word' id='word_1_617' title='bbox 2620 4218 2735 4272; x_wconf 40' lang='lat' dir='ltr'><strong>Pii&lt;</strong></span> 
     </span>
     <span class='ocr_line' id='line_1_100' title="bbox 1718 4279 2718 4347; baseline -0.004 -16"><span class='ocrx_word' id='word_1_618' title='bbox 1718 4286 2054 4347; x_wconf 77' lang='lat' dir='ltr'><strong>nius··quidem</strong></span> <span class='ocrx_word' id='word_1_619' title='bbox 2089 4283 2350 4332; x_wconf 59' lang='lat' dir='ltr'><strong>vnum.</strong></span> <span class='ocrx_word' id='word_1_620' title='bbox 2384 4289 2520 4334; x_wconf 74' lang='lat' dir='ltr'><strong>extr.</strong></span> <span class='ocrx_word' id='word_1_621' title='bbox 2553 4279 2718 4344; x_wconf 34' lang='lat' dir='ltr'><strong>etssbss.</strong></span> 
     </span>
     <span class='ocr_line' id='line_1_101' title="bbox 1716 4340 2722 4411; baseline -0.002 -16"><span class='ocrx_word' id='word_1_622' title='bbox 1716 4355 1840 4396; x_wconf 80' lang='lat' dir='ltr'><strong>extr.</strong></span> <span class='ocrx_word' id='word_1_623' title='bbox 1856 4356 2016 4411; x_wconf 75' lang='lat' dir='ltr'><strong>negat,</strong></span> <span class='ocrx_word' id='word_1_624' title='bbox 2027 4363 2184 4408; x_wconf 83' lang='lat' dir='ltr'><strong>ursos,</strong></span> <span class='ocrx_word' id='word_1_625' title='bbox 2194 4349 2439 4409; x_wconf 69' lang='lat' dir='ltr'><strong>frigidiore</strong></span> <span class='ocrx_word' id='word_1_626' title='bbox 2450 4340 2596 4409; x_wconf 62' lang='lat' dir='ltr'><strong>plaga</strong></span> <span class='ocrx_word' id='word_1_627' title='bbox 2604 4359 2722 4409; x_wconf 66' lang='lat' dir='ltr'><strong>gau·</strong></span> 
     </span>
    </p>
   </div>
  </div>
 </body>
</html>
