2978 4920
1046 318 1484 389 SATIRA
1564 321 1678 383 VI.

2284 326 2409 397 111ss

411 491 682 557 Pulsari.
719 491 854 578 jam
872 488 1307 567 hemowtubas,
1338 511 1523 559 nemo
1552 512 1680 559 aera
1703 490 1959 579 fatiget:
2022 534 2023 541 κ

413 596 567 659 Una
594 593 908 659 labonanti
936 593 1172 679 poterit
1205 592 1580 662 subeat-rere
1609 593 1799 663 lunae.

507 694 768 782 Inponit
789 695 982 759 >finem
1014 693 1260 781 sapiens
1289 707 1354 759 et
1380 695 1575 761 rebus
1603 695 1898 763 honestis.

419 798 588 862 Nam
620 820 769 884 quae
800 796 989 861 docta
1015 795 1203 860 nimis
1232 797 1411 882 cupit
1441 808 1507 865 et
1537 797 1814 867 facunda
1841 799 2064 879 videri,

2290 805 2415 866 445

419 901 623 963 Crure
654 910 841 962 tenus
870 897 1078 968 rnedio
1109 897 1357 969 tunicas
1387 898 1759 983 subcingere
1789 898 2000 979 debet,

419 1002 681 1067 Caedere
713 1001 967 1065 Silvano
995 1024 1284 1088 porcum,
1315 1001 1674 1087 quadrante
1703 1003 1918 1073 lavari.

419 1106 567 1170 Non
596 1105 827 1169 habeat
850 1116 1158 1183 matrona,
1190 1105 1309 1170 tibi
1339 1128 1487 1190 quae
1509 1106 1739 1191 juncta
1765 1109 2098 1185 recumbit,

419 1203 689 1271 Dicendi
718 1228 944 1292 genuS,
974 1218 1088 1270 aut
1116 1217 1370 1277 curtum
1395 1228 1680 1275 sermone
1696 1219 1906 1275 rotato

329 1404 459 1451 leolo
490 1404 674 1459 mobili,
695 1417 792 1463 quo
825 1403 1208 1451 tintinnabulum
1231 1404 1339 1463 pul·

327 1476 487 1529 satur,
525 1482 603 1527 ap.
646 1469 819 1515 Horat.
855 1467 1007 1512 Serm.
1040 1468 1105 1514 11.
1133 1468 1193 1527 ‚3-
1228 1467 1345 1515 274.

329 1531 555 1593 sympos.
577 1534 795 1592 AEnigm.
821 1531 1053 1579 Lxxlx.
1085 1535 1145 1580 de
1170 1532 1339 1579 tintin-

331 1598 543 1644 nabulo:
591 1597 710 1643 AEre
748 1597 907 1656 rig-eur
946 1610 1087 1643 curvo
1122 1597 1341 1656 patulum

328 1674 570 1721 componor
595 1663 648 1706 in
680 1659 831 1706 orbem
849 1676 868 1714 ,-
901 1660 1089 1706 Mobilis
1119 1665 1187 1707 ert
1217 1662 1343 1706 intur

328 1725 508 1783 ling-nce
528 1725 797 1785 crepitantis
812 1725 967 1786 imago
978 1740 997 1781 ,·
1031 1724 1148 1771 Nou
1164 1727 1344 1770 resonat

320 1791 524 1849 μνὶίεκ,
561 1794 711 1849 motus
762 1803 936 1850 quoque
975 1803 1096 1848 repe
1115 1790 1345 1851 xresultat,

332 1853 467 1901 Hinc
479 1861 528 1903 et
538 1857 756 1913 tympana
770 1852 1035 1912 eloquentioe
1043 1854 1167 1905 dixit
1186 1853 1343 1905 Quin-

331 1918 408 1965 til.
427 1919 486 1964 V.
515 1917 591 1964 12.
608 1917 689 1966 21.
707 1924 754 1963 et
778 1915 1004 1978 eriperetur
1026 1919 1166 1980 φυσ”ν
1183 1919 1341 1965 'Phene

331 1983 435 2029 dor.
459 1983 510 2029 in
530 1983 743 2031 Brunck.
765 1984 909 2031 Anal.
931 1983 988 2028 Τ.
1009 1983 1074 2029 11.
1098 1997 1146 2042 p.
1163 1970 1243 2031 43.
1272 1980 1343 2045 (v.

332 2047 511 2093 Jacobs
532 2047 594 2091 ad
618 2048 818 2100 Antbol.
842 2047 930 2095 Gr.
965 2049 1026 2094 Τ.
1059 2046 1130 2093 11.
1145 2049 1205 2093 Ρ.
1227 2046 1269 2093 Ι.
1295 2060 1344 2122 p.

333 2111 603 2167 126.127.)
626 2119 672 2156 et
695 2108 829 2176 ἄνδρα
848 2110 1067 2177 »girm-
1101 2111 1307 2172 Eurip.
1291 2125 1343 2167 tn

333 2177 469 2238 cycl.
489 2190 535 2222 ν.
559 2173 671 2222 104.

399 2239 514 2287 442.
526 2239 573 2285 3.
601 2239 794 2286 Festive
811 2242 1067 2296 sententia,
1090 2254 1188 2300 qua
1201 2240 1347 2286 simul

335 2305 552 2364 vulgaris
574 2305 851 2362 superstitio
873 2306 1086 2354 ridetur:
1125 2306 1193 2358 nil
1226 2317 1348 2364 opus

330 2378 411 2425 est
432 2368 639 2426 amplius
661 2374 733 2413 tot
756 2369 885 2417 tubis
905 2376 955 2414 et
977 2370 1217 2428 pelvibus,
1240 2369 1346 2427 qui·

330 2437 430 2483 bus
453 2432 588 2493 plebs
610 2432 848 2482 laboranti
883 2434 1037 2480 Lunae
1069 2435 1349 2488 subcurrerc

328 2505 571 2549 conaturz
606 2498 736 2554 quod
759 2497 819 2542 iis
838 2498 962 2556 effici
995 2498 1226 2553 creditur,
1246 2496 1351 2548 baec

332 2563 515 2610 mulier
535 2560 637 2606 solo
659 2561 839 2620 linguae
857 2574 960 2607 suae
975 2561 1180 2620 strepitu
1203 2573 1259 2610 ac
1275 2574 1351 2606 so-

331 2641 399 2673 no
428 2630 657 2686 praestare
695 2631 872 2684 potest«
938 2625 1159 2682 Veteres,
1189 2638 1349 2680 rerum

334 2691 645 2752 physicarum
655 2689 846 2750 ignari,
862 2689 1057 2742 Lunam
1081 2695 1352 2750 propterea,

329 2757 466 2815 quod
484 2754 685 2815 magicis
701 2767 928 2814 sagarum
945 2754 1352 2815 incantationibus

337 2826 590 2880 cogeretur
630 2818 681 2863 in
722 2825 900 2870 terram
948 2818 1253 2872 descendere,
1294 2831 1352 2872 ac

340 2896 566 2941 spumam
602 2883 679 2928 vel
700 2883 852 2940 virus,
875 2897 975 2943 quo
997 2883 1223 2930 veneficae
1246 2888 1351 2929 ute-

340 2954 529 3004 rentur,
552 2948 602 2993 in
639 2948 812 3000 herbas
846 2948 1112 3007 effundere,
1141 2937 1350 2993 deficere

341 3013 597 3072 putabant,
617 3024 672 3066 80
684 3012 909 3058 reluctari
926 3013 1003 3059 vel
1023 3012 1257 3057 laborare.-
1288 3025 1349 3057 ne

340 3078 504 3135 itaque
525 3077 800 3132 vinceretur
830 3076 1126 3123 carminibus
1152 3088 1208 3121 ac
1228 3075 1348 3121 coelo

338 3142 670 3196 devocaretur,
684 3141 765 3186 sed
780 3142 841 3192 ad
858 3140 1071 3188 carmina
1086 3140 1167 3193 illa
1184 3140 1352 3186 obsur-

340 3206 572 3259 desceret,
583 3204 636 3249 in
649 3205 740 3252 bac
750 3204 880 3263 lucta
890 3204 934 3249 ei
946 3204 1171 3252 laboranti
1184 3205 1354 3260 arium

340 3282 478 3323 sono,
500 3269 685 3327 crepitu
715 3267 919 3327 pelvium
942 3282 998 3315 ac
1023 3267 1355 3324 tintinnabulo-

341 3347 470 3388 rum,
502 3332 726 3390 iubarum
751 3346 1085 3392 cornuumque
1117 3339 1353 3379 concentu

339 3397 610 3454 subcurrere
624 3398 942 3454 cmiabantur.
973 3397 1097 3457 Quae
1119 3397 1261 3442 anilis
1273 3409 1353 3442 su·

342 3462 563 3521 perstitio
583 3468 657 3507 est
680 3461 947 3520 notissima,
971 3467 1021 3507 et
1042 3475 1128 3521 per
1158 3474 1355 3506 omnem

343 3527 446 3578 fore
466 3526 715 3584 Oriaetem
729 3526 886 3574 etiam
912 3538 1043 3584 nnnc
1059 3525 1322 3585 divulgata.

408 3587 520 3638 444.
537 3603 636 3650 seq.
653 3591 792 3643 Vide,
806 3597 860 3636 ut
875 3590 1091 3637 inflectat
1106 3603 1158 3637 se
1175 3589 1351 3642 sensim

341 3654 500 3709 oratio
520 3656 582 3700 ad
603 3655 913 3714 gravitatem.
977 3653 1157 3700 Sensus
1181 3666 1354 3714 nexus-

342 3732 443 3778 que
478 3732 572 3771 vss.
612 3715 725 3770 444.
760 3732 865 3777 seq.
899 3719 979 3764 bic
1016 3725 1121 3774 est:
1159 3718 1358 3777 Sapiens

344 3784 494 3838 etiam
525 3784 711 3843 pulcris
735 3784 1045 3843 honestisque
1076 3784 1219 3839 rebus
1251 3795 1356 3838 mo-

344 3848 468 3902 dum
504 3861 561 3894 ac
599 3847 747 3900 finem
783 3848 919 3906 ponit
948 3860 989 3893 s.
1021 3848 1221 3894 statuit:
1257 3844 1359 3908 (Cf.

329 3910 524 3966 .Horat.
553 3911 657 3964 Sat.
680 3910 725 3959 1.
750 3911 792 3957 1.
820 3910 928 3960 106.
952 3925 1054 3972 seq.
1086 3919 1136 3965 et
1159 3912 1207 3959 2.
1247 3910 1358 3960 111.

342 3982 471 4034 seq.)
492 3976 878 4035 bincingenium
917 3976 1113 4035 quidem
1147 3982 1198 4021 et
1217 3976 1360 4021 disci-

330 4040 482 4099 plina
525 4046 575 4086 et
609 4041 846 4088 bonorum
886 4040 1119 4086 librorum
1155 4037 1362 4096 lectione

344 4104 586 4163 subigere,
599 4104 678 4149 ¹vel
704 4104 922 4154 animum
941 4104 1125 4151 liberali
1144 4103 1361 4151 doctrina

344 4168 585 4223 excolere,
625 4181 722 4226 non
756 4170 964 4228 feminas
1006 4169 1170 4224 minus
1205 4182 1355 4228 quam

346 4233 479 4278 viros
511 4234 677 4288 decet3
712 4239 764 4278 at
806 4246 1001 4279 omnem
1037 4246 1203 4280 curam
1242 4246 1356 4293 ope-

348 4309 553 4357 ramque
574 4298 635 4344 ad
658 4297 875 4355 studium
899 4298 1231 4356 philosophiae,
1250 4298 1357 4343 rhe-

349 4360 535 4430 toric-e,
575 4361 916 4423 grammatices
947 4362 1248 4420 aliarumque
1281 4375 1356 4407 ar·

1406 1404 1531 1451 tium
1544 1405 1778 1460 conferre,
1797 1419 1893 1451 non
1908 1405 2000 1457 nisi
2025 1407 2140 1455 viris
2152 1408 2419 1469 proprium,

1407 1469 1480 1514 vel
1501 1470 1729 1515 decorum
1759 1483 1815 1515 ac
1848 1471 1922 1516 fas
1944 1477 2048 1531 estz
2084 1472 2151 1527 et,
2176 1473 2216 1518 si
2240 1474 2419 1520 mulier

1405 1535 1513 1581 hoec
1546 1534 1760 1581 virorum
1796 1536 1957 1583 studia
1988 1542 2218 1589 sectatur,
2250 1550 2419 1586 eorum

1406 1611 1599 1658 quoque
1616 1605 1664 1642 et
1686 1598 1855 1649 habitu
1874 1606 2057 1660 utatur,
2072 1607 2123 1647 et
2139 1602 2322 1661 reliqua
2337 1615 2420 1646 ne-

1405 1663 1539 1721 gotia
1560 1666 1692 1722 agat,
1713 1664 1926 1723 adeoque
1950 1665 2092 1723 plane
2116 1665 2293 1711 mulier
2314 1678 2419 1710 esse

1406 1727 1612 1773 desinat.
1647 1725 1705 1771 In
1736 1739 1828 1771 vss.
1852 1726 1966 1775 446.
1989 1728 2099 1776 447.
2121 1730 2313 1776 habitus
2337 1743 2420 1774 ne-

1406 1791 1634 1851 gotiaque
1657 1790 1894 1850 virorum,
1912 1807 2009 1843 non
2027 1794 2421 1853 philosophorum

1409 1862 1602 1907 tantum
1659 1861 1744 1900 aut
1786 1863 2033 1905 oratorum
2074 1865 2423 1919 poetarumque

1407 1920 1738 1978 designantur.

1471 1983 1586 2030 446.
1638 1983 1866 2034 Virorum
1906 1987 2087 2033 tunicae
2128 1993 2268 2033 erant
2309 1986 2426 2037 sub-,-

1408 2049 1592 2097 strictoe
1613 2055 1662 2095 et
1685 2050 1869 2103 breves,
1894 2051 2017 2097 circa
2053 2052 2318 2111 humerum
2341 2051 2426 2102 de-

1408 2114 1642 2171 sinentes,
1667 2113 1953 2174 feminarum
1976 2122 2141 2168 autem
2175 2115 2424 2167 mollium·

1412 2191 1508 2237 que
1526 2178 1782 2233 bominum
1805 2180 2060 2225 manicatae
2082 2193 2139 2233 ac
2156 2179 2355 2237 talares,
2374 2178 2423 2228 bo

1412 2255 1454 2290 0
1478 2243 1694 2300 prolixae,
1717 2249 1767 2287 et
1787 2243 1848 2289 ad
1873 2244 1995 2291 talos
2016 2244 2258 2295 demissae.
2311 2241 2425 2295 447.

1411 2304 1629 2362 Silvano,
1660 2306 1836 2366 agresti
1867 2307 2155 2367 horridoque
2186 2308 2313 2364 Deo,
2336 2306 2428 2367 viri

1411 2370 1765 2427 sacrificabant,
1780 2370 2020 2419 feminae-1
2023 2372 2174 2419 unoni
2186 2379 2235 2421 et
2248 2370 2426 2423 Cereri·

1412 2432 1668 2494 quadrante
1687 2433 1872 2480 lavari.-
1909 2448 2023 2482 nam
2047 2435 2252 2484 lavaturi
2279 2436 2427 2497 vulgo

1415 2498 1734 2556 quadrantem
1790 2500 1970 2545 dabant
2010 2499 2303 2561 balneatori3
2357 2504 2424 2551 (v.

1414 2574 1522 2621 sup.
1537 2562 1595 2606 ad
1612 2561 1679 2606 11.
1700 2559 1807 2609 152.
1809 2560 1830 2623 )
1849 2564 2044 2609 feminae
2060 2576 2197 2619 vero,
2209 2563 2252 2607 si
2266 2563 2427 2610 Schol-

1415 2638 1535 2671 mss.
1557 2625 1672 2671 tides
1692 2626 1933 2682 habenda,
1950 2627 2027 2673 vel
2049 2626 2239 2686 publica
2257 2627 2428 2680 balnea

1416 2690 1728 2748 thei-masque
1747 2703 1842 2735 non
1864 2691 1996 2738 adire
2016 2690 2255 2755 solebant,
2276 2688 2427 2752 (quod
2486 2742 2500 2749 ,

1417 2760 1582 2799 tamen
1603 2754 1732 2799 haud
1755 2755 2000 2813 probabile
2021 2767 2125 2801 esse
2146 2767 2207 2799 ex
2230 2754 2427 2800 Vitruv.

1471 2816 1603 2864 10.
1636 2824 1686 2863 et
1718 2818 1780 2863 al.
1790 2814 2122 2893 intelligitur)
2159 2818 2235 2863 vel
2266 2818 2428 2879 potius

1416 2882 1586 2943 gratis,
1606 2889 1694 2928 aut
1714 2896 1766 2931 se
1787 2882 1916 2942 ipsas
1937 2897 2026 2942 pro
2043 2882 2196 2943 pretio
2210 2883 2401 2943 ‘dantes-

1478 2945 1590 2993 448.
1624 2959 1726 3007 seq.
1761 2949 1903 2994 Poeta
1935 2950 2142 2995 feminas
2165 2948 2429 2994 insectatur

1413 3012 1645 3068 literatos,
1678 3019 1727 3058 et
1770 3013 1960 3072 proprie
1991 3013 2152 3060 forsan
2187 3011 2427 3070 Statiliam

1413 3076 1751 3133 Messalinam,
1787 3075 1997 3138 Neronis
2030 3089 2254 3131 uxorem,
2289 3090 2425 3136 qua,

1416 3141 1458 3185 si
1492 3148 1588 3188 vet.
1621 3139 1782 3189 Schol.
1816 3141 1933 3187 fides
1966 3142 2202 3194 habenda,
2222 3141 2428 3201 opibus„

1418 3205 1576 3262 forma
1596 3205 1885 3264 ingenioque
1906 3207 2173 3267 plurimum
2189 3206 2364 3268 viguit,
2377 3212 2429 3251 et
2496 3243 2505 3252 ,

1417 3281 1562 3314 usum
1584 3269 1874 3331 eloquentie
1889 3276 2163 3317 consectata
2179 3275 2254 3316 est
2275 3282 2429 3329 usque

1417 3334 1478 3378 nd
1502 3335 1718 3392 studium
1753 3334 2083 3392 declamand53
2122 3334 2199 3379 vel
2222 3333 2428 3391 Sulpici-

1417 3410 1518 3449 am,
1541 3387 1706 3443 caleni
1730 3412 1924 3444 uxorem
1948 3398 2294 3450 doctissimam,
2315 3410 2427 3456 quae

1418 3460 1589 3508 satiras
1609 3474 1800 3521 quoque
1824 3461 2033 3521 scripsit,
2055 3467 2105 3506 et
2126 3462 2185 3505 ad
2210 3472 2357 3518 quam
2378 3466 2429 3514 et

1419 3526 1526 3570 haec
1549 3527 1694 3570 verba
1714 3532 1764 3571 et
1795 3538 1902 3584 sup.
1936 3539 1983 3570 v.
2005 3523 2118 3575 436.
2140 3537 2240 3582 seq.
2261 3524 2430 3574 referri

1419 3590 1670 3634 commode
1692 3602 1801 3661 poss
1780 3597 1912 3638 unt.
1963 3588 2108 3634 Hanc
2127 3588 2251 3636 forte
2280 3587 2333 3634 in
2350 3601 2428 3648 so-

1420 3652 1646 3698 cietatem
1668 3653 1884 3713 ejusdem
1917 3653 2084 3712 gloriae
2117 3652 2291 3698 venire
2300 3666 2430 3715 aegre

1420 3703 1605 3762 ferebat
1621 3715 1653 3763 J
1659 3717 1928 3776 uvenahs,
1912 3731 1994 3763 inv
1997 3716 2093 3762 idia
2107 3725 2293 3765 motus.
2309 3717 2430 3768 Nou

1422 3780 1585 3835 habeat
1612 3780 1794 3828 dicendi
1824 3796 1976 3857 genna
2017 3783 2323 3840 adcuratum,
2365 3784 2429 3829 ad

1422 3845 1670 3893 rhetoricae
1685 3846 2121 3905 grammaticesque
2141 3848 2331 3908 regulas
2345 3859 2429 3893 ex-

1420 3915 1619 3964 actum;
1670 3910 1751 3964 (cf.
1774 3924 1822 3957 v.
1841 3908 1975 3972 453.)
2011 3911 2087 3960 vel
2122 3925 2212 3958 non
2249 3910 2426 3972 habeat,

1424 3977 1472 4024 h.
1491 3989 1535 4024 0.
1552 3989 1646 4021 808
1667 3974 2428 4035 noscatdiversadacendigvnera,

1423 4047 1610 4086 rectum
1634 4053 1691 4085 80
1723 4052 1946 4098 pravum,
1981 4041 2057 4090 vel
2079 4040 2429 4090 88811810.ωο-

1425 4106 1584 4154 diocre
1606 4111 1655 4150 ct
1686 4110 1846 4164 tenue,
1868 4107 1943 4152 vel
1974 4101 2429 4161 demonstrativum,

1417 4170 1785 4222 deliberativum
1804 4176 1854 4220 et
1863 4165 2114 4229 judiciale,
2131 4180 2160 4211 v
2163 4166 2206 4211 el
2223 4166 2431 4276 deniff

1418 4231 1715 4308 Asiaticum,
1730 4233 1994 4286 Rhodium,
2017 4231 2238 4284 Atticum
2262 4235 2312 4272 et

1418 4298 1661 4352 conicum,
1674 4310 1785 4356 quae
1808 4298 1857 4341 in
1872 4294 2044 4345 libellis
2065 4285 2312 4350 rhetoricis
2327 4304 2430 4352 me,-

1422 4368 1687 4406 morantur.
2206 4393 2209 4394 γ
