2978 4920
563 337 653 402 ³12

1272 323 1942 390 JUVENALIS

653 507 701 569 J
705 526 902 591 ugera
931 512 1089 588 quot
1120 499 1328 563 vicina
1354 498 1517 575 foro,
1547 519 1707 583 quas
1734 492 1956 561 emerit
1986 491 2192 557 aedes?

655 607 861 671 Nemo
891 602 1097 667 malus
1125 599 1315 673 felix;
1364 597 1621 662 minime
1647 607 2017 681 conruptor‚
2047 605 2110 658 et
2140 592 2307 658 idem

657 708 984 781 Incestus,
1003 724 1149 768 cum
1178 724 1309 787 quo
1339 719 1546 786 nuper
1574 698 1806 762 vittata
1825 695 2079 782 jacebat

658 806 979 893 Sanguine
1006 804 1218 869 adhuc
1245 802 1393 865 vivo
1421 811 1653 864 terram
1685 797 1979 863 subitura
2007 794 2311 861 sacerdos.

2569 792 2667 854 10

661 910 790 974 Sed
817 931 987 974 nunc
1016 908 1097 972 de
1125 904 1309 970 factis
1336 903 1679 968 levioribus
1704 927 1718 967 ε
1739 943 1743 946 ·
1767 913 1828 965 et
1860 914 2072 966 tamen
2101 898 2261 962 alter

662 1011 730 1077 Si
759 1011 1006 1076 fecisset
1031 1008 1221 1079 idem,
1251 1005 1506 1071 caderet
1535 1005 1656 1069 sub
1677 1003 1897 1091 judice
1925 1023 2199 1066 morum.

661 1115 830 1177 Nam
859 1111 1036 1199 quod
1063 1122 1252 1196 turpe
1279 1108 1485 1186 bonis,
1519 1105 1700 1171 Titio
1733 1105 2025 1191 Seioque,
2049 1103 2311 1168 decebat

665 1212 1047 1301 Crispinum.
1138 1209 1312 1288 Quid
1339 1231 1514 1294 agas,
1544 1229 1749 1294 quum
1777 1206 1917 1271 dira
1944 1217 2008 1269 et
2036 1204 2267 1269 foedior
2293 1203 2466 1267 omni

666 1315 946 1381 Crimine
974 1335 1241 1401 persona
1267 1314 1410 1376 est?
1457 1309 1744 1374 Mullum
1773 1332 1883 1373 sex
1912 1307 2196 1372 millibus
2223 1304 2398 1382 emit,

2574 1304 2665 1366 15

663 1419 1060 1505 AEquantem
1089 1437 1235 1479 sane
1262 1412 1527 1501 paribus
1556 1411 1841 1476 sestertia
1870 1408 2070 1487 libris,

663 1522 762 1586 Ut
790 1519 1151 1607 perhibent,
1183 1517 1297 1604 qui
1326 1516 1407 1580 de
1435 1515 1683 1602 magnis
1712 1515 1955 1601 majora
1982 1513 2355 1600 loquuntur.

667 1620 1016 1686 Consilium
1046 1618 1242 1683 laudo
1270 1616 1550 1696 artificis,
1582 1617 1635 1682 si
1662 1640 1923 1681 munere
1945 1627 2124 1681 tanto

667 1723 1068 1810 Praecipuam
1097 1721 1166 1784 in
1195 1719 1431 1784 tabulis
1459 1743 1663 1785 ceram
1696 1719 1858 1784 senis
1886 1718 2148 1796 abstulit
2179 1718 2336 1784 orbi.

576 1925 714 1975 gero,
737 1912 902 1957 hortos
922 1909 1159 1970 ingentes.
1190 1907 1241 1955 8.
1261 1906 1419 1954 Nemo
1438 1906 1595 1954 mulne

566 1977 718 2040 seli-r,
739 1976 975 2021 scelerum
1007 1974 1099 2019 sibi
1131 1972 1367 2019 conscius.
1405 1974 1595 2018 rmnime

584 2041 700 2088 {elix
721 2049 797 2086 est
818 2042 1081 2097 eonruptor,
1101 2043 1373 2095 stuprator;
1409 2037 1486 2081 vel
1509 2036 1592 2096 qui

583 2105 705 2152 alios
727 2106 788 2150 ad
811 2103 1080 2161 nequitiam
1102 2102 1314 2149 abducit.
1366 2101 1594 2153 Incestus,

585 2169 672 2229 qui
701 2176 925 2227 stuprum
948 2167 1210 2223 nefarium,
1233 2165 1419 2225 legibus
1448 2166 1597 2212 mori·

584 2235 774 2292 busque
810 2231 1126 2282 contrarium,
1171 2230 1315 2275 infert
1358 2231 1595 2289 cognatis,

586 2296 872 2347 Vestalibus
893 2305 942 2340 et·
964 2295 1204 2355 ingenuis.
1257 2295 1427 2340 vittata
1447 2307 1592 2340 κων·

586 2361 685 2419 dos,
709 2361 845 2421 virgo
870 2358 1097 2416 Vestalis,
1118 2356 1259 2420 cujus
1290 2366 1437 2417 caput
1462 2359 1599 2404 vittis

586 2426 891 2474 redimitum.

656 2491 733 2537 10.
753 2490 908 2550 Virgo
926 2488 1154 2548 Vestalis,
1170 2489 1339 2535 incesti
1361 2488 1598 2542 convicta,

589 2569 652 2602 ex
674 2556 899 2602 instituto
921 2555 1103 2602 Numae
1111 2556 1195 2604 vel
1217 2555 1377 2613 potius
1394 2553 1599 2613 Tarqui·

591 2622 660 2667 nii
694 2620 868 2676 Prisci,
907 2621 1196 2683 Pontificum
1227 2615 1415 2679 judicio
1457 2620 1597 2664 dam-

591 2693 723 2742 nata,
741 2686 791 2731 in
814 2698 988 2746 campo
1009 2687 1239 2732 scelerato
1260 2685 1372 2729 viva
1389 2682 1602 2729 defodie-

592 2750 752 2798 batur.

661 2813 737 2864 11.
759 2813 853 2861 Sed
872 2827 995 2859 nunc
1010 2813 1224 2876 desuetis
1242 2812 1488 2859 levioribus
1501 2812 1604 2858 scil.

595 2880 860 2938 loquimur,
891 2891 931 2924 s.
949 2880 1218 2936 querimur.
1234 2877 1390 2938 sactis
1423 2876 1606 2922 leviori·

595 2943 676 2987 bus
711 2942 939 3000 Crispini,
969 2939 1121 3003 ‘cujus
1153 2943 1249 2988 alia
1280 2946 1395 2987 sunt
1427 2941 1608 2986 scelera

596 3006 755 3052 multo
776 3007 995 3065 graviora
1019 3021 1074 3052 ac
1097 3007 1328 3067 turpiora.

665 3069 743 3117 12.
775 3068 970 3122 caderet,
988 3071 1125 3116 litem
1148 3071 1385 3130 perderet,
1407 3071 1607 3116 damna·

597 3139 746 3180 retur.
781 3133 859 3180 Sic
865 3132 1036 3192 fiebula
1056 3143 1105 3181 et
1127 3148 1265 3181 cauea
1287 3135 1362 3180 vel
1383 3135 1533 3180 homo
1554 3136 1605 3181 in

583 3196 767 3259 judicto
782 3197 940 3243 cadere
960 3205 1009 3244 et
1029 3205 1198 3245 contra
1216 3206 1338 3245 stare
1359 3200 1606 3246 dicuntur.

598 3260 681 3307 sub
700 3261 864 3322 judice
887 3262 1064 3320 cadere,
1086 3271 1140 3310 ut
1172 3264 1256 3309 mh
1270 3262 1432 3323 Judice
1460 3262 1609 3309 dicere

599 3325 690 3373 inf.
710 3324 825 3372 v11.
852 3327 927 3373 13.
960 3328 1041 3373 sub
1054 3327 1345 3388 quom-imino
1361 3327 1525 3373 cecidit
1542 3327 1605 3373 X.

599 3389 680 3441 69.
713 3390 841 3438 nullo
861 3392 945 3438 sub
963 3397 1071 3439 teste
1086 3391 1169 3437 hoc
1186 3391 1372 3438 canebat
1393 3391 1515 3436 XV.
1533 3392 1611 3440 26.

599 3455 845 3519 subJudice
859 3448 1063 3516 morum,
1082 3469 1298 3514 censore,
1321 3455 1414 3513 vel,
1437 3469 1535 3516 quo
1552 3458 1612 3502 ti-

599 3522 703 3568 tulo
724 3523 938 3568 Caesares
961 3525 1239 3576 utebantur,
1261 3521 1492 3581 prefecto
1511 3534 1613 3567 mo·

599 3598 728 3632 rum.
784 3586 935 3633 Poeta
949 3587 1161 3647 respexit
1182 3588 1245 3633 sd
1264 3586 1486 3632 acerbam
1510 3586 1616 3639 Do·

600 3649 794 3695 mitiani
835 3663 1089 3712 censuram
1143 3657 1195 3696 et
1245 3651 1610 3698 damnationem

603 3713 858 3766 Col-uelim,
879 3716 940 3760 de
960 3729 1058 3775 qua
1090 3730 1139 3762 v.
1161 3715 1295 3763 Suet.
1324 3718 1474 3762 Dom.
1495 3715 1542 3762 8.
1563 3722 1614 3761 et

603 3775 733 3823 Plin.
756 3778 849 3836 Ep.
886 3778 977 3823 IV.
1014 3775 1090 3826 11.
1125 3781 1282 3826 Simul
1306 3779 1472 3839 iniqua
1506 3777 1612 3842 ejus

601 3843 844 3892 contectio
863 3856 1056 3888 morum
1080 3849 1292 3897 taxatur,
1310 3846 1389 3890 cui
1413 3846 1487 3890 vel
1504 3846 1613 3904 pul·

603 3904 743 3954 ‘crum
767 3906 816 3952 in
841 3906 1080 3968 Crispino,
1106 3909 1303 3953 homine
1325 3909 1417 3968 ipsi
1437 3910 1610 3967 gratis-

604 3971 749 4034 simo,
772 3971 926 4015 visum
949 3972 1032 4028 sit,
1067 3973 1198 4030 quod
1227 3972 1278 4017 in
1302 3973 1409 4019 aliis
1429 3975 1614 4031 gravis-

602 4034 729 4084 simo
743 4035 942 4094 dignum
958 4036 1192 4111 supplicio
1206 4038 1392 4083 fuisset.
1417 4040 1611 4084 Preter

601 4113 661 4145 ea
681 4099 993 4146 Domitianus
1021 4101 1125 4159 ipse
1143 4102 1305 4147 fratris
1321 4102 1500 4147 filiam
1484 4116 1616 4149 mce-

601 4170 679 4212 sto
692 4164 944 4227 polluerat,
948 4164 1007 4212 de
1020 4178 1176 4223 quov.
1192 4166 1314 4214 Plin.
1330 4165 1424 4224 Ep.
1440 4165 1533 4211 IV.
1540 4168 1615 4215 11.

603 4227 799 4292 etSuet.
814 4218 1002 4276 Domit.
1018 4229 1095 4277 22.
1109 4230 1334 4277 Ceterum
1348 4244 1430 4288 qut
1446 4231 1613 4282 Vesta

563 4332 571 4336 .
603 4293 707 4342 lem
723 4293 997 4352 vitiaverat,
1010 4294 1157 4354 virgis
1178 4296 1227 4342 in
1238 4296 1435 4349 comitio
1456 4296 1515 4342 ad
1533 4310 1614 4350 ne,-

603 4370 711 4404 cem
733 4353 1027 4420 eaedebatur.
1053 4359 1151 4420 ;13.
1168 4358 1260 4418 14.
1267 4360 1477 4409 Notatur
1493 4363 1616 4410 stul-

1657 1908 1764 1954 titia
1786 1909 2064 1962 hominum,
2083 1904 2170 1965 qui
2201 1905 2349 1964 vulgo
2381 1918 2409 1951 e
2440 1916 2590 1951 censu
2610 1917 2674 1951 ac

1657 1973 1892 2031 dignitate
1913 1983 2074 2018 mores
2094 1970 2385 2026 metiuntur,
2401 1976 2451 2017 et
2467 1970 2678 2016 honesta

1661 2038 1736 2082 vel
1757 2037 2017 2083 laudabilia
2037 2048 2141 2080 esse
2162 2040 2338 2093 putant
2352 2035 2404 2079 in
2416 2034 2674 2088 divitibus,

1658 2115 1770 2162 quae
1790 2103 1952 2160 turpia
1969 2100 2088 2160 ipsis
2110 2099 2335 2145 videntur
2363 2112 2450 2158 per
2471 2111 2525 2144 se
2545 2104 2596 2144 et
2614 2098 2676 2144 in

1660 2166 1967 2226 pauperibus.
2011 2165 2086 2213 cf.
2109 2163 2199 2211 inf.
2219 2162 2359 2209 v111.
2382 2163 2493 2211 182.
2510 2162 2608 2211 XI.
2626 2162 2676 2208 1.

1661 2244 1759 2289 seq.
1782 2235 1833 2276 et
1857 2228 1968 2277 1⁷4.
1984 2243 2087 2288 seq.
2133 2228 2259 2275 Titio
2271 2228 2465 2288 Seioque
2476 2243 2494 2284 ,·
2515 2229 2682 2273 nomi-

1661 2308 1725 2342 na
1748 2301 1863 2340 nota
1883 2308 1945 2340 ex
1965 2294 1998 2340 1.
2029 2293 2187 2339 Titius
2205 2296 2250 2339 et
2270 2292 2407 2339 Seius
2426 2293 2494 2338 D.
2517 2294 2575 2338 de
2595 2292 2676 2338 he·-

1660 2358 1866 2416 redibas,
1877 2365 1926 2404 et
1947 2359 2126 2419 passim
2144 2357 2288 2404 obvia
2304 2358 2354 2403 in
2372 2356 2404 2405 J
2409 2371 2495 2405 ure
2514 2356 2684 2404 Civili.

1733 2424 1809 2471 14.
1847 2425 1966 2471 Haec
1988 2425 2151 2478 verba,
2176 2423 2226 2468 ni
2244 2422 2403 2481 fallor,
2416 2425 2629 2483 pendent
2647 2435 2685 2467 a

1665 2504 1711 2536 v.
1729 2489 1808 2538 11.
1830 2489 1980 2537 Nunc
1999 2487 2212 2550 defictis
2224 2487 2469 2534 levioribus
2488 2501 2555 2534 sc.
2577 2487 2684 2547 agi-

1663 2568 1776 2601 mus
1789 2571 1805 2601 ε
1841 2552 1956 2615 quid
1968 2566 2079 2600 vero
2093 2567 2227 2614 ‹ag-ae,
2245 2554 2415 2610 facias,
2436 2553 2516 2598 vel
2527 2553 2678 2606 dicas,

1662 2626 1754 2666 cet.

1734 2682 1811 2732 15.
1843 2682 1915 2728 M
1914 2682 2035 2728 ullus
2054 2694 2209 2742 genus
2238 2683 2402 2742 piscis,
2423 2681 2681 2738 (Seebarte,

1668 2745 1916 2809 Rombart)
1932 2749 2061 2808 quod
2093 2747 2364 2794 Romanis
2350 2760 2400 2792 in
2423 2748 2611 2793 deliciis
2631 2754 2683 2791 et

1670 2818 1808 2858 tanto
1843 2812 2115 2871 pretiosius,
2150 2820 2333 2871 quanto
2367 2808 2531 2872 majus
2568 2811 2679 2857 fuit.

1670 2877 1747 2923 cf.
1768 2877 1854 2922 inf.
1877 2876 1943 2923 V.
1980 2875 2060 2924 92.
2091 2890 2193 2935 seq.
2228 2876 2355 2922 Plin.
2392 2875 2488 2921 lx.
2526 2875 2607 2922 17.
2632 2881 2684 2920 et

1674 2941 1749 2987 18.
1774 2953 1814 2988 s.
1834 2940 1919 2989 30.
1943 2948 1992 2987 et
2013 2941 2094 2989 31.
2116 2943 2295 2987 Athen.
2322 2941 2363 2986 Ι.
2387 2940 2436 2988 5.
2462 2939 2583 2988 v11.
2604 2939 2683 2987 21.

1672 3005 1753 3052 ubi
1779 3020 1823 3050 v.
1848 3006 2054 3053 Casaub.

1741 3070 1815 3116 15.
1843 3067 1919 3116 16.
1954 3070 2167 3118 Pretium
2204 3068 2352 3134 hujus
2371 3067 2529 3117 mulli.
2550 3071 2686 3117 fuere

1668 3148 1751 3181 sex
1770 3135 1921 3181 millia
1942 3149 2204 3181 numm-um
2219 3136 2318 3181 sive
2338 3147 2426 3181 sex
2441 3136 2683 3191 sestertia,

1670 3208 1720 3246 et
1741 3202 1962 3254 totidem,
1985 3200 2037 3247 h.
2057 3213 2099 3246 e.
2133 3213 2236 3253 sex,
2258 3202 2404 3246 libras
2436 3200 2689 3261 pependit.

1671 3264 1794 3311 Sane
1808 3266 2054 3323 eleganter
2074 3272 2125 3309 et
2156 3263 2376 3330 aleaume
2407 3265 2688 3322 adhibetur,

1673 3336 1729 3375 ut
1750 3331 1834 3375 Gr.
1857 3325 1910 3379 δὲ
1942 3330 2018 3374 vel
2039 3324 2177 3387 Burs,
2195 3339 2244 3375 et
2265 3331 2414 3376 Germ
2420 3327 2687 3391 ,ηβνιυσή

1676 3394 1823 3440 iader
1851 3393 1993 3448 Thai,
2008 3397 2163 3439 traua.
2221 3396 2368 3440 Poeta
2389 3396 2608 3454 loquitur
2626 3394 2688 3438 de

1674 3472 1728 3505 re
1748 3459 1897 3504 dubia
1927 3471 1982 3504 ac
2004 3457 2255 3514 fabulosa·
2290 3472 2388 3517 quo
2409 3460 2559 3504 etiam
2583 3467 2690 3517 spe-

1676 3529 1812 3569 ctant
1832 3523 1972 3567 verba
1989 3526 2045 3567 ut
2054 3522 2398 3582 perlafbsntcet.
2417 3524 2501 3583 qui
2515 3521 2571 3568 de
2583 3537 2690 3569 ma·

1671 3590 1787 3645 gnis
1806 3587 1983 3647 majora
2001 3586 2270 3647 loquuntur,
2292 3589 2377 3646 qui
2397 3600 2503 3633 rem
2527 3588 2687 3632 verbis

1674 3652 1934 3711 adaugent.
2023 3650 2071 3697 N
2073 3659 2270 3698 utantur
2301 3652 2597 3697 fabulatores
2639 3656 2690 3696 et

1676 3716 1974 3775 rumigeruli.

1744 3781 1951 3829 18—21.
1985 3779 2161 3827 Faceta
2182 3786 2232 3827 et
2262 3781 2360 3827 illis
2392 3780 2691 3841 temporibus

1677 3847 2048 3893 adcommodata
2063 3847 2361 3892 observatio:
2399 3845 2515 3891 Non
2530 3857 2688 3904 repre-

1676 3912 1934 3956 henderem
1970 3911 2177 3969 Crispini
2200 3912 2466 3967 luxuriam,
2490 3911 2532 3955 si
2566 3908 2694 3954 mul-

1677 3976 1781 4021 lum
1800 3974 1923 4020 tanti
1936 3981 2123 4022 emtum
2141 3977 2269 4021 dono
2279 3975 2492 4020 misisset
2505 3974 2690 4019 senior·

1680 4039 1753 4095 bo,
1769 4045 1854 4085 sut
1887 4053 2072 4101 mag-me
2102 4040 2151 4084 h.
2169 4054 2216 4086 e.
2238 4039 2416 4086 illustri
2440 4037 2691 4097 loeupleti-

1681 4116 1776 4163 que
1795 4104 1976 4160 emim,
2000 4111 2056 4151 ut
2075 4105 2413 4157 hereditatem,
2435 4109 2566 4149 certe
2586 4112 2694 4160 gra·

1681 4169 1819 4222 tiam
1855 4181 2047 4226 eorum,
2085 4176 2314 4227 captaret.
2408 4168 2480 4215 19.
2514 4165 2696 4213 Praei-

1676 4246 1821 4291 puam
1841 4245 2012 4291 ceram,
2036 4248 2081 4292 p.
2105 4241 2292 4292 partem
2316 4232 2615 4285 hereditatis,
2638 4230 2689 4274 in

1680 4295 1849 4344 tabulis
1869 4299 2042 4344 ceratis
2064 4299 2344 4344 testamenti
2365 4299 2684 4358 consignato·

1680 4364 1753 4408 vel
1770 4363 2014 4423 precipua
2034 4375 2138 4409 esra
2160 4368 2235 4408 est
2252 4362 2412 4424 prima
2429 4359 2612 4415 tabula,
2636 4359 2687 4403 in
