<?xml version="1.0" encoding="UTF-8"?>
<!DOCTYPE html PUBLIC "-//W3C//DTD XHTML 1.0 Transitional//EN"
    "http://www.w3.org/TR/xhtml1/DTD/xhtml1-transitional.dtd">
<html xmlns="http://www.w3.org/1999/xhtml" xml:lang="en" lang="en">
 <head>
  <title>
</title>
<meta http-equiv="Content-Type" content="text/html;charset=utf-8" />
  <meta name='ocr-system' content='tesseract 3.04.00' />
  <meta name='ocr-capabilities' content='ocr_page ocr_carea ocr_par ocr_line ocrx_word'/>
</head>
<body>
  <div class='ocr_page' id='page_1' title='image "./satiraexviadopt00juvegoog_0135.png"; bbox 0 0 2978 4920; ppageno 0'>
   <div class='ocr_carea' id='block_1_1' title="bbox 615 311 704 379">
    <p class='ocr_par' dir='ltr' id='par_1_1' title="bbox 615 311 704 379">
     <span class='ocr_line' id='line_1_1' title="bbox 615 311 704 379; baseline 0 -5"><span class='ocrx_word' id='word_1_1' title='bbox 615 311 704 379; x_wconf 74' lang='lat'><strong>94</strong></span> 
     </span>
    </p>
   </div>
   <div class='ocr_carea' id='block_1_2' title="bbox 1321 302 1985 371">
    <p class='ocr_par' dir='ltr' id='par_1_2' title="bbox 1321 302 1985 371">
     <span class='ocr_line' id='line_1_2' title="bbox 1321 302 1985 371; baseline -0.003 -2"><span class='ocrx_word' id='word_1_2' title='bbox 1321 302 1985 371; x_wconf 84' lang='lat' dir='ltr'>JUVENALIS</span> 
     </span>
    </p>
   </div>
   <div class='ocr_carea' id='block_1_3' title="bbox 699 474 2669 765">
    <p class='ocr_par' dir='ltr' id='par_1_3' title="bbox 699 474 2669 765">
     <span class='ocr_line' id='line_1_3' title="bbox 705 474 2278 561; baseline -0.004 -16"><span class='ocrx_word' id='word_1_3' title='bbox 705 474 911 558; x_wconf 82' lang='lat' dir='ltr'><strong>Quam</strong></span> <span class='ocrx_word' id='word_1_4' title='bbox 935 478 1067 544; x_wconf 80' lang='lat' dir='ltr'><strong>fuit</strong></span> <span class='ocrx_word' id='word_1_5' title='bbox 1097 489 1158 542; x_wconf 90' lang='lat' dir='ltr'><strong>et</strong></span> <span class='ocrx_word' id='word_1_6' title='bbox 1194 475 1374 541; x_wconf 84' lang='lat' dir='ltr'>Tulli</span> <span class='ocrx_word' id='word_1_7' title='bbox 1404 498 1629 540; x_wconf 85' lang='lat' dir='ltr'><strong>census</strong></span> <span class='ocrx_word' id='word_1_8' title='bbox 1655 475 1962 561; x_wconf 79' lang='lat' dir='ltr'>pugnacis</span> <span class='ocrx_word' id='word_1_9' title='bbox 1990 485 2053 540; x_wconf 86' lang='lat' dir='ltr'><strong>et</strong></span> <span class='ocrx_word' id='word_1_10' title='bbox 2086 474 2278 551; x_wconf 83' lang='lat' dir='ltr'><strong>Anci,</strong></span> 
     </span>
     <span class='ocr_line' id='line_1_4' title="bbox 699 576 2276 661; baseline -0.004 -16"><span class='ocrx_word' id='word_1_11' title='bbox 699 580 815 657; x_wconf 87' lang='lat' dir='ltr'><strong>Et,</strong></span> <span class='ocrx_word' id='word_1_12' title='bbox 846 603 924 645; x_wconf 90' lang='lat' dir='ltr'><strong>ne</strong></span> <span class='ocrx_word' id='word_1_13' title='bbox 953 592 1018 645; x_wconf 87' lang='lat' dir='ltr'><strong>te</strong></span> <span class='ocrx_word' id='word_1_14' title='bbox 1047 591 1316 655; x_wconf 88' lang='lat' dir='ltr'><strong>teneam,</strong></span> <span class='ocrx_word' id='word_1_15' title='bbox 1348 578 1784 640; x_wconf 85' lang='lat' dir='ltr'><strong>Romanorum</strong></span> <span class='ocrx_word' id='word_1_16' title='bbox 1811 576 2024 641; x_wconf 85' lang='lat' dir='ltr'><strong>omnia</strong></span> <span class='ocrx_word' id='word_1_17' title='bbox 2052 596 2276 661; x_wconf 87' lang='lat' dir='ltr'><strong>regum</strong></span> 
     </span>
     <span class='ocr_line' id='line_1_5' title="bbox 701 675 2669 765; baseline -0.002 -20"><span class='ocrx_word' id='word_1_18' title='bbox 701 681 976 745; x_wconf 83' lang='lat' dir='ltr'><strong>Frivola.</strong></span> <span class='ocrx_word' id='word_1_19' title='bbox 1038 680 1235 757; x_wconf 84' lang='lat' dir='ltr'><strong>Quod</strong></span> <span class='ocrx_word' id='word_1_20' title='bbox 1253 702 1454 765; x_wconf 90' lang='lat' dir='ltr'><strong>quum</strong></span> <span class='ocrx_word' id='word_1_21' title='bbox 1483 679 1576 745; x_wconf 87' lang='lat' dir='ltr'><strong>ita</strong></span> <span class='ocrx_word' id='word_1_22' title='bbox 1604 678 1707 756; x_wconf 87' lang='lat' dir='ltr'><strong>sit,</strong></span> <span class='ocrx_word' id='word_1_23' title='bbox 1739 691 1813 744; x_wconf 89' lang='lat' dir='ltr'><strong>tu</strong></span> <span class='ocrx_word' id='word_1_24' title='bbox 1846 678 2179 743; x_wconf 82' lang='lat' dir='ltr'><strong>Gaetulum</strong></span> <span class='ocrx_word' id='word_1_25' title='bbox 2210 675 2669 762; x_wconf 67' lang='lat' dir='ltr'><strong>Ganymedem&#39;</strong></span> 
     </span>
    </p>
   </div>
   <div class='ocr_carea' id='block_1_4' title="bbox 702 778 2435 1069">
    <p class='ocr_par' dir='ltr' id='par_1_4' title="bbox 702 778 2435 1069">
     <span class='ocr_line' id='line_1_6' title="bbox 703 778 2435 870; baseline -0.003 -25"><span class='ocrx_word' id='word_1_26' title='bbox 703 782 994 870; x_wconf 83' lang='lat' dir='ltr'>Respice,</span> <span class='ocrx_word' id='word_1_27' title='bbox 1027 805 1229 869; x_wconf 90' lang='lat' dir='ltr'><strong>quum</strong></span> <span class='ocrx_word' id='word_1_28' title='bbox 1258 780 1444 846; x_wconf 82' lang='lat' dir='ltr'><strong>sities.</strong></span> <span class='ocrx_word' id='word_1_29' title='bbox 1537 779 1756 844; x_wconf 85' lang='lat' dir='ltr'>Nescit</span> <span class='ocrx_word' id='word_1_30' title='bbox 1785 793 1882 845; x_wconf 90' lang='lat' dir='ltr'><strong>tot</strong></span> <span class='ocrx_word' id='word_1_31' title='bbox 1911 778 2194 843; x_wconf 85' lang='lat' dir='ltr'><strong>millibus</strong></span> <span class='ocrx_word' id='word_1_32' title='bbox 2227 789 2435 841; x_wconf 87' lang='lat' dir='ltr'><strong>emtus</strong></span> 
     </span>
     <span class='ocr_line' id='line_1_7' title="bbox 702 879 2354 970; baseline -0.003 -24"><span class='ocrx_word' id='word_1_33' title='bbox 702 883 1103 970; x_wconf 82' lang='lat' dir='ltr'><strong>Pauperibus</strong></span> <span class='ocrx_word' id='word_1_34' title='bbox 1131 882 1389 947; x_wconf 85' lang='lat' dir='ltr'><strong>miscere</strong></span> <span class='ocrx_word' id='word_1_35' title='bbox 1417 902 1613 968; x_wconf 87' lang='lat' dir='ltr'><strong>puer:</strong></span> <span class='ocrx_word' id='word_1_36' title='bbox 1663 880 1775 944; x_wconf 85' lang='lat' dir='ltr'><strong>sed</strong></span> <span class='ocrx_word' id='word_1_37' title='bbox 1803 881 2028 955; x_wconf 86' lang='lat' dir='ltr'><strong>forma,</strong></span> <span class='ocrx_word' id='word_1_38' title='bbox 2061 879 2172 943; x_wconf 85' lang='lat' dir='ltr'><strong>sed</strong></span> <span class='ocrx_word' id='word_1_39' title='bbox 2199 889 2354 942; x_wconf 83' lang='lat' dir='ltr'><strong>aetas</strong></span> 
     </span>
     <span class='ocr_line' id='line_1_8' title="bbox 1391 979 2368 1069; baseline -0.004 -23"><span class='ocrx_word' id='word_1_40' title='bbox 1391 982 1662 1061; x_wconf 84' lang='lat' dir='ltr'><strong>Quando</strong></span> <span class='ocrx_word' id='word_1_41' title='bbox 1690 981 1775 1045; x_wconf 91' lang='lat' dir='ltr'><strong>ad</strong></span> <span class='ocrx_word' id='word_1_42' title='bbox 1803 996 1867 1047; x_wconf 90' lang='lat' dir='ltr'><strong>te</strong></span> <span class='ocrx_word' id='word_1_43' title='bbox 1897 980 2185 1069; x_wconf 83' lang='lat' dir='ltr'><strong>pervenit</strong></span> <span class='ocrx_word' id='word_1_44' title='bbox 2216 979 2321 1043; x_wconf 91' lang='lat' dir='ltr'><strong>ille</strong></span> <span class='ocrx_word' id='word_1_45' title='bbox 2340 984 2368 1042; x_wconf 76' lang='grc' dir='ltr'><strong><em>Ρ</em></strong></span> 
     </span>
    </p>
   </div>
   <div class='ocr_carea' id='block_1_5' title="bbox 703 983 1299 1071">
    <p class='ocr_par' dir='ltr' id='par_1_5' title="bbox 703 983 1299 1071">
     <span class='ocr_line' id='line_1_9' title="bbox 703 983 1299 1071; baseline -0.002 -25"><span class='ocrx_word' id='word_1_46' title='bbox 703 983 921 1069; x_wconf 83' lang='lat' dir='ltr'>Digna</span> <span class='ocrx_word' id='word_1_47' title='bbox 949 983 1299 1071; x_wconf 68' lang='lat' dir='ltr'><strong>supercilia</strong></span> 
     </span>
    </p>
   </div>
   <div class='ocr_carea' id='block_1_6' title="bbox 2605 773 2689 839">
    <p class='ocr_par' dir='ltr' id='par_1_6' title="bbox 2605 773 2689 839">
     <span class='ocr_line' id='line_1_10' title="bbox 2605 773 2689 839; baseline 0 0"><span class='ocrx_word' id='word_1_48' title='bbox 2605 773 2689 839; x_wconf 91' lang='grc'><strong>60</strong></span> 
     </span>
    </p>
   </div>
   <div class='ocr_carea' id='block_1_7' title="bbox 644 1079 2692 1783">
    <p class='ocr_par' dir='ltr' id='par_1_7' title="bbox 644 1079 2692 1783">
     <span class='ocr_line' id='line_1_11' title="bbox 704 1079 2459 1169; baseline -0.002 -22"><span class='ocrx_word' id='word_1_49' title='bbox 704 1083 984 1158; x_wconf 81' lang='lat' dir='ltr'><strong>Quando</strong></span> <span class='ocrx_word' id='word_1_50' title='bbox 1011 1096 1272 1149; x_wconf 84' lang='lat' dir='ltr'><strong>vocatus</strong></span> <span class='ocrx_word' id='word_1_51' title='bbox 1300 1083 1478 1147; x_wconf 87' lang='lat' dir='ltr'><strong>adest</strong></span> <span class='ocrx_word' id='word_1_52' title='bbox 1508 1082 1729 1147; x_wconf 83' lang='lat' dir='ltr'><strong>calidae</strong></span> <span class='ocrx_word' id='word_1_53' title='bbox 1756 1083 2113 1169; x_wconf 83' lang='lat' dir='ltr'><strong>gelidaeque</strong></span> <span class='ocrx_word' id='word_1_54' title='bbox 2140 1079 2459 1145; x_wconf 82' lang='lat' dir='ltr'><strong>minister?</strong></span> 
     </span>
     <span class='ocr_line' id='line_1_12' title="bbox 706 1183 2102 1272; baseline -0.001 -24"><span class='ocrx_word' id='word_1_55' title='bbox 706 1183 968 1272; x_wconf 80' lang='lat' dir='ltr'><strong>Quippe</strong></span> <span class='ocrx_word' id='word_1_56' title='bbox 995 1185 1363 1271; x_wconf 85' lang='lat' dir='ltr'><strong>indignatur</strong></span> <span class='ocrx_word' id='word_1_57' title='bbox 1395 1185 1591 1248; x_wconf 88' lang='lat' dir='ltr'><strong>veteri</strong></span> <span class='ocrx_word' id='word_1_58' title='bbox 1622 1206 1843 1270; x_wconf 89' lang='lat' dir='ltr'><strong>parere</strong></span> <span class='ocrx_word' id='word_1_59' title='bbox 1864 1183 2102 1261; x_wconf 87' lang='lat' dir='ltr'><strong>clienti,</strong></span> 
     </span>
     <span class='ocr_line' id='line_1_13' title="bbox 708 1280 2692 1372; baseline -0.002 -23"><span class='ocrx_word' id='word_1_60' title='bbox 708 1284 1033 1372; x_wconf 85' lang='lat' dir='ltr'><strong>Quodque</strong></span> <span class='ocrx_word' id='word_1_61' title='bbox 1062 1284 1306 1372; x_wconf 85' lang='lat' dir='ltr'><strong>aliquid</strong></span> <span class='ocrx_word' id='word_1_62' title='bbox 1336 1307 1580 1371; x_wconf 73' lang='lat' dir='ltr'><strong>poscae,</strong></span> <span class='ocrx_word' id='word_1_63' title='bbox 1609 1296 1675 1348; x_wconf 91' lang='lat' dir='ltr'><strong>et</strong></span> <span class='ocrx_word' id='word_1_64' title='bbox 1704 1284 1881 1370; x_wconf 88' lang='lat' dir='ltr'><strong>quod</strong></span> <span class='ocrx_word' id='word_1_65' title='bbox 1912 1308 1976 1349; x_wconf 87' lang='lat' dir='ltr'><strong>se</strong></span> <span class='ocrx_word' id='word_1_66' title='bbox 2007 1283 2580 1349; x_wconf 42' lang='lat' dir='ltr'><strong>stantefrecumbas.</strong></span> <span class='ocrx_word' id='word_1_67' title='bbox 2608 1280 2692 1345; x_wconf 82' lang='lat'><strong>65</strong></span> 
     </span>
     <span class='ocr_line' id='line_1_14' title="bbox 644 1386 2451 1474; baseline -0.002 -23"><span class='ocrx_word' id='word_1_68' title='bbox 644 1423 652 1429; x_wconf 91' lang='lat'><em>·</em></span> <span class='ocrx_word' id='word_1_69' title='bbox 707 1388 997 1451; x_wconf 84' lang='lat' dir='ltr'><strong>Maxima</strong></span> <span class='ocrx_word' id='word_1_70' title='bbox 1024 1410 1299 1474; x_wconf 87' lang='lat' dir='ltr'><strong>quaeque</strong></span> <span class='ocrx_word' id='word_1_71' title='bbox 1327 1387 1555 1451; x_wconf 88' lang='lat' dir='ltr'><strong>domus</strong></span> <span class='ocrx_word' id='word_1_72' title='bbox 1585 1388 1779 1451; x_wconf 84' lang='lat' dir='ltr'><strong>servis</strong></span> <span class='ocrx_word' id='word_1_73' title='bbox 1808 1401 1902 1452; x_wconf 85' lang='lat' dir='ltr'><strong>est</strong></span> <span class='ocrx_word' id='word_1_74' title='bbox 1931 1387 2117 1474; x_wconf 90' lang='lat' dir='ltr'><strong>plena</strong></span> <span class='ocrx_word' id='word_1_75' title='bbox 2146 1386 2451 1473; x_wconf 85' lang='lat' dir='ltr'><strong>superbis.</strong></span> 
     </span>
     <span class='ocr_line' id='line_1_15' title="bbox 790 1491 2346 1578; baseline -0.003 -22"><span class='ocrx_word' id='word_1_76' title='bbox 790 1494 958 1556; x_wconf 89' lang='lat' dir='ltr'><strong>Ecce</strong></span> <span class='ocrx_word' id='word_1_77' title='bbox 986 1491 1149 1555; x_wconf 87' lang='lat' dir='ltr'><strong>alius</strong></span> <span class='ocrx_word' id='word_1_78' title='bbox 1178 1503 1420 1578; x_wconf 91' lang='lat' dir='ltr'><strong>quanto</strong></span> <span class='ocrx_word' id='word_1_79' title='bbox 1447 1492 2088 1576; x_wconf 79' lang='lat' dir='ltr'><strong>porrexit‘murmure</strong></span> <span class='ocrx_word' id='word_1_80' title='bbox 2117 1512 2346 1576; x_wconf 89' lang='lat' dir='ltr'><strong>panem</strong></span> 
     </span>
     <span class='ocr_line' id='line_1_16' title="bbox 708 1591 2376 1678; baseline -0.001 -22"><span class='ocrx_word' id='word_1_81' title='bbox 708 1593 833 1656; x_wconf 85' lang='lat' dir='ltr'><strong>Vix</strong></span> <span class='ocrx_word' id='word_1_82' title='bbox 854 1594 1152 1671; x_wconf 85' lang='lat' dir='ltr'><strong>fractum,</strong></span> <span class='ocrx_word' id='word_1_83' title='bbox 1184 1591 1400 1657; x_wconf 84' lang='lat' dir='ltr'><strong>solidae</strong></span> <span class='ocrx_word' id='word_1_84' title='bbox 1421 1593 1557 1678; x_wconf 86' lang='lat' dir='ltr'><strong>jam</strong></span> <span class='ocrx_word' id='word_1_85' title='bbox 1586 1592 1841 1656; x_wconf 88' lang='lat' dir='ltr'><strong>mucida</strong></span> <span class='ocrx_word' id='word_1_86' title='bbox 1867 1593 2108 1657; x_wconf 85' lang='lat' dir='ltr'><strong>frustra</strong></span> <span class='ocrx_word' id='word_1_87' title='bbox 2133 1591 2376 1669; x_wconf 87' lang='lat' dir='ltr'><strong>farinae,</strong></span> 
     </span>
     <span class='ocr_line' id='line_1_17' title="bbox 709 1695 2454 1783; baseline -0.001 -24"><span class='ocrx_word' id='word_1_88' title='bbox 709 1699 869 1776; x_wconf 84' lang='lat' dir='ltr'><strong>Quae</strong></span> <span class='ocrx_word' id='word_1_89' title='bbox 897 1695 1246 1783; x_wconf 89' lang='lat' dir='ltr'><strong>genuinum</strong></span> <span class='ocrx_word' id='word_1_90' title='bbox 1276 1697 1544 1782; x_wconf 84' lang='lat' dir='ltr'><strong>agitent,</strong></span> <span class='ocrx_word' id='word_1_91' title='bbox 1575 1719 1700 1761; x_wconf 92' lang='lat' dir='ltr'><strong>non</strong></span> <span class='ocrx_word' id='word_1_92' title='bbox 1729 1696 2132 1762; x_wconf 86' lang='lat' dir='ltr'><strong>admittentia</strong></span> <span class='ocrx_word' id='word_1_93' title='bbox 2158 1718 2454 1760; x_wconf 88' lang='lat' dir='ltr'><strong>morsum.</strong></span> 
     </span>
    </p>
   </div>
   <div class='ocr_carea' id='block_1_8' title="bbox 624 1898 1629 1957">
    <p class='ocr_par' dir='ltr' id='par_1_8' title="bbox 624 1898 1629 1957">
     <span class='ocr_line' id='line_1_18' title="bbox 624 1898 1629 1957; baseline -0.002 -12"><span class='ocrx_word' id='word_1_94' title='bbox 624 1905 796 1957; x_wconf 74' lang='lat' dir='ltr'><strong>gauter</strong></span> <span class='ocrx_word' id='word_1_95' title='bbox 826 1899 979 1945; x_wconf 84' lang='lat' dir='ltr'><strong>eomti</strong></span> <span class='ocrx_word' id='word_1_96' title='bbox 1020 1898 1377 1957; x_wconf 70' lang='lat' dir='ltr'><strong>unguentisque</strong></span> <span class='ocrx_word' id='word_1_97' title='bbox 1409 1899 1629 1943; x_wconf 87' lang='lat' dir='ltr'><strong>delibuti.</strong></span> 
     </span>
    </p>
   </div>
   <div class='ocr_carea' id='block_1_9' title="bbox 1695 1895 2700 1956">
    <p class='ocr_par' dir='ltr' id='par_1_9' title="bbox 1695 1895 2700 1956">
     <span class='ocr_line' id='line_1_19' title="bbox 1695 1895 2700 1956; baseline -0.005 -13"><span class='ocrx_word' id='word_1_98' title='bbox 1695 1904 1816 1956; x_wconf 86' lang='lat' dir='ltr'><strong>tem,</strong></span> <span class='ocrx_word' id='word_1_99' title='bbox 1833 1898 1884 1945; x_wconf 85' lang='lat' dir='ltr'>h.</span> <span class='ocrx_word' id='word_1_100' title='bbox 1899 1912 1943 1945; x_wconf 94' lang='lat' dir='ltr'><strong>e.</strong></span> <span class='ocrx_word' id='word_1_101' title='bbox 1964 1911 2077 1944; x_wconf 88' lang='lat' dir='ltr'><strong>eum</strong></span> <span class='ocrx_word' id='word_1_102' title='bbox 2101 1898 2203 1943; x_wconf 84' lang='lat' dir='ltr'><strong>sine</strong></span> <span class='ocrx_word' id='word_1_103' title='bbox 2225 1897 2312 1942; x_wconf 88' lang='lat' dir='ltr'><strong>tibi</strong></span> <span class='ocrx_word' id='word_1_104' title='bbox 2339 1895 2631 1948; x_wconf 83' lang='lat' dir='ltr'><strong>mlnistrare,</strong></span> <span class='ocrx_word' id='word_1_105' title='bbox 2654 1901 2700 1939; x_wconf 90' lang='lat' dir='ltr'><strong>et</strong></span> 
     </span>
    </p>
   </div>
   <div class='ocr_carea' id='block_1_10' title="bbox 625 1959 2711 2086">
    <p class='ocr_par' dir='ltr' id='par_1_10' title="bbox 625 1959 2711 2086">
     <span class='ocr_line' id='line_1_20' title="bbox 628 1959 2698 2023; baseline -0.003 -13"><span class='ocrx_word' id='word_1_106' title='bbox 628 1965 880 2010; x_wconf 79' lang='lat' dir='ltr'><strong>contrade</strong></span> <span class='ocrx_word' id='word_1_107' title='bbox 896 1975 1034 2009; x_wconf 85' lang='lat' dir='ltr'><strong>coena</strong></span> <span class='ocrx_word' id='word_1_108' title='bbox 1047 1962 1237 2007; x_wconf 86' lang='lat' dir='ltr'><strong>modica</strong></span> <span class='ocrx_word' id='word_1_109' title='bbox 1256 1976 1299 2006; x_wconf 87' lang='lat' dir='ltr'>v.</span> <span class='ocrx_word' id='word_1_110' title='bbox 1314 1961 1505 2008; x_wconf 63' lang='lat' dir='ltr'><strong>infixi.</strong></span> <span class='ocrx_word' id='word_1_111' title='bbox 1524 1961 1630 2007; x_wconf 78' lang='lat'>145.</span> <span class='ocrx_word' id='word_1_112' title='bbox 1690 1959 1809 2023; x_wconf 89' lang='lat' dir='ltr'><strong>jube</strong></span> <span class='ocrx_word' id='word_1_113' title='bbox 1839 1965 2045 2015; x_wconf 73' lang='lat' dir='ltr'><strong>miscere,</strong></span> <span class='ocrx_word' id='word_1_114' title='bbox 2077 1963 2126 2007; x_wconf 85' lang='lat' dir='ltr'><strong>b.</strong></span> <span class='ocrx_word' id='word_1_115' title='bbox 2153 1978 2199 2009; x_wconf 84' lang='lat' dir='ltr'><strong>e.</strong></span> <span class='ocrx_word' id='word_1_116' title='bbox 2229 1962 2482 2007; x_wconf 75' lang='lat' dir='ltr'><strong>infundere</strong></span> <span class='ocrx_word' id='word_1_117' title='bbox 2506 1960 2668 2004; x_wconf 86' lang='lat' dir='ltr'><strong>vinum</strong></span> <span class='ocrx_word' id='word_1_118' title='bbox 2684 1974 2698 2003; x_wconf 74' lang='grc' dir='ltr'><strong><em>ε</em></strong></span> 
     </span>
     <span class='ocr_line' id='line_1_21' title="bbox 625 2025 2711 2086; baseline -0.003 -13"><span class='ocrx_word' id='word_1_119' title='bbox 625 2041 727 2086; x_wconf 80' lang='lat' dir='ltr'><strong>seq.</strong></span> <span class='ocrx_word' id='word_1_120' title='bbox 746 2026 951 2072; x_wconf 78' lang='lat' dir='ltr'><strong>Maximi</strong></span> <span class='ocrx_word' id='word_1_121' title='bbox 970 2034 1133 2071; x_wconf 87' lang='lat' dir='ltr'><strong>autem</strong></span> <span class='ocrx_word' id='word_1_122' title='bbox 1154 2025 1522 2071; x_wconf 64' lang='lat' dir='ltr'><strong>aestimabantur</strong></span> <span class='ocrx_word' id='word_1_123' title='bbox 1537 2039 1634 2071; x_wconf 86' lang='lat' dir='ltr'><strong>ser·</strong></span> <span class='ocrx_word' id='word_1_124' title='bbox 1700 2040 1813 2071; x_wconf 88' lang='lat' dir='ltr'><strong>nam</strong></span> <span class='ocrx_word' id='word_1_125' title='bbox 1831 2034 2013 2072; x_wconf 85' lang='lat' dir='ltr'><strong>veteres</strong></span> <span class='ocrx_word' id='word_1_126' title='bbox 2031 2028 2198 2072; x_wconf 88' lang='lat' dir='ltr'><strong>vinum</strong></span> <span class='ocrx_word' id='word_1_127' title='bbox 2221 2026 2438 2071; x_wconf 81' lang='lat' dir='ltr'><strong>admixta</strong></span> <span class='ocrx_word' id='word_1_128' title='bbox 2454 2037 2600 2082; x_wconf 86' lang='lat' dir='ltr'><strong>aqua,</strong></span> <span class='ocrx_word' id='word_1_129' title='bbox 2618 2037 2711 2068; x_wconf 88' lang='lat' dir='ltr'><strong>nec</strong></span> 
     </span>
    </p>
   </div>
   <div class='ocr_carea' id='block_1_11' title="bbox 627 2089 1642 2535">
    <p class='ocr_par' dir='ltr' id='par_1_11' title="bbox 627 2089 1642 2468">
     <span class='ocr_line' id='line_1_22' title="bbox 627 2089 1637 2149; baseline -0.002 -13"><span class='ocrx_word' id='word_1_130' title='bbox 627 2093 695 2148; x_wconf 84' lang='lat' dir='ltr'><strong>vi,</strong></span> <span class='ocrx_word' id='word_1_131' title='bbox 711 2105 773 2136; x_wconf 76' lang='lat' dir='ltr'><strong>ex</strong></span> <span class='ocrx_word' id='word_1_132' title='bbox 784 2090 1010 2149; x_wconf 84' lang='lat' dir='ltr'><strong>Phrygia,</strong></span> <span class='ocrx_word' id='word_1_133' title='bbox 1025 2089 1173 2147; x_wconf 85' lang='lat' dir='ltr'><strong>Lycia</strong></span> <span class='ocrx_word' id='word_1_134' title='bbox 1188 2090 1387 2148; x_wconf 85' lang='lat' dir='ltr'><strong>aliisque</strong></span> <span class='ocrx_word' id='word_1_135' title='bbox 1403 2089 1530 2135; x_wconf 79' lang='lat' dir='ltr'><strong>Asiae</strong></span> <span class='ocrx_word' id='word_1_136' title='bbox 1545 2090 1637 2134; x_wconf 89' lang='lat' dir='ltr'><strong>mi·</strong></span> 
     </span>
     <span class='ocr_line' id='line_1_23' title="bbox 627 2153 1634 2212; baseline -0.001 -12"><span class='ocrx_word' id='word_1_137' title='bbox 627 2155 758 2200; x_wconf 85' lang='lat' dir='ltr'><strong>noris</strong></span> <span class='ocrx_word' id='word_1_138' title='bbox 769 2154 1043 2211; x_wconf 74' lang='lat' dir='ltr'><strong>regionibus</strong></span> <span class='ocrx_word' id='word_1_139' title='bbox 1059 2153 1211 2212; x_wconf 84' lang='lat' dir='ltr'><strong>petiti.</strong></span> <span class='ocrx_word' id='word_1_140' title='bbox 1231 2154 1304 2199; x_wconf 81' lang='lat' dir='ltr'>cf.</span> <span class='ocrx_word' id='word_1_141' title='bbox 1321 2155 1408 2199; x_wconf 77' lang='lat' dir='ltr'><strong>inf.</strong></span> <span class='ocrx_word' id='word_1_142' title='bbox 1427 2153 1634 2200; x_wconf 67' lang='lat' dir='ltr'>xum.</span> 
     </span>
     <span class='ocr_line' id='line_1_24' title="bbox 627 2219 1635 2276; baseline -0.002 -13"><span class='ocrx_word' id='word_1_143' title='bbox 627 2223 735 2265; x_wconf 75' lang='lat' dir='ltr'><strong>aute</strong></span> <span class='ocrx_word' id='word_1_144' title='bbox 747 2220 896 2274; x_wconf 70' lang='lat' dir='ltr'><strong>ipsum</strong></span> <span class='ocrx_word' id='word_1_145' title='bbox 920 2224 1176 2275; x_wconf 87' lang='lat' dir='ltr'><strong>patronum</strong></span> <span class='ocrx_word' id='word_1_146' title='bbox 1192 2219 1292 2263; x_wconf 81' lang='lat' dir='ltr'><strong>scil.</strong></span> <span class='ocrx_word' id='word_1_147' title='bbox 1307 2226 1420 2271; x_wconf 78' lang='lat' dir='ltr'><strong>stat,</strong></span> <span class='ocrx_word' id='word_1_148' title='bbox 1441 2227 1635 2276; x_wconf 80' lang='lat' dir='ltr'><strong>paratus</strong></span> 
     </span>
     <span class='ocr_line' id='line_1_25' title="bbox 631 2278 1642 2347; baseline -0.001 -19"><span class='ocrx_word' id='word_1_149' title='bbox 631 2283 692 2328; x_wconf 82' lang='lat' dir='ltr'><strong>ad</strong></span> <span class='ocrx_word' id='word_1_150' title='bbox 715 2282 1047 2327; x_wconf 69' lang='lat' dir='ltr'><strong>ministerium:</strong></span> <span class='ocrx_word' id='word_1_151' title='bbox 1105 2281 1181 2327; x_wconf 90' lang='lat' dir='ltr'><strong>Sic</strong></span> <span class='ocrx_word' id='word_1_152' title='bbox 1214 2282 1355 2336; x_wconf 64' lang='grc' dir='ltr'><strong>φῆναι,</strong></span> <span class='ocrx_word' id='word_1_153' title='bbox 1385 2278 1642 2347; x_wconf 57' lang='grc' dir='ltr'><strong>«ειμι-ἔναι’</strong></span> 
     </span>
     <span class='ocr_line' id='line_1_26' title="bbox 630 2342 1637 2411; baseline 0 -20"><span class='ocrx_word' id='word_1_154' title='bbox 630 2364 712 2392; x_wconf 74' lang='grc' dir='ltr'><strong>«ηπ</strong></span> <span class='ocrx_word' id='word_1_155' title='bbox 733 2359 815 2391; x_wconf 77' lang='lat' dir='ltr'><strong>seu</strong></span> <span class='ocrx_word' id='word_1_156' title='bbox 840 2342 1011 2391; x_wconf 63' lang='lat' dir='ltr'><strong>iuba-16·</strong></span> <span class='ocrx_word' id='word_1_157' title='bbox 1029 2364 1154 2399; x_wconf 66' lang='grc' dir='ltr'><strong>τινος,</strong></span> <span class='ocrx_word' id='word_1_158' title='bbox 1173 2345 1213 2392; x_wconf 72' lang='grc' dir='ltr'><strong>οἵ</strong></span> <span class='ocrx_word' id='word_1_159' title='bbox 1244 2345 1397 2399; x_wconf 55' lang='lat' dir='ltr'><strong>&amp;Seu</strong></span> <span class='ocrx_word' id='word_1_160' title='bbox 1430 2358 1478 2393; x_wconf 79' lang='lat' dir='ltr'><strong>et</strong></span> <span class='ocrx_word' id='word_1_161' title='bbox 1503 2363 1637 2411; x_wconf 64' lang='lat' dir='ltr'><strong>tags-</strong></span> 
     </span>
     <span class='ocr_line' id='line_1_27' title="bbox 631 2409 1420 2468; baseline -0.003 -11"><span class='ocrx_word' id='word_1_162' title='bbox 631 2409 789 2468; x_wconf 64' lang='grc' dir='ltr'><strong>σὶιτις,</strong></span> <span class='ocrx_word' id='word_1_163' title='bbox 809 2411 1086 2456; x_wconf 77' lang='lat' dir='ltr'><strong>det&#39;amulis</strong></span> <span class='ocrx_word' id='word_1_164' title='bbox 1107 2424 1146 2456; x_wconf 87' lang='lat' dir='ltr'><strong>s.</strong></span> <span class='ocrx_word' id='word_1_165' title='bbox 1173 2412 1420 2456; x_wconf 76' lang='lat' dir='ltr'><strong>ministris.</strong></span> 
     </span>
    </p>

    <p class='ocr_par' dir='ltr' id='par_1_12' title="bbox 697 2474 1636 2535">
     <span class='ocr_line' id='line_1_28' title="bbox 697 2474 1636 2535; baseline 0 -13"><span class='ocrx_word' id='word_1_166' title='bbox 697 2475 776 2523; x_wconf 90' lang='grc'><strong>56.</strong></span> <span class='ocrx_word' id='word_1_167' title='bbox 795 2474 875 2521; x_wconf 80' lang='grc'><strong>57.</strong></span> <span class='ocrx_word' id='word_1_168' title='bbox 907 2475 1065 2528; x_wconf 83' lang='lat' dir='ltr'><strong>Quam</strong></span> <span class='ocrx_word' id='word_1_169' title='bbox 1091 2477 1310 2521; x_wconf 86' lang='lat' dir='ltr'><strong>inmenso</strong></span> <span class='ocrx_word' id='word_1_170' title='bbox 1338 2490 1466 2534; x_wconf 82' lang='lat' dir='ltr'><strong>saepe</strong></span> <span class='ocrx_word' id='word_1_171' title='bbox 1483 2478 1636 2535; x_wconf 83' lang='lat' dir='ltr'><strong>pretio</strong></span> 
     </span>
    </p>
   </div>
   <div class='ocr_carea' id='block_1_12' title="bbox 521 2540 1639 2599">
    <p class='ocr_par' dir='ltr' id='par_1_13' title="bbox 521 2540 1639 2599">
     <span class='ocr_line' id='line_1_29' title="bbox 521 2540 1639 2599; baseline -0.001 -13"><span class='ocrx_word' id='word_1_172' title='bbox 521 2544 530 2552; x_wconf 85' lang='lat'>&#39;</span> <span class='ocrx_word' id='word_1_173' title='bbox 625 2540 839 2586; x_wconf 72' lang='lat' dir='ltr'><strong>Romani</strong></span> <span class='ocrx_word' id='word_1_174' title='bbox 856 2552 1034 2593; x_wconf 71' lang='lat' dir='ltr'><strong>servoS,</strong></span> <span class='ocrx_word' id='word_1_175' title='bbox 1057 2540 1249 2586; x_wconf 83' lang='lat' dir='ltr'><strong>Graecos</strong></span> <span class='ocrx_word' id='word_1_176' title='bbox 1262 2541 1566 2599; x_wconf 79' lang='lat' dir='ltr'><strong>potissimum</strong></span> <span class='ocrx_word' id='word_1_177' title='bbox 1591 2548 1639 2586; x_wconf 90' lang='lat' dir='ltr'><strong>et</strong></span> 
     </span>
    </p>
   </div>
   <div class='ocr_carea' id='block_1_13' title="bbox 601 2604 1649 4392">
    <p class='ocr_par' dir='ltr' id='par_1_14' title="bbox 601 2604 1649 4392">
     <span class='ocr_line' id='line_1_30' title="bbox 631 2604 1643 2657; baseline 0.002 -7"><span class='ocrx_word' id='word_1_178' title='bbox 631 2605 886 2657; x_wconf 80' lang='lat' dir='ltr'><strong>formosos,</strong></span> <span class='ocrx_word' id='word_1_179' title='bbox 920 2604 1141 2656; x_wconf 78' lang='lat' dir='ltr'><strong>emerint,</strong></span> <span class='ocrx_word' id='word_1_180' title='bbox 1165 2606 1338 2649; x_wconf 87' lang='lat' dir='ltr'><strong>docent</strong></span> <span class='ocrx_word' id='word_1_181' title='bbox 1362 2606 1482 2651; x_wconf 85' lang='lat' dir='ltr'><strong>Plin.</strong></span> <span class='ocrx_word' id='word_1_182' title='bbox 1520 2604 1643 2652; x_wconf 90' lang='lat' dir='ltr'>VII.</span> 
     </span>
     <span class='ocr_line' id='line_1_31' title="bbox 636 2667 1642 2716; baseline 0.003 -3"><span class='ocrx_word' id='word_1_183' title='bbox 636 2667 713 2714; x_wconf 78' lang='lat'>12.</span> <span class='ocrx_word' id='word_1_184' title='bbox 735 2668 869 2715; x_wconf 83' lang='lat' dir='ltr'><strong>Suet.</strong></span> <span class='ocrx_word' id='word_1_185' title='bbox 887 2669 1008 2714; x_wconf 80' lang='lat' dir='ltr'><strong>Coes.</strong></span> <span class='ocrx_word' id='word_1_186' title='bbox 1023 2667 1100 2714; x_wconf 75' lang='lat'><strong>47.</strong></span> <span class='ocrx_word' id='word_1_187' title='bbox 1116 2669 1219 2713; x_wconf 87' lang='lat' dir='ltr'><strong>Liv.</strong></span> <span class='ocrx_word' id='word_1_188' title='bbox 1237 2669 1478 2714; x_wconf 78' lang='lat' dir='ltr'><strong>xxxlx.</strong></span> <span class='ocrx_word' id='word_1_189' title='bbox 1497 2667 1575 2714; x_wconf 76' lang='lat'><strong>44.</strong></span> <span class='ocrx_word' id='word_1_190' title='bbox 1590 2676 1642 2716; x_wconf 88' lang='lat' dir='ltr'><strong>et</strong></span> 
     </span>
     <span class='ocr_line' id='line_1_32' title="bbox 634 2732 1640 2791; baseline 0.001 -13"><span class='ocrx_word' id='word_1_191' title='bbox 634 2733 698 2779; x_wconf 86' lang='lat' dir='ltr'><strong>al.</strong></span> <span class='ocrx_word' id='word_1_192' title='bbox 721 2732 870 2777; x_wconf 85' lang='lat' dir='ltr'><strong>Poeta</strong></span> <span class='ocrx_word' id='word_1_193' title='bbox 890 2733 1054 2791; x_wconf 90' lang='lat' dir='ltr'><strong>itaque</strong></span> <span class='ocrx_word' id='word_1_194' title='bbox 1070 2739 1203 2778; x_wconf 81' lang='lat' dir='ltr'><strong>taxat</strong></span> <span class='ocrx_word' id='word_1_195' title='bbox 1218 2734 1442 2779; x_wconf 79' lang='lat' dir='ltr'><strong>insanum</strong></span> <span class='ocrx_word' id='word_1_196' title='bbox 1467 2735 1640 2779; x_wconf 86' lang='lat' dir='ltr'><strong>luxum</strong></span> 
     </span>
     <span class='ocr_line' id='line_1_33' title="bbox 634 2797 1644 2856; baseline -0.001 -14"><span class='ocrx_word' id='word_1_197' title='bbox 634 2797 796 2842; x_wconf 77' lang='lat' dir='ltr'><strong>soeculi</strong></span> <span class='ocrx_word' id='word_1_198' title='bbox 818 2797 911 2846; x_wconf 82' lang='lat' dir='ltr'><strong>sui,</strong></span> <span class='ocrx_word' id='word_1_199' title='bbox 936 2810 1033 2854; x_wconf 92' lang='lat' dir='ltr'><strong>quo</strong></span> <span class='ocrx_word' id='word_1_200' title='bbox 1055 2798 1207 2853; x_wconf 83' lang='lat' dir='ltr'><strong>pretia</strong></span> <span class='ocrx_word' id='word_1_201' title='bbox 1228 2810 1476 2842; x_wconf 84' lang='lat' dir='ltr'><strong>servorum</strong></span> <span class='ocrx_word' id='word_1_202' title='bbox 1501 2810 1644 2856; x_wconf 85' lang='lat' dir='ltr'><strong>supe·</strong></span> 
     </span>
     <span class='ocr_line' id='line_1_34' title="bbox 633 2859 1642 2907; baseline 0 -1"><span class='ocrx_word' id='word_1_203' title='bbox 633 2867 744 2906; x_wconf 84' lang='lat' dir='ltr'><strong>rent</strong></span> <span class='ocrx_word' id='word_1_204' title='bbox 777 2861 1031 2905; x_wconf 80' lang='lat' dir='ltr'><strong>facultates</strong></span> <span class='ocrx_word' id='word_1_205' title='bbox 1066 2859 1197 2904; x_wconf 67' lang='lat' dir='ltr'><strong>Tulli</strong></span> <span class='ocrx_word' id='word_1_206' title='bbox 1217 2861 1418 2906; x_wconf 84' lang='lat' dir='ltr'><strong>Hostilii</strong></span> <span class='ocrx_word' id='word_1_207' title='bbox 1444 2868 1492 2906; x_wconf 88' lang='lat' dir='ltr'><strong>et</strong></span> <span class='ocrx_word' id='word_1_208' title='bbox 1515 2863 1642 2907; x_wconf 77' lang='lat' dir='ltr'><strong>Anci</strong></span> 
     </span>
     <span class='ocr_line' id='line_1_35' title="bbox 636 2924 1640 2982; baseline 0.001 -13"><span class='ocrx_word' id='word_1_209' title='bbox 636 2924 831 2980; x_wconf 86' lang='lat' dir='ltr'><strong>Marcii,</strong></span> <span class='ocrx_word' id='word_1_210' title='bbox 852 2924 1191 2982; x_wconf 78' lang='lat' dir='ltr'><strong>regum-Rom.</strong></span> <span class='ocrx_word' id='word_1_211' title='bbox 1212 2925 1294 2982; x_wconf 88' lang='lat' dir='ltr'><strong>qui</strong></span> <span class='ocrx_word' id='word_1_212' title='bbox 1329 2932 1489 2969; x_wconf 87' lang='lat' dir='ltr'><strong>tamen</strong></span> <span class='ocrx_word' id='word_1_213' title='bbox 1523 2925 1640 2970; x_wconf 87' lang='lat' dir='ltr'><strong>olim</strong></span> 
     </span>
     <span class='ocr_line' id='line_1_36' title="bbox 635 2986 1642 3034; baseline 0.003 -3"><span class='ocrx_word' id='word_1_214' title='bbox 635 2987 860 3032; x_wconf 86' lang='lat' dir='ltr'><strong>ditissimi</strong></span> <span class='ocrx_word' id='word_1_215' title='bbox 882 2987 1063 3031; x_wconf 81' lang='lat' dir='ltr'><strong>civium</strong></span> <span class='ocrx_word' id='word_1_216' title='bbox 1086 2986 1280 3032; x_wconf 82' lang='lat' dir='ltr'><strong>fuerint.</strong></span> <span class='ocrx_word' id='word_1_217' title='bbox 1326 2988 1493 3033; x_wconf 87' lang='lat' dir='ltr'><strong>Ancus</strong></span> <span class='ocrx_word' id='word_1_218' title='bbox 1514 2996 1642 3034; x_wconf 86' lang='lat' dir='ltr'><strong>recte</strong></span> 
     </span>
     <span class='ocr_line' id='line_1_37' title="bbox 635 3050 1640 3109; baseline 0.004 -15"><span class='ocrx_word' id='word_1_219' title='bbox 635 3050 832 3109; x_wconf 85' lang='lat' dir='ltr'><strong>quidem</strong></span> <span class='ocrx_word' id='word_1_220' title='bbox 875 3063 1050 3108; x_wconf 76' lang='lat' dir='ltr'><strong>pauper</strong></span> <span class='ocrx_word' id='word_1_221' title='bbox 1094 3050 1273 3097; x_wconf 87' lang='lat' dir='ltr'><strong>dicitur</strong></span> <span class='ocrx_word' id='word_1_222' title='bbox 1314 3053 1483 3097; x_wconf 82' lang='lat' dir='ltr'><strong>Claud.</strong></span> <span class='ocrx_word' id='word_1_223' title='bbox 1528 3053 1640 3100; x_wconf 87' lang='lat' dir='ltr'><strong>bell.</strong></span> 
     </span>
     <span class='ocr_line' id='line_1_38' title="bbox 635 3113 1643 3172; baseline 0.005 -15"><span class='ocrx_word' id='word_1_224' title='bbox 635 3113 765 3158; x_wconf 84' lang='lat' dir='ltr'><strong>Gild.</strong></span> <span class='ocrx_word' id='word_1_225' title='bbox 808 3127 851 3158; x_wconf 83' lang='lat' dir='ltr'>v.</span> <span class='ocrx_word' id='word_1_226' title='bbox 889 3113 997 3170; x_wconf 74' lang='lat'>111.</span> <span class='ocrx_word' id='word_1_227' title='bbox 1030 3122 1247 3172; x_wconf 87' lang='lat' dir='ltr'><strong>respectu</strong></span> <span class='ocrx_word' id='word_1_228' title='bbox 1280 3117 1559 3162; x_wconf 81' lang='lat' dir='ltr'><strong>divitiarum</strong></span> <span class='ocrx_word' id='word_1_229' title='bbox 1593 3124 1643 3162; x_wconf 89' lang='lat' dir='ltr'><strong>et</strong></span> 
     </span>
     <span class='ocr_line' id='line_1_39' title="bbox 637 3177 1642 3236; baseline 0.005 -15"><span class='ocrx_word' id='word_1_230' title='bbox 637 3177 1010 3235; x_wconf 80' lang='lat' dir='ltr'><strong>magnificentiae</strong></span> <span class='ocrx_word' id='word_1_231' title='bbox 1042 3178 1231 3223; x_wconf 86' lang='lat' dir='ltr'><strong>serioris</strong></span> <span class='ocrx_word' id='word_1_232' title='bbox 1263 3181 1375 3236; x_wconf 82' lang='lat' dir='ltr'><strong>aevi,</strong></span> <span class='ocrx_word' id='word_1_233' title='bbox 1397 3181 1642 3228; x_wconf 76' lang='lat' dir='ltr'><strong>sedidem</strong></span> 
     </span>
     <span class='ocr_line' id='line_1_40' title="bbox 635 3241 1642 3302; baseline 0.004 -17"><span class='ocrx_word' id='word_1_234' title='bbox 635 3254 826 3300; x_wconf 83' lang='lat' dir='ltr'><strong>quoque</strong></span> <span class='ocrx_word' id='word_1_235' title='bbox 838 3241 1074 3287; x_wconf 86' lang='lat' dir='ltr'><strong>et.Tullus</strong></span> <span class='ocrx_word' id='word_1_236' title='bbox 1090 3241 1235 3301; x_wconf 75' lang='lat' dir='ltr'><strong>diver,</strong></span> <span class='ocrx_word' id='word_1_237' title='bbox 1259 3245 1527 3302; x_wconf 75' lang='lat' dir='ltr'><strong>priscorum</strong></span> <span class='ocrx_word' id='word_1_238' title='bbox 1540 3245 1642 3289; x_wconf 83' lang='lat' dir='ltr'><strong>scil.</strong></span> 
     </span>
     <span class='ocr_line' id='line_1_41' title="bbox 637 3306 1642 3365; baseline 0.004 -16"><span class='ocrx_word' id='word_1_239' title='bbox 637 3312 911 3362; x_wconf 84' lang='lat' dir='ltr'><strong>temporum</strong></span> <span class='ocrx_word' id='word_1_240' title='bbox 935 3307 1118 3351; x_wconf 83' lang='lat' dir='ltr'><strong>ratione</strong></span> <span class='ocrx_word' id='word_1_241' title='bbox 1145 3306 1329 3365; x_wconf 85' lang='lat' dir='ltr'><strong>habita,</strong></span> <span class='ocrx_word' id='word_1_242' title='bbox 1356 3308 1532 3354; x_wconf 86' lang='lat' dir='ltr'><strong>Horat.</strong></span> <span class='ocrx_word' id='word_1_243' title='bbox 1550 3308 1642 3353; x_wconf 91' lang='lat' dir='ltr'><strong>Od.</strong></span> 
     </span>
     <span class='ocr_line' id='line_1_42' title="bbox 635 3368 1642 3432; baseline 0.003 -18"><span class='ocrx_word' id='word_1_244' title='bbox 635 3368 723 3415; x_wconf 88' lang='lat' dir='ltr'>1v.</span> <span class='ocrx_word' id='word_1_245' title='bbox 749 3369 793 3415; x_wconf 80' lang='lat'>7.</span> <span class='ocrx_word' id='word_1_246' title='bbox 819 3368 894 3413; x_wconf 85' lang='lat'>15.</span> <span class='ocrx_word' id='word_1_247' title='bbox 932 3369 1309 3429; x_wconf 69' lang='lat' dir='ltr'><strong>Tullipugnacis,</strong></span> <span class='ocrx_word' id='word_1_248' title='bbox 1326 3373 1455 3432; x_wconf 84' lang='lat' dir='ltr'><strong>quod</strong></span> <span class='ocrx_word' id='word_1_249' title='bbox 1473 3379 1642 3417; x_wconf 83' lang='lat' dir='ltr'><strong>notum</strong></span> 
     </span>
     <span class='ocr_line' id='line_1_43' title="bbox 634 3432 1643 3496; baseline 0.004 -17"><span class='ocrx_word' id='word_1_250' title='bbox 634 3447 700 3479; x_wconf 67' lang='lat' dir='ltr'><strong>ex-</strong></span> <span class='ocrx_word' id='word_1_251' title='bbox 717 3432 826 3482; x_wconf 80' lang='lat' dir='ltr'><strong>Liv.</strong></span> <span class='ocrx_word' id='word_1_252' title='bbox 851 3433 893 3481; x_wconf 88' lang='lat'>1.</span> <span class='ocrx_word' id='word_1_253' title='bbox 913 3434 994 3480; x_wconf 73' lang='lat'>22.</span> <span class='ocrx_word' id='word_1_254' title='bbox 1019 3446 1116 3494; x_wconf 82' lang='lat' dir='ltr'><strong>seq.</strong></span> <span class='ocrx_word' id='word_1_255' title='bbox 1155 3435 1231 3483; x_wconf 81' lang='lat' dir='ltr'><strong>cf.</strong></span> <span class='ocrx_word' id='word_1_256' title='bbox 1253 3436 1394 3496; x_wconf 86' lang='lat' dir='ltr'><strong>Virg.</strong></span> <span class='ocrx_word' id='word_1_257' title='bbox 1418 3436 1528 3481; x_wconf 82' lang='lat' dir='ltr'><strong>AEn.</strong></span> <span class='ocrx_word' id='word_1_258' title='bbox 1552 3437 1643 3483; x_wconf 88' lang='lat' dir='ltr'>v1.</span> 
     </span>
     <span class='ocr_line' id='line_1_44' title="bbox 601 3497 1645 3558; baseline 0.001 -15"><span class='ocrx_word' id='word_1_259' title='bbox 601 3519 608 3524; x_wconf 83' lang='lat'>-</span> <span class='ocrx_word' id='word_1_260' title='bbox 634 3497 747 3544; x_wconf 83' lang='lat'>813.</span> <span class='ocrx_word' id='word_1_261' title='bbox 778 3511 879 3558; x_wconf 87' lang='lat' dir='ltr'><strong>seq.</strong></span> <span class='ocrx_word' id='word_1_262' title='bbox 924 3497 1003 3545; x_wconf 86' lang='grc'><strong>58.</strong></span> <span class='ocrx_word' id='word_1_263' title='bbox 1035 3513 1092 3544; x_wconf 82' lang='lat' dir='ltr'><strong>ne</strong></span> <span class='ocrx_word' id='word_1_264' title='bbox 1113 3502 1156 3544; x_wconf 80' lang='lat' dir='ltr'><strong>le</strong></span> <span class='ocrx_word' id='word_1_265' title='bbox 1180 3504 1374 3558; x_wconf 79' lang='lat' dir='ltr'><strong>teneam,</strong></span> <span class='ocrx_word' id='word_1_266' title='bbox 1394 3508 1444 3545; x_wconf 90' lang='lat' dir='ltr'><strong>te</strong></span> <span class='ocrx_word' id='word_1_267' title='bbox 1475 3501 1645 3545; x_wconf 86' lang='lat' dir='ltr'><strong>multis</strong></span> 
     </span>
     <span class='ocr_line' id='line_1_45' title="bbox 637 3564 1644 3623; baseline 0.004 -17"><span class='ocrx_word' id='word_1_268' title='bbox 637 3564 896 3608; x_wconf 81' lang='lat' dir='ltr'><strong>verborum</strong></span> <span class='ocrx_word' id='word_1_269' title='bbox 912 3564 1198 3621; x_wconf 86' lang='lat' dir='ltr'><strong>ambagibus</strong></span> <span class='ocrx_word' id='word_1_270' title='bbox 1215 3578 1395 3623; x_wconf 87' lang='lat' dir='ltr'><strong>morer,</strong></span> <span class='ocrx_word' id='word_1_271' title='bbox 1409 3570 1464 3609; x_wconf 91' lang='lat' dir='ltr'><strong>ut</strong></span> <span class='ocrx_word' id='word_1_272' title='bbox 1477 3565 1644 3623; x_wconf 84' lang='lat' dir='ltr'><strong>paucis</strong></span> 
     </span>
     <span class='ocr_line' id='line_1_46' title="bbox 636 3625 1646 3689; baseline 0.003 -19"><span class='ocrx_word' id='word_1_273' title='bbox 636 3625 811 3672; x_wconf 73' lang='lat' dir='ltr'><strong>dicam.</strong></span> <span class='ocrx_word' id='word_1_274' title='bbox 842 3627 999 3672; x_wconf 72' lang='lat' dir='ltr'><strong>munia</strong></span> <span class='ocrx_word' id='word_1_275' title='bbox 1031 3628 1295 3685; x_wconf 87' lang='lat' dir='ltr'><strong>priscorum</strong></span> <span class='ocrx_word' id='word_1_276' title='bbox 1325 3642 1494 3689; x_wconf 83' lang='lat' dir='ltr'><strong>regum</strong></span> <span class='ocrx_word' id='word_1_277' title='bbox 1520 3629 1646 3673; x_wconf 89' lang='lat' dir='ltr'><strong>bona</strong></span> 
     </span>
     <span class='ocr_line' id='line_1_47' title="bbox 621 3686 1645 3751; baseline 0.003 -18"><span class='ocrx_word' id='word_1_278' title='bbox 621 3686 824 3747; x_wconf 81' lang='lat' dir='ltr'><strong>frivola,</strong></span> <span class='ocrx_word' id='word_1_279' title='bbox 864 3690 1026 3746; x_wconf 83' lang='lat' dir='ltr'><strong>exilia,</strong></span> <span class='ocrx_word' id='word_1_280' title='bbox 1075 3692 1252 3737; x_wconf 89' lang='lat' dir='ltr'><strong>nullius</strong></span> <span class='ocrx_word' id='word_1_281' title='bbox 1294 3693 1456 3751; x_wconf 88' lang='lat' dir='ltr'><strong>pretii,</strong></span> <span class='ocrx_word' id='word_1_282' title='bbox 1504 3692 1645 3737; x_wconf 86' lang='lat' dir='ltr'><strong>nihili</strong></span> 
     </span>
     <span class='ocr_line' id='line_1_48' title="bbox 636 3753 1646 3813; baseline 0.003 -16"><span class='ocrx_word' id='word_1_283' title='bbox 636 3753 938 3810; x_wconf 70' lang='lat' dir='ltr'><strong>estimanda,</strong></span> <span class='ocrx_word' id='word_1_284' title='bbox 954 3754 996 3799; x_wconf 87' lang='lat' dir='ltr'><strong>si</strong></span> <span class='ocrx_word' id='word_1_285' title='bbox 1017 3762 1356 3813; x_wconf 72' lang='lat' dir='ltr'><strong>comparentur</strong></span> <span class='ocrx_word' id='word_1_286' title='bbox 1370 3770 1485 3802; x_wconf 90' lang='lat' dir='ltr'><strong>cum</strong></span> <span class='ocrx_word' id='word_1_287' title='bbox 1510 3768 1646 3800; x_wconf 83' lang='lat' dir='ltr'><strong>sum·</strong></span> 
     </span>
     <span class='ocr_line' id='line_1_49' title="bbox 636 3818 1645 3878; baseline 0.005 -18"><span class='ocrx_word' id='word_1_288' title='bbox 636 3829 721 3861; x_wconf 88' lang='lat' dir='ltr'><strong>ma</strong></span> <span class='ocrx_word' id='word_1_289' title='bbox 751 3818 990 3874; x_wconf 69' lang='lat' dir='ltr'><strong>pecunie,</strong></span> <span class='ocrx_word' id='word_1_290' title='bbox 1008 3830 1105 3875; x_wconf 85' lang='lat' dir='ltr'><strong>qua</strong></span> <span class='ocrx_word' id='word_1_291' title='bbox 1136 3821 1379 3864; x_wconf 84' lang='lat' dir='ltr'><strong>Asiaticus</strong></span> <span class='ocrx_word' id='word_1_292' title='bbox 1412 3820 1493 3865; x_wconf 84' lang='lat' dir='ltr'><strong>ille</strong></span> <span class='ocrx_word' id='word_1_293' title='bbox 1526 3832 1645 3878; x_wconf 89' lang='lat' dir='ltr'><strong>puer</strong></span> 
     </span>
     <span class='ocr_line' id='line_1_50' title="bbox 635 3880 1646 3991; baseline 0.005 -68"><span class='ocrx_word' id='word_1_294' title='bbox 635 3886 917 3991; x_wconf 58' lang='lat' dir='ltr'><strong>ffitus9gst3</strong></span> <span class='ocrx_word' id='word_1_295' title='bbox 951 3881 1043 3925; x_wconf 80' lang='lat' dir='ltr'><strong>nisi</strong></span> <span class='ocrx_word' id='word_1_296' title='bbox 1049 3880 1232 3942; x_wconf 78' lang='lat' dir='ltr'><strong>frivola</strong></span> <span class='ocrx_word' id='word_1_297' title='bbox 1247 3890 1322 3928; x_wconf 85' lang='lat' dir='ltr'><strong>est</strong></span> <span class='ocrx_word' id='word_1_298' title='bbox 1336 3885 1575 3931; x_wconf 76' lang='lat' dir='ltr'><strong>substant.</strong></span> <span class='ocrx_word' id='word_1_299' title='bbox 1589 3890 1646 3929; x_wconf 91' lang='lat' dir='ltr'><strong>ut</strong></span> 
     </span>
     <span class='ocr_line' id='line_1_51' title="bbox 639 4005 1643 4070; baseline 0.01 -22"><span class='ocrx_word' id='word_1_300' title='bbox 639 4042 646 4048; x_wconf 89' lang='lat'>.</span> <span class='ocrx_word' id='word_1_301' title='bbox 675 4007 781 4055; x_wconf 56' lang='lat'><strong>59.</strong></span> <span class='ocrx_word' id='word_1_302' title='bbox 815 4007 1014 4053; x_wconf 81' lang='lat' dir='ltr'><strong>Satirice</strong></span> <span class='ocrx_word' id='word_1_303' title='bbox 1044 4005 1364 4069; x_wconf 69' lang='lat' dir='ltr'><strong>poetajungit</strong></span> <span class='ocrx_word' id='word_1_304' title='bbox 1385 4013 1643 4070; x_wconf 80' lang='lat' dir='ltr'><strong>contraria,</strong></span> 
     </span>
     <span class='ocr_line' id='line_1_52' title="bbox 636 4071 1642 4135; baseline 0.003 -16"><span class='ocrx_word' id='word_1_305' title='bbox 636 4071 893 4126; x_wconf 65' lang='lat' dir='ltr'><strong>Gaetulum,</strong></span> <span class='ocrx_word' id='word_1_306' title='bbox 908 4072 1101 4118; x_wconf 80' lang='lat' dir='ltr'><strong>fuscum</strong></span> <span class='ocrx_word' id='word_1_307' title='bbox 1120 4073 1476 4131; x_wconf 79' lang='lat' dir='ltr'><strong>acdeformem,</strong></span> <span class='ocrx_word' id='word_1_308' title='bbox 1500 4074 1579 4135; x_wconf 85' lang='lat' dir='ltr'><strong>(ut</strong></span> <span class='ocrx_word' id='word_1_309' title='bbox 1597 4091 1642 4124; x_wconf 87' lang='lat' dir='ltr'>v.</span> 
     </span>
     <span class='ocr_line' id='line_1_53' title="bbox 632 4133 1640 4197; baseline 0.002 -14"><span class='ocrx_word' id='word_1_310' title='bbox 632 4133 737 4197; x_wconf 81' lang='grc'><strong>53.)</strong></span> <span class='ocrx_word' id='word_1_311' title='bbox 770 4135 1102 4195; x_wconf 73' lang='lat' dir='ltr'><strong>Ganymedem,</strong></span> <span class='ocrx_word' id='word_1_312' title='bbox 1131 4137 1456 4195; x_wconf 82' lang='lat' dir='ltr'><strong>pocillatorem</strong></span> <span class='ocrx_word' id='word_1_313' title='bbox 1477 4154 1503 4183; x_wconf 68' lang='lat' dir='ltr'><strong>a·</strong></span> <span class='ocrx_word' id='word_1_314' title='bbox 1528 4153 1640 4185; x_wconf 87' lang='lat' dir='ltr'><strong>nam</strong></span> 
     </span>
     <span class='ocr_line' id='line_1_54' title="bbox 631 4201 1649 4261; baseline 0.004 -16"><span class='ocrx_word' id='word_1_315' title='bbox 631 4201 936 4259; x_wconf 80' lang='lat' dir='ltr'><strong>Ganymedes</strong></span> <span class='ocrx_word' id='word_1_316' title='bbox 950 4201 1137 4260; x_wconf 84' lang='lat' dir='ltr'><strong>proprie</strong></span> <span class='ocrx_word' id='word_1_317' title='bbox 1144 4202 1521 4248; x_wconf 82' lang='lat' dir='ltr'><strong>formosissimus</strong></span> <span class='ocrx_word' id='word_1_318' title='bbox 1530 4216 1649 4261; x_wconf 86' lang='lat' dir='ltr'><strong>puer</strong></span> 
     </span>
     <span class='ocr_line' id='line_1_55' title="bbox 630 4261 1646 4327; baseline 0.003 -17"><span class='ocrx_word' id='word_1_319' title='bbox 630 4265 725 4314; x_wconf 66' lang='lat' dir='ltr'><strong>fnit</strong></span> <span class='ocrx_word' id='word_1_320' title='bbox 742 4265 790 4310; x_wconf 82' lang='lat' dir='ltr'><strong>e&#39;t</strong></span> <span class='ocrx_word' id='word_1_321' title='bbox 808 4265 922 4310; x_wconf 86' lang='lat' dir='ltr'><strong>hinc</strong></span> <span class='ocrx_word' id='word_1_322' title='bbox 936 4272 1104 4323; x_wconf 85' lang='lat' dir='ltr'><strong>raptus</strong></span> <span class='ocrx_word' id='word_1_323' title='bbox 1124 4279 1155 4311; x_wconf 88' lang='lat' dir='ltr'><strong>a</strong></span> <span class='ocrx_word' id='word_1_324' title='bbox 1172 4266 1296 4311; x_wconf 75' lang='lat' dir='ltr'><strong>Jove</strong></span> <span class='ocrx_word' id='word_1_325' title='bbox 1320 4261 1522 4326; x_wconf 86' lang='lat' dir='ltr'><strong>ejusque</strong></span> <span class='ocrx_word' id='word_1_326' title='bbox 1539 4267 1646 4327; x_wconf 85' lang='lat' dir='ltr'><strong>pin-</strong></span> 
     </span>
     <span class='ocr_line' id='line_1_56' title="bbox 632 4328 1644 4392; baseline 0.002 -15"><span class='ocrx_word' id='word_1_327' title='bbox 632 4342 778 4377; x_wconf 80' lang='lat' dir='ltr'><strong>cerna</strong></span> <span class='ocrx_word' id='word_1_328' title='bbox 794 4330 978 4383; x_wconf 22' lang='lat' dir='ltr'><strong>factus,</strong></span> <span class='ocrx_word' id='word_1_329' title='bbox 1000 4328 1091 4377; x_wconf 69' lang='lat'><strong>60.</strong></span> <span class='ocrx_word' id='word_1_330' title='bbox 1102 4329 1298 4392; x_wconf 76' lang='lat' dir='ltr'><strong>Respice</strong></span> <span class='ocrx_word' id='word_1_331' title='bbox 1310 4343 1437 4390; x_wconf 87' lang='lat' dir='ltr'><strong>pone</strong></span> <span class='ocrx_word' id='word_1_332' title='bbox 1449 4331 1644 4379; x_wconf 74' lang='lat' dir='ltr'><strong>adstan-</strong></span> 
     </span>
    </p>
   </div>
   <div class='ocr_carea' id='block_1_14' title="bbox 1697 2089 2723 4136">
    <p class='ocr_par' dir='ltr' id='par_1_15' title="bbox 1697 2089 2707 2665">
     <span class='ocr_line' id='line_1_57' title="bbox 1702 2089 2702 2150; baseline -0.003 -16"><span class='ocrx_word' id='word_1_333' title='bbox 1702 2091 1794 2135; x_wconf 85' lang='lat' dir='ltr'><strong>nisi</strong></span> <span class='ocrx_word' id='word_1_334' title='bbox 1817 2099 2013 2150; x_wconf 84' lang='lat' dir='ltr'><strong>nepotes</strong></span> <span class='ocrx_word' id='word_1_335' title='bbox 2035 2104 2222 2135; x_wconf 85' lang='lat' dir='ltr'><strong>merum</strong></span> <span class='ocrx_word' id='word_1_336' title='bbox 2245 2090 2487 2135; x_wconf 82' lang='lat' dir='ltr'><strong>bibebant.</strong></span> <span class='ocrx_word' id='word_1_337' title='bbox 2524 2089 2599 2131; x_wconf 93' lang='lat' dir='ltr'><strong>De</strong></span> <span class='ocrx_word' id='word_1_338' title='bbox 2616 2089 2702 2132; x_wconf 88' lang='lat' dir='ltr'><strong>hac</strong></span> 
     </span>
     <span class='ocr_line' id='line_1_58' title="bbox 1701 2150 2704 2213; baseline -0.004 -14"><span class='ocrx_word' id='word_1_339' title='bbox 1701 2156 1799 2199; x_wconf 88' lang='lat' dir='ltr'><strong>vini</strong></span> <span class='ocrx_word' id='word_1_340' title='bbox 1814 2169 1926 2199; x_wconf 89' lang='lat' dir='ltr'><strong>curn</strong></span> <span class='ocrx_word' id='word_1_341' title='bbox 1945 2168 2071 2213; x_wconf 83' lang='lat' dir='ltr'><strong>aqua</strong></span> <span class='ocrx_word' id='word_1_342' title='bbox 2081 2154 2310 2199; x_wconf 87' lang='lat' dir='ltr'><strong>miscendi</strong></span> <span class='ocrx_word' id='word_1_343' title='bbox 2323 2153 2509 2198; x_wconf 85' lang='lat' dir='ltr'><strong>ratione</strong></span> <span class='ocrx_word' id='word_1_344' title='bbox 2532 2166 2578 2197; x_wconf 78' lang='lat' dir='ltr'>v.</span> <span class='ocrx_word' id='word_1_345' title='bbox 2593 2150 2704 2197; x_wconf 83' lang='lat' dir='ltr'><strong>Jani</strong></span> 
     </span>
     <span class='ocr_line' id='line_1_59' title="bbox 1702 2214 2702 2264; baseline -0.004 -2"><span class='ocrx_word' id='word_1_346' title='bbox 1702 2226 1749 2262; x_wconf 88' lang='lat' dir='ltr'><strong>et</strong></span> <span class='ocrx_word' id='word_1_347' title='bbox 1774 2218 2039 2264; x_wconf 84' lang='lat' dir='ltr'><strong>Mitscherl.</strong></span> <span class='ocrx_word' id='word_1_348' title='bbox 2069 2220 2129 2263; x_wconf 87' lang='lat' dir='ltr'><strong>ad</strong></span> <span class='ocrx_word' id='word_1_349' title='bbox 2166 2219 2337 2263; x_wconf 80' lang='lat' dir='ltr'><strong>Horat.</strong></span> <span class='ocrx_word' id='word_1_350' title='bbox 2371 2217 2461 2262; x_wconf 87' lang='lat' dir='ltr'><strong>Od.</strong></span> <span class='ocrx_word' id='word_1_351' title='bbox 2499 2217 2597 2263; x_wconf 87' lang='lat'>111.</span> <span class='ocrx_word' id='word_1_352' title='bbox 2631 2214 2702 2260; x_wconf 85' lang='lat'>19.</span> 
     </span>
     <span class='ocr_line' id='line_1_60' title="bbox 1705 2280 2707 2329; baseline -0.004 -2"><span class='ocrx_word' id='word_1_353' title='bbox 1705 2282 1779 2329; x_wconf 80' lang='lat'>12.</span> <span class='ocrx_word' id='word_1_354' title='bbox 1802 2290 1849 2327; x_wconf 92' lang='lat' dir='ltr'><strong>et</strong></span> <span class='ocrx_word' id='word_1_355' title='bbox 1874 2283 2051 2329; x_wconf 81' lang='lat' dir='ltr'><strong>Potteri</strong></span> <span class='ocrx_word' id='word_1_356' title='bbox 2085 2282 2318 2327; x_wconf 73' lang='lat' dir='ltr'><strong>Archaeol.</strong></span> <span class='ocrx_word' id='word_1_357' title='bbox 2353 2282 2435 2326; x_wconf 88' lang='lat' dir='ltr'><strong>Gr.</strong></span> <span class='ocrx_word' id='word_1_358' title='bbox 2472 2280 2530 2325; x_wconf 82' lang='lat'>1..</span> <span class='ocrx_word' id='word_1_359' title='bbox 2554 2282 2642 2326; x_wconf 89' lang='lat' dir='ltr'>IV.</span> <span class='ocrx_word' id='word_1_360' title='bbox 2663 2293 2707 2323; x_wconf 88' lang='lat' dir='ltr'><strong>c.</strong></span> 
     </span>
     <span class='ocr_line' id='line_1_61' title="bbox 1708 2344 2704 2408; baseline -0.004 -16"><span class='ocrx_word' id='word_1_361' title='bbox 1708 2346 1779 2392; x_wconf 83' lang='grc'><strong>18.</strong></span> <span class='ocrx_word' id='word_1_362' title='bbox 1803 2356 1924 2392; x_wconf 81' lang='lat' dir='ltr'><strong>extr.</strong></span> <span class='ocrx_word' id='word_1_363' title='bbox 1949 2346 2219 2408; x_wconf 72' lang='lat' dir='ltr'><strong>sedsorma,</strong></span> <span class='ocrx_word' id='word_1_364' title='bbox 2237 2345 2314 2391; x_wconf 72' lang='lat' dir='ltr'><strong>sed</strong></span> <span class='ocrx_word' id='word_1_365' title='bbox 2329 2350 2441 2391; x_wconf 69' lang='lat' dir='ltr'><strong>ata.</strong></span> <span class='ocrx_word' id='word_1_366' title='bbox 2460 2344 2607 2402; x_wconf 73' lang='lat' dir='ltr'><strong>dig-na</strong></span> <span class='ocrx_word' id='word_1_367' title='bbox 2628 2359 2704 2388; x_wconf 71' lang='lat' dir='ltr'><strong>es-</strong></span> 
     </span>
     <span class='ocr_line' id='line_1_62' title="bbox 1697 2407 2704 2474; baseline -0.001 -20"><span class='ocrx_word' id='word_1_368' title='bbox 1697 2411 1907 2472; x_wconf 72' lang='lat' dir='ltr'><strong>perm&#39;Iio,</strong></span> <span class='ocrx_word' id='word_1_369' title='bbox 1928 2412 2074 2465; x_wconf 77' lang='lat' dir='ltr'><strong>fastu,</strong></span> <span class='ocrx_word' id='word_1_370' title='bbox 2095 2408 2163 2474; x_wconf 91' lang='lat' dir='ltr'>(v.</span> <span class='ocrx_word' id='word_1_371' title='bbox 2180 2423 2284 2469; x_wconf 88' lang='lat' dir='ltr'><strong>sup.</strong></span> <span class='ocrx_word' id='word_1_372' title='bbox 2303 2412 2364 2455; x_wconf 88' lang='lat' dir='ltr'><strong>ad</strong></span> <span class='ocrx_word' id='word_1_373' title='bbox 2384 2409 2451 2454; x_wconf 86' lang='lat'>11.</span> <span class='ocrx_word' id='word_1_374' title='bbox 2483 2407 2576 2471; x_wconf 87' lang='grc'><strong>15.)</strong></span> <span class='ocrx_word' id='word_1_375' title='bbox 2602 2409 2704 2469; x_wconf 91' lang='lat' dir='ltr'><strong>pul-</strong></span> 
     </span>
     <span class='ocr_line' id='line_1_63' title="bbox 1704 2472 2702 2536; baseline -0.002 -15"><span class='ocrx_word' id='word_1_376' title='bbox 1704 2477 1892 2522; x_wconf 85' lang='lat' dir='ltr'><strong>critudo</strong></span> <span class='ocrx_word' id='word_1_377' title='bbox 1914 2484 1962 2522; x_wconf 92' lang='lat' dir='ltr'><strong>et</strong></span> <span class='ocrx_word' id='word_1_378' title='bbox 1978 2472 2212 2536; x_wconf 73' lang='lat' dir='ltr'><strong>juventus</strong></span> <span class='ocrx_word' id='word_1_379' title='bbox 2234 2476 2441 2530; x_wconf 85' lang='lat' dir='ltr'><strong>faciunt,</strong></span> <span class='ocrx_word' id='word_1_380' title='bbox 2464 2481 2521 2519; x_wconf 92' lang='lat' dir='ltr'><strong>ut</strong></span> <span class='ocrx_word' id='word_1_381' title='bbox 2542 2484 2593 2520; x_wconf 87' lang='lat' dir='ltr'><strong>et</strong></span> <span class='ocrx_word' id='word_1_382' title='bbox 2626 2488 2702 2519; x_wconf 87' lang='lat' dir='ltr'><strong>su-</strong></span> 
     </span>
     <span class='ocr_line' id='line_1_64' title="bbox 1704 2539 2705 2601; baseline -0.003 -16"><span class='ocrx_word' id='word_1_383' title='bbox 1704 2543 1908 2601; x_wconf 80' lang='lat' dir='ltr'><strong>perbiat,</strong></span> <span class='ocrx_word' id='word_1_384' title='bbox 1928 2548 1978 2585; x_wconf 87' lang='lat' dir='ltr'><strong>et</strong></span> <span class='ocrx_word' id='word_1_385' title='bbox 1998 2541 2241 2599; x_wconf 80' lang='lat' dir='ltr'><strong>superbire</strong></span> <span class='ocrx_word' id='word_1_386' title='bbox 2263 2539 2440 2596; x_wconf 75' lang='lat' dir='ltr'><strong>possit3</strong></span> <span class='ocrx_word' id='word_1_387' title='bbox 2475 2545 2705 2585; x_wconf 79' lang='lat' dir='ltr'><strong>excusant</strong></span> 
     </span>
     <span class='ocr_line' id='line_1_65' title="bbox 1702 2598 2397 2665; baseline -0.004 -15"><span class='ocrx_word' id='word_1_388' title='bbox 1702 2607 2058 2665; x_wconf 85' lang='lat' dir='ltr'><strong>quodammodo</strong></span> <span class='ocrx_word' id='word_1_389' title='bbox 2075 2605 2253 2649; x_wconf 78' lang='lat' dir='ltr'><strong>fastum</strong></span> <span class='ocrx_word' id='word_1_390' title='bbox 2277 2598 2397 2662; x_wconf 90' lang='lat' dir='ltr'><strong>ejus.</strong></span> 
     </span>
    </p>

    <p class='ocr_par' dir='ltr' id='par_1_16' title="bbox 1704 2665 2723 3611">
     <span class='ocr_line' id='line_1_66' title="bbox 1767 2665 2704 2725; baseline -0.005 -12"><span class='ocrx_word' id='word_1_391' title='bbox 1767 2669 1844 2715; x_wconf 87' lang='grc'><strong>63.</strong></span> <span class='ocrx_word' id='word_1_392' title='bbox 1880 2669 1955 2713; x_wconf 92' lang='lat' dir='ltr'><strong>De</strong></span> <span class='ocrx_word' id='word_1_393' title='bbox 1977 2683 2067 2714; x_wconf 79' lang='lat' dir='ltr'><strong>usu</strong></span> <span class='ocrx_word' id='word_1_394' title='bbox 2083 2667 2243 2713; x_wconf 80' lang='lat' dir='ltr'><strong>calidoe</strong></span> <span class='ocrx_word' id='word_1_395' title='bbox 2254 2681 2413 2725; x_wconf 72' lang='lat' dir='ltr'><strong>aque,</strong></span> <span class='ocrx_word' id='word_1_396' title='bbox 2435 2665 2704 2723; x_wconf 68' lang='lat' dir='ltr'><strong>adpotum,</strong></span> 
     </span>
     <span class='ocr_line' id='line_1_67' title="bbox 1705 2730 2705 2796; baseline -0.005 -18"><span class='ocrx_word' id='word_1_397' title='bbox 1705 2731 1840 2796; x_wconf 88' lang='lat' dir='ltr'><strong>(nam</strong></span> <span class='ocrx_word' id='word_1_398' title='bbox 1865 2733 1977 2777; x_wconf 84' lang='lat' dir='ltr'><strong>vino</strong></span> <span class='ocrx_word' id='word_1_399' title='bbox 2010 2733 2319 2786; x_wconf 75' lang='lat' dir='ltr'><strong>miscebatur,</strong></span> <span class='ocrx_word' id='word_1_400' title='bbox 2352 2732 2410 2776; x_wconf 89' lang='lat' dir='ltr'><strong>de</strong></span> <span class='ocrx_word' id='word_1_401' title='bbox 2431 2743 2531 2789; x_wconf 89' lang='lat' dir='ltr'><strong>quo</strong></span> <span class='ocrx_word' id='word_1_402' title='bbox 2554 2743 2599 2773; x_wconf 88' lang='lat' dir='ltr'>v.</span> <span class='ocrx_word' id='word_1_403' title='bbox 2626 2730 2705 2775; x_wconf 74' lang='lat' dir='ltr'><strong>Ja-</strong></span> 
     </span>
     <span class='ocr_line' id='line_1_68' title="bbox 1704 2793 2707 2851; baseline -0.006 -8"><span class='ocrx_word' id='word_1_404' title='bbox 1704 2799 1817 2843; x_wconf 88' lang='lat' dir='ltr'><strong>cobs</strong></span> <span class='ocrx_word' id='word_1_405' title='bbox 1839 2798 1900 2841; x_wconf 85' lang='lat' dir='ltr'><strong>ad</strong></span> <span class='ocrx_word' id='word_1_406' title='bbox 1920 2798 2116 2842; x_wconf 83' lang='lat' dir='ltr'><strong>Anthol.</strong></span> <span class='ocrx_word' id='word_1_407' title='bbox 2136 2797 2221 2841; x_wconf 84' lang='lat' dir='ltr'><strong>Gr.</strong></span> <span class='ocrx_word' id='word_1_408' title='bbox 2239 2796 2347 2840; x_wconf 87' lang='lat' dir='ltr'><strong>Vol.</strong></span> <span class='ocrx_word' id='word_1_409' title='bbox 2372 2795 2441 2840; x_wconf 89' lang='lat'>11.</span> <span class='ocrx_word' id='word_1_410' title='bbox 2467 2795 2517 2838; x_wconf 82' lang='lat' dir='ltr'>P.</span> <span class='ocrx_word' id='word_1_411' title='bbox 2544 2793 2638 2839; x_wconf 82' lang='lat'>111.</span> <span class='ocrx_word' id='word_1_412' title='bbox 2661 2805 2707 2851; x_wconf 69' lang='lat' dir='ltr'><strong>p.</strong></span> 
     </span>
     <span class='ocr_line' id='line_1_69' title="bbox 1705 2857 2709 2919; baseline -0.008 -10"><span class='ocrx_word' id='word_1_413' title='bbox 1705 2857 1838 2919; x_wconf 75' lang='grc'><strong>238.)</strong></span> <span class='ocrx_word' id='word_1_414' title='bbox 1859 2862 1919 2906; x_wconf 87' lang='lat' dir='ltr'><strong>ad</strong></span> <span class='ocrx_word' id='word_1_415' title='bbox 1942 2861 2152 2914; x_wconf 83' lang='lat' dir='ltr'><strong>delicias,</strong></span> <span class='ocrx_word' id='word_1_416' title='bbox 2179 2866 2228 2904; x_wconf 91' lang='lat' dir='ltr'><strong>et</strong></span> <span class='ocrx_word' id='word_1_417' title='bbox 2250 2861 2310 2905; x_wconf 75' lang='lat' dir='ltr'><strong>ad</strong></span> <span class='ocrx_word' id='word_1_418' title='bbox 2339 2858 2581 2904; x_wconf 82' lang='lat' dir='ltr'><strong>vomitum</strong></span> <span class='ocrx_word' id='word_1_419' title='bbox 2606 2870 2709 2902; x_wconf 86' lang='lat' dir='ltr'><strong>mo·-</strong></span> 
     </span>
     <span class='ocr_line' id='line_1_70' title="bbox 1707 2923 2709 2978; baseline -0.003 -9"><span class='ocrx_word' id='word_1_420' title='bbox 1707 2928 1951 2978; x_wconf 84' lang='lat' dir='ltr'><strong>vendum,-</strong></span> <span class='ocrx_word' id='word_1_421' title='bbox 1970 2925 2011 2968; x_wconf 85' lang='lat' dir='ltr'><strong>si</strong></span> <span class='ocrx_word' id='word_1_422' title='bbox 2033 2926 2313 2970; x_wconf 83' lang='lat' dir='ltr'><strong>stomachus</strong></span> <span class='ocrx_word' id='word_1_423' title='bbox 2336 2923 2456 2968; x_wconf 86' lang='lat' dir='ltr'><strong>cibis</strong></span> <span class='ocrx_word' id='word_1_424' title='bbox 2476 2930 2605 2967; x_wconf 64' lang='lat' dir='ltr'><strong>esset</strong></span> <span class='ocrx_word' id='word_1_425' title='bbox 2626 2923 2709 2966; x_wconf 90' lang='lat' dir='ltr'><strong>ob-</strong></span> 
     </span>
     <span class='ocr_line' id='line_1_71' title="bbox 1704 2987 2707 3046; baseline -0.004 -13"><span class='ocrx_word' id='word_1_426' title='bbox 1704 2996 1859 3041; x_wconf 85' lang='lat' dir='ltr'><strong>rutus,</strong></span> <span class='ocrx_word' id='word_1_427' title='bbox 1884 2989 2072 3046; x_wconf 85' lang='lat' dir='ltr'><strong>copiose</strong></span> <span class='ocrx_word' id='word_1_428' title='bbox 2093 2988 2234 3033; x_wconf 82' lang='lat' dir='ltr'><strong>multi</strong></span> <span class='ocrx_word' id='word_1_429' title='bbox 2267 2989 2552 3037; x_wconf 81' lang='lat' dir='ltr'><strong>disseruere,</strong></span> <span class='ocrx_word' id='word_1_430' title='bbox 2585 2987 2707 3043; x_wconf 84' lang='lat' dir='ltr'><strong>inpr.</strong></span> 
     </span>
     <span class='ocr_line' id='line_1_72' title="bbox 1706 3048 2709 3112; baseline -0.005 -14"><span class='ocrx_word' id='word_1_431' title='bbox 1706 3053 1842 3112; x_wconf 84' lang='lat' dir='ltr'><strong>Lips.</strong></span> <span class='ocrx_word' id='word_1_432' title='bbox 1857 3054 2008 3098; x_wconf 88' lang='lat' dir='ltr'><strong>Elect.</strong></span> <span class='ocrx_word' id='word_1_433' title='bbox 2026 3053 2065 3097; x_wconf 91' lang='lat'>1.</span> <span class='ocrx_word' id='word_1_434' title='bbox 2079 3051 2125 3096; x_wconf 75' lang='lat'>4.</span> <span class='ocrx_word' id='word_1_435' title='bbox 2142 3063 2193 3097; x_wconf 87' lang='lat' dir='ltr'><strong>et</strong></span> <span class='ocrx_word' id='word_1_436' title='bbox 2209 3056 2268 3099; x_wconf 90' lang='lat' dir='ltr'><strong>ad</strong></span> <span class='ocrx_word' id='word_1_437' title='bbox 2284 3053 2399 3098; x_wconf 80' lang='lat' dir='ltr'><strong>Tac.</strong></span> <span class='ocrx_word' id='word_1_438' title='bbox 2411 3052 2542 3096; x_wconf 82' lang='lat' dir='ltr'><strong>Ann-</strong></span> <span class='ocrx_word' id='word_1_439' title='bbox 2560 3048 2709 3094; x_wconf 75' lang='lat' dir='ltr'><strong>xm.</strong></span> 
     </span>
     <span class='ocr_line' id='line_1_73' title="bbox 1709 3115 2712 3176; baseline -0.002 -15"><span class='ocrx_word' id='word_1_440' title='bbox 1709 3116 1784 3161; x_wconf 85' lang='lat'>16.</span> <span class='ocrx_word' id='word_1_441' title='bbox 1839 3117 1915 3162; x_wconf 91' lang='lat' dir='ltr'><strong>De</strong></span> <span class='ocrx_word' id='word_1_442' title='bbox 1938 3129 2027 3161; x_wconf 84' lang='lat' dir='ltr'><strong>usu</strong></span> <span class='ocrx_word' id='word_1_443' title='bbox 2039 3116 2209 3175; x_wconf 75' lang='lat' dir='ltr'><strong>gelido:</strong></span> <span class='ocrx_word' id='word_1_444' title='bbox 2229 3130 2369 3176; x_wconf 80' lang='lat' dir='ltr'><strong>aquoe</strong></span> <span class='ocrx_word' id='word_1_445' title='bbox 2388 3129 2432 3159; x_wconf 88' lang='lat' dir='ltr'>v.</span> <span class='ocrx_word' id='word_1_446' title='bbox 2459 3127 2565 3173; x_wconf 80' lang='lat' dir='ltr'><strong>sup.</strong></span> <span class='ocrx_word' id='word_1_447' title='bbox 2583 3115 2647 3159; x_wconf 81' lang='lat' dir='ltr'><strong>ad</strong></span> <span class='ocrx_word' id='word_1_448' title='bbox 2668 3126 2712 3159; x_wconf 76' lang='lat' dir='ltr'><strong>r.</strong></span> 
     </span>
     <span class='ocr_line' id='line_1_74' title="bbox 1706 3179 2709 3238; baseline -0.004 -12"><span class='ocrx_word' id='word_1_449' title='bbox 1706 3179 1783 3226; x_wconf 87' lang='grc'><strong>50.</strong></span> <span class='ocrx_word' id='word_1_450' title='bbox 1849 3180 1927 3227; x_wconf 82' lang='lat'>64.</span> <span class='ocrx_word' id='word_1_451' title='bbox 1960 3180 2117 3225; x_wconf 72' lang='lat' dir='ltr'><strong>clienti</strong></span> <span class='ocrx_word' id='word_1_452' title='bbox 2170 3181 2328 3237; x_wconf 75' lang='lat' dir='ltr'><strong>veteri,</strong></span> <span class='ocrx_word' id='word_1_453' title='bbox 2371 3180 2500 3238; x_wconf 90' lang='lat' dir='ltr'><strong>quod</strong></span> <span class='ocrx_word' id='word_1_454' title='bbox 2552 3187 2709 3223; x_wconf 84' lang='lat' dir='ltr'><strong>vetera</strong></span> 
     </span>
     <span class='ocr_line' id='line_1_75' title="bbox 1705 3244 2712 3303; baseline -0.005 -13"><span class='ocrx_word' id='word_1_455' title='bbox 1705 3245 1891 3303; x_wconf 84' lang='lat' dir='ltr'><strong>quaevis</strong></span> <span class='ocrx_word' id='word_1_456' title='bbox 1907 3244 2188 3302; x_wconf 86' lang='lat' dir='ltr'><strong>evilescunt,</strong></span> <span class='ocrx_word' id='word_1_457' title='bbox 2209 3258 2311 3299; x_wconf 90' lang='lat' dir='ltr'><strong>seu,</strong></span> <span class='ocrx_word' id='word_1_458' title='bbox 2334 3244 2464 3303; x_wconf 89' lang='lat' dir='ltr'><strong>quod</strong></span> <span class='ocrx_word' id='word_1_459' title='bbox 2487 3255 2628 3288; x_wconf 78' lang='lat' dir='ltr'><strong>senes</strong></span> <span class='ocrx_word' id='word_1_460' title='bbox 2659 3247 2712 3288; x_wconf 83' lang='lat' dir='ltr'><strong>ut</strong></span> 
     </span>
     <span class='ocr_line' id='line_1_76' title="bbox 1706 3307 2713 3368; baseline -0.002 -15"><span class='ocrx_word' id='word_1_461' title='bbox 1706 3309 1991 3368; x_wconf 83' lang='lat' dir='ltr'><strong>plurimum,</strong></span> <span class='ocrx_word' id='word_1_462' title='bbox 2013 3310 2279 3366; x_wconf 69' lang='lat' dir='ltr'><strong>presertim</strong></span> <span class='ocrx_word' id='word_1_463' title='bbox 2313 3307 2567 3360; x_wconf 87' lang='lat' dir='ltr'><strong>horriduli,</strong></span> <span class='ocrx_word' id='word_1_464' title='bbox 2590 3307 2713 3352; x_wconf 87' lang='lat' dir='ltr'><strong>ludi·</strong></span> 
     </span>
     <span class='ocr_line' id='line_1_77' title="bbox 1708 3369 2710 3432; baseline -0.004 -14"><span class='ocrx_word' id='word_1_465' title='bbox 1708 3374 1811 3418; x_wconf 88' lang='lat' dir='ltr'><strong>brio</strong></span> <span class='ocrx_word' id='word_1_466' title='bbox 1831 3383 1945 3418; x_wconf 85' lang='lat' dir='ltr'><strong>sunt</strong></span> <span class='ocrx_word' id='word_1_467' title='bbox 1959 3369 2250 3432; x_wconf 75' lang='lat' dir='ltr'><strong>juvenibus;</strong></span> <span class='ocrx_word' id='word_1_468' title='bbox 2286 3373 2380 3417; x_wconf 87' lang='lat' dir='ltr'><strong>nisi</strong></span> <span class='ocrx_word' id='word_1_469' title='bbox 2401 3371 2546 3416; x_wconf 87' lang='lat' dir='ltr'><strong>malis</strong></span> <span class='ocrx_word' id='word_1_470' title='bbox 2557 3369 2710 3416; x_wconf 64' lang='lat' dir='ltr'><strong>clienti</strong></span> 
     </span>
     <span class='ocr_line' id='line_1_78' title="bbox 1706 3433 2710 3496; baseline -0.002 -15"><span class='ocrx_word' id='word_1_471' title='bbox 1706 3438 1930 3496; x_wconf 80' lang='lat' dir='ltr'><strong>quamvis</strong></span> <span class='ocrx_word' id='word_1_472' title='bbox 1965 3433 2070 3495; x_wconf 83' lang='lat' dir='ltr'><strong>jam</strong></span> <span class='ocrx_word' id='word_1_473' title='bbox 2104 3438 2247 3481; x_wconf 62' lang='lat' dir='ltr'><strong>veteri</strong></span> <span class='ocrx_word' id='word_1_474' title='bbox 2278 3438 2491 3494; x_wconf 87' lang='lat' dir='ltr'><strong>adeoque</strong></span> <span class='ocrx_word' id='word_1_475' title='bbox 2530 3436 2710 3480; x_wconf 87' lang='lat' dir='ltr'><strong>honore</strong></span> 
     </span>
     <span class='ocr_line' id='line_1_79' title="bbox 1708 3498 2723 3560; baseline -0.005 -13"><span class='ocrx_word' id='word_1_476' title='bbox 1708 3502 1928 3560; x_wconf 87' lang='lat' dir='ltr'><strong>digniori.</strong></span> <span class='ocrx_word' id='word_1_477' title='bbox 1964 3501 2041 3549; x_wconf 83' lang='lat' dir='ltr'>Cf.</span> <span class='ocrx_word' id='word_1_478' title='bbox 2064 3501 2104 3546; x_wconf 91' lang='lat'>1.</span> <span class='ocrx_word' id='word_1_479' title='bbox 2138 3500 2244 3547; x_wconf 79' lang='lat'>182.</span> <span class='ocrx_word' id='word_1_480' title='bbox 2311 3499 2390 3545; x_wconf 90' lang='grc'><strong>66.</strong></span> <span class='ocrx_word' id='word_1_481' title='bbox 2423 3499 2561 3546; x_wconf 85' lang='lat' dir='ltr'><strong>Servi</strong></span> <span class='ocrx_word' id='word_1_482' title='bbox 2581 3498 2723 3544; x_wconf 87' lang='lat' dir='ltr'><strong>enim.</strong></span> 
     </span>
     <span class='ocr_line' id='line_1_80' title="bbox 1706 3564 2594 3611; baseline -0.003 0"><span class='ocrx_word' id='word_1_483' title='bbox 1706 3578 1865 3611; x_wconf 89' lang='lat' dir='ltr'><strong>mores</strong></span> <span class='ocrx_word' id='word_1_484' title='bbox 1887 3566 2192 3610; x_wconf 88' lang='lat' dir='ltr'><strong>dominorum</strong></span> <span class='ocrx_word' id='word_1_485' title='bbox 2216 3564 2397 3609; x_wconf 85' lang='lat' dir='ltr'><strong>imitari</strong></span> <span class='ocrx_word' id='word_1_486' title='bbox 2420 3565 2594 3608; x_wconf 85' lang='lat' dir='ltr'><strong>solent.</strong></span> 
     </span>
    </p>

    <p class='ocr_par' dir='ltr' id='par_1_17' title="bbox 1706 3625 2714 4136">
     <span class='ocr_line' id='line_1_81' title="bbox 1771 3625 2711 3687; baseline -0.002 -15"><span class='ocrx_word' id='word_1_487' title='bbox 1771 3628 1848 3674; x_wconf 81' lang='lat'>67.</span> <span class='ocrx_word' id='word_1_488' title='bbox 1870 3641 2002 3687; x_wconf 89' lang='lat' dir='ltr'><strong>seqq.</strong></span> <span class='ocrx_word' id='word_1_489' title='bbox 2021 3629 2096 3674; x_wconf 82' lang='lat' dir='ltr'><strong>ef.</strong></span> <span class='ocrx_word' id='word_1_490' title='bbox 2120 3627 2246 3675; x_wconf 85' lang='lat' dir='ltr'><strong>Plin.</strong></span> <span class='ocrx_word' id='word_1_491' title='bbox 2263 3628 2404 3674; x_wconf 85' lang='lat' dir='ltr'>XIX.</span> <span class='ocrx_word' id='word_1_492' title='bbox 2421 3626 2473 3675; x_wconf 80' lang='lat'>4.</span> <span class='ocrx_word' id='word_1_493' title='bbox 2502 3625 2641 3680; x_wconf 70' lang='lat' dir='ltr'><strong>Ecce,</strong></span> <span class='ocrx_word' id='word_1_494' title='bbox 2654 3626 2711 3670; x_wconf 85' lang='lat' dir='ltr'><strong>de</strong></span> 
     </span>
     <span class='ocr_line' id='line_1_82' title="bbox 1706 3690 2713 3751; baseline -0.005 -13"><span class='ocrx_word' id='word_1_495' title='bbox 1706 3706 1760 3738; x_wconf 89' lang='lat' dir='ltr'><strong>re</strong></span> <span class='ocrx_word' id='word_1_496' title='bbox 1780 3693 1905 3737; x_wconf 86' lang='lat' dir='ltr'><strong>mira</strong></span> <span class='ocrx_word' id='word_1_497' title='bbox 1919 3706 1975 3737; x_wconf 88' lang='lat' dir='ltr'><strong>ac</strong></span> <span class='ocrx_word' id='word_1_498' title='bbox 1999 3706 2139 3746; x_wconf 89' lang='lat' dir='ltr'><strong>nova,</strong></span> <span class='ocrx_word' id='word_1_499' title='bbox 2154 3698 2208 3736; x_wconf 90' lang='lat' dir='ltr'><strong>ut</strong></span> <span class='ocrx_word' id='word_1_500' title='bbox 2221 3692 2402 3751; x_wconf 72' lang='lat' dir='ltr'><strong>adspice</strong></span> <span class='ocrx_word' id='word_1_501' title='bbox 2420 3706 2466 3739; x_wconf 90' lang='lat' dir='ltr'>v.</span> <span class='ocrx_word' id='word_1_502' title='bbox 2482 3690 2564 3736; x_wconf 82' lang='lat'>80.</span> <span class='ocrx_word' id='word_1_503' title='bbox 2585 3702 2713 3735; x_wconf 80' lang='lat' dir='ltr'><strong>mur·</strong></span> 
     </span>
     <span class='ocr_line' id='line_1_83' title="bbox 1707 3751 2708 3817; baseline -0.005 -16"><span class='ocrx_word' id='word_1_504' title='bbox 1707 3769 1839 3802; x_wconf 79' lang='lat' dir='ltr'><strong>mure</strong></span> <span class='ocrx_word' id='word_1_505' title='bbox 1868 3751 2003 3809; x_wconf 64' lang='grc' dir='ltr'><strong><em>ὶιιυὸς</em></strong></span> <span class='ocrx_word' id='word_1_506' title='bbox 2040 3770 2127 3816; x_wconf 87' lang='lat' dir='ltr'><strong>pro</strong></span> <span class='ocrx_word' id='word_1_507' title='bbox 2155 3756 2500 3817; x_wconf 83' lang='lat' dir='ltr'><strong>indignatione.</strong></span> <span class='ocrx_word' id='word_1_508' title='bbox 2570 3753 2708 3808; x_wconf 72' lang='lat' dir='ltr'><strong>alim,</strong></span> 
     </span>
     <span class='ocr_line' id='line_1_84' title="bbox 1708 3817 2712 3881; baseline -0.003 -16"><span class='ocrx_word' id='word_1_509' title='bbox 1708 3821 1940 3866; x_wconf 82' lang='lat' dir='ltr'><strong>diribitor.</strong></span> <span class='ocrx_word' id='word_1_510' title='bbox 1960 3834 2127 3881; x_wconf 82' lang='lat' dir='ltr'><strong>panem</strong></span> <span class='ocrx_word' id='word_1_511' title='bbox 2140 3819 2455 3880; x_wconf 72' lang='lat' dir='ltr'><strong>vixfiactum,</strong></span> <span class='ocrx_word' id='word_1_512' title='bbox 2471 3831 2620 3878; x_wconf 89' lang='lat' dir='ltr'><strong>quem</strong></span> <span class='ocrx_word' id='word_1_513' title='bbox 2634 3817 2712 3862; x_wconf 83' lang='lat' dir='ltr'><strong>vix</strong></span> 
     </span>
     <span class='ocr_line' id='line_1_85' title="bbox 1708 3881 2712 3943; baseline -0.004 -15"><span class='ocrx_word' id='word_1_514' title='bbox 1708 3884 1850 3943; x_wconf 78' lang='lat' dir='ltr'><strong>fregit</strong></span> <span class='ocrx_word' id='word_1_515' title='bbox 1861 3893 1909 3930; x_wconf 87' lang='lat' dir='ltr'><strong>et</strong></span> <span class='ocrx_word' id='word_1_516' title='bbox 1920 3887 1992 3932; x_wconf 83' lang='lat' dir='ltr'><strong>fra</strong></span> <span class='ocrx_word' id='word_1_517' title='bbox 1998 3897 2166 3943; x_wconf 68' lang='lat' dir='ltr'><strong>ogere,</strong></span> <span class='ocrx_word' id='word_1_518' title='bbox 2173 3886 2352 3930; x_wconf 87' lang='lat' dir='ltr'><strong>nedum</strong></span> <span class='ocrx_word' id='word_1_519' title='bbox 2367 3897 2548 3939; x_wconf 87' lang='lat' dir='ltr'><strong>secare,</strong></span> <span class='ocrx_word' id='word_1_520' title='bbox 2561 3881 2712 3940; x_wconf 88' lang='lat' dir='ltr'><strong>potuit</strong></span> 
     </span>
     <span class='ocr_line' id='line_1_86' title="bbox 1707 3947 2713 4001; baseline -0.004 -8"><span class='ocrx_word' id='word_1_521' title='bbox 1707 3949 1769 3993; x_wconf 90' lang='lat' dir='ltr'><strong>ob</strong></span> <span class='ocrx_word' id='word_1_522' title='bbox 1805 3950 2051 3995; x_wconf 82' lang='lat' dir='ltr'><strong>duritiem.</strong></span> <span class='ocrx_word' id='word_1_523' title='bbox 2121 3947 2202 3994; x_wconf 87' lang='grc'><strong>68.</strong></span> <span class='ocrx_word' id='word_1_524' title='bbox 2248 3947 2420 4001; x_wconf 71' lang='grc' dir='ltr'><strong><em>εοίἱᾱω,</em></strong></span> <span class='ocrx_word' id='word_1_525' title='bbox 2460 3949 2616 3999; x_wconf 75' lang='lat' dir='ltr'><strong>durae,</strong></span> <span class='ocrx_word' id='word_1_526' title='bbox 2659 3951 2713 3990; x_wconf 86' lang='lat' dir='ltr'><strong>ut</strong></span> 
     </span>
     <span class='ocr_line' id='line_1_87' title="bbox 1707 4009 2714 4069; baseline -0.003 -12"><span class='ocrx_word' id='word_1_527' title='bbox 1707 4019 1874 4058; x_wconf 87' lang='lat' dir='ltr'><strong>contra</strong></span> <span class='ocrx_word' id='word_1_528' title='bbox 1896 4028 1946 4060; x_wconf 86' lang='lat' dir='ltr'>v.</span> <span class='ocrx_word' id='word_1_529' title='bbox 1963 4014 2038 4060; x_wconf 83' lang='grc'><strong>70.</strong></span> <span class='ocrx_word' id='word_1_530' title='bbox 2072 4017 2197 4058; x_wconf 80' lang='lat' dir='ltr'><strong>tener</strong></span> <span class='ocrx_word' id='word_1_531' title='bbox 2219 4020 2269 4057; x_wconf 90' lang='lat' dir='ltr'><strong>et</strong></span> <span class='ocrx_word' id='word_1_532' title='bbox 2290 4013 2460 4060; x_wconf 69' lang='lat' dir='ltr'><strong>mltis.</strong></span> <span class='ocrx_word' id='word_1_533' title='bbox 2511 4010 2594 4057; x_wconf 85' lang='lat'>69.</span> <span class='ocrx_word' id='word_1_534' title='bbox 2613 4009 2714 4069; x_wconf 80' lang='lat' dir='ltr'><strong>agi-</strong></span> 
     </span>
     <span class='ocr_line' id='line_1_88' title="bbox 1707 4077 2714 4136; baseline -0.001 -17"><span class='ocrx_word' id='word_1_535' title='bbox 1707 4079 1822 4134; x_wconf 71' lang='lat' dir='ltr'><strong>tent,</strong></span> <span class='ocrx_word' id='word_1_536' title='bbox 1842 4086 2036 4135; x_wconf 88' lang='lat' dir='ltr'><strong>vexent,</strong></span> <span class='ocrx_word' id='word_1_537' title='bbox 2049 4077 2314 4136; x_wconf 86' lang='lat' dir='ltr'><strong>plurimum</strong></span> <span class='ocrx_word' id='word_1_538' title='bbox 2322 4077 2368 4122; x_wconf 91' lang='lat' dir='ltr'><strong>ei</strong></span> <span class='ocrx_word' id='word_1_539' title='bbox 2383 4078 2623 4122; x_wconf 79' lang='lat' dir='ltr'><strong>facessant</strong></span> <span class='ocrx_word' id='word_1_540' title='bbox 2633 4086 2714 4119; x_wconf 86' lang='lat' dir='ltr'><strong>ne·</strong></span> 
     </span>
    </p>
   </div>
   <div class='ocr_carea' id='block_1_15' title="bbox 1705 4139 2795 4201">
    <p class='ocr_par' dir='ltr' id='par_1_18' title="bbox 1705 4139 2795 4201">
     <span class='ocr_line' id='line_1_89' title="bbox 1705 4139 2795 4201; baseline 0.006 -17"><span class='ocrx_word' id='word_1_541' title='bbox 1705 4142 1840 4199; x_wconf 78' lang='lat' dir='ltr'><strong>getii.</strong></span> <span class='ocrx_word' id='word_1_542' title='bbox 1866 4144 2123 4201; x_wconf 55' lang='lat' dir='ltr'><strong>genunium</strong></span> <span class='ocrx_word' id='word_1_543' title='bbox 2140 4142 2357 4199; x_wconf 88' lang='lat' dir='ltr'><strong>dentem,</strong></span> <span class='ocrx_word' id='word_1_544' title='bbox 2373 4142 2457 4200; x_wconf 88' lang='lat' dir='ltr'><strong>qui</strong></span> <span class='ocrx_word' id='word_1_545' title='bbox 2476 4147 2638 4186; x_wconf 85' lang='lat' dir='ltr'><strong>tamen</strong></span> <span class='ocrx_word' id='word_1_546' title='bbox 2656 4139 2714 4186; x_wconf 72' lang='lat' dir='ltr'><strong>ad</strong></span> <span class='ocrx_word' id='word_1_547' title='bbox 2791 4183 2795 4190; x_wconf 89' lang='lat'>.</span> 
     </span>
    </p>
   </div>
   <div class='ocr_carea' id='block_1_16' title="bbox 1711 4201 2714 4394">
    <p class='ocr_par' dir='ltr' id='par_1_19' title="bbox 1711 4201 2714 4394">
     <span class='ocr_line' id='line_1_90' title="bbox 1712 4201 2714 4264; baseline -0.003 -15"><span class='ocrx_word' id='word_1_548' title='bbox 1712 4205 1857 4251; x_wconf 85' lang='lat' dir='ltr'><strong>duras</strong></span> <span class='ocrx_word' id='word_1_549' title='bbox 1888 4219 1965 4251; x_wconf 89' lang='lat' dir='ltr'><strong>res</strong></span> <span class='ocrx_word' id='word_1_550' title='bbox 1992 4206 2279 4263; x_wconf 82' lang='lat' dir='ltr'><strong>mordendas</strong></span> <span class='ocrx_word' id='word_1_551' title='bbox 2310 4206 2470 4264; x_wconf 79' lang='lat' dir='ltr'><strong>aptior</strong></span> <span class='ocrx_word' id='word_1_552' title='bbox 2501 4209 2578 4249; x_wconf 84' lang='lat' dir='ltr'><strong>est</strong></span> <span class='ocrx_word' id='word_1_553' title='bbox 2608 4201 2714 4247; x_wconf 85' lang='lat' dir='ltr'><strong>reli·</strong></span> 
     </span>
     <span class='ocr_line' id='line_1_91' title="bbox 1711 4266 2714 4328; baseline -0.003 -14"><span class='ocrx_word' id='word_1_554' title='bbox 1711 4269 1837 4327; x_wconf 77' lang='lat' dir='ltr'><strong>quis,</strong></span> <span class='ocrx_word' id='word_1_555' title='bbox 1861 4269 2071 4328; x_wconf 83' lang='lat' dir='ltr'><strong>adeoque</strong></span> <span class='ocrx_word' id='word_1_556' title='bbox 2092 4270 2139 4314; x_wconf 89' lang='lat' dir='ltr'><strong>b.</strong></span> <span class='ocrx_word' id='word_1_557' title='bbox 2159 4269 2193 4316; x_wconf 83' lang='lat'>1.</span> <span class='ocrx_word' id='word_1_558' title='bbox 2219 4282 2334 4315; x_wconf 88' lang='lat' dir='ltr'><strong>cum</strong></span> <span class='ocrx_word' id='word_1_559' title='bbox 2368 4269 2556 4315; x_wconf 79' lang='lat' dir='ltr'><strong>delectu</strong></span> <span class='ocrx_word' id='word_1_560' title='bbox 2581 4266 2714 4326; x_wconf 86' lang='lat' dir='ltr'><strong>poni·</strong></span> 
     </span>
     <span class='ocr_line' id='line_1_92' title="bbox 1712 4332 2708 4394; baseline -0.004 -16"><span class='ocrx_word' id='word_1_561' title='bbox 1712 4337 1806 4379; x_wconf 87' lang='lat' dir='ltr'><strong>tur.</strong></span> <span class='ocrx_word' id='word_1_562' title='bbox 1842 4333 2046 4380; x_wconf 73' lang='lat' dir='ltr'><strong>Genuini</strong></span> <span class='ocrx_word' id='word_1_563' title='bbox 2061 4335 2231 4380; x_wconf 86' lang='lat' dir='ltr'><strong>dentes</strong></span> <span class='ocrx_word' id='word_1_564' title='bbox 2240 4339 2354 4379; x_wconf 81' lang='lat' dir='ltr'><strong>sunt</strong></span> <span class='ocrx_word' id='word_1_565' title='bbox 2376 4332 2708 4394; x_wconf 60' lang='lat' dir='ltr'><strong>posteriores&amp;</strong></span> 
     </span>
    </p>
   </div>
  </div>
 </body>
</html>
