2978 4920
982 309 1464 381 *SATIRA
1526 311 1622 375 11.

296 534 301 539 -
369 485 464 555 Et
493 510 608 576 per
630 489 676 553 J
682 506 951 552 unonem
979 483 1218 548 domini
1241 485 1503 569 jurante
1530 481 1835 547 ministro.

368 591 493 656 Ille
523 603 693 657 tenet
726 588 1076 677 speculum,
1106 586 1348 674 pathici
1378 597 1703 672 gestamen
1735 585 2030 663 Othonis,

367 693 641 758 Actoris
658 690 954 757 Aurunci
983 686 1280 778 spolium,
1307 710 1442 776 quo
1471 710 1538 752 se
1567 686 1674 752 ille
1702 686 1961 754 videbat

2249 687 2376 753 100

371 795 742 873 Armatam,
772 814 975 881 quum
998 792 1135 878 jam
1163 788 1304 855 tolli
1333 787 1569 853 vexilla
1585 789 1863 876 juberet.

371 897 506 961 Res
533 895 938 962 memoranda
963 891 1153 958 novis
1172 890 1507 957 annalibus
1535 905 1731 979 atque
1759 893 1990 959 recenti

364 994 684 1077 Historia,
716 997 1044 1085 speculum
1071 994 1275 1060 civilis
1306 992 1549 1059 sarcina
1575 994 1744 1059 belli.

372 1098 696 1164 Nimirum
727 1097 955 1164 summi
985 1095 1164 1161 ducis
1193 1107 1288 1159 est
1317 1094 1603 1161 occidere
1636 1094 1930 1173 Galbam,

344 1335 431 1383 ⁴98.
476 1335 706 1382 Mulieres
738 1333 912 1382 Romae
941 1348 1027 1396 per
1062 1333 1317 1381 ‹Iunonem-

275 1402 363 1448 vel
381 1401 521 1447 aliam
534 1401 712 1453 Deam,
726 1405 778 1444 et
789 1412 943 1447 servae
954 1413 1040 1460 per
1050 1400 1082 1445 J
1085 1411 1299 1446 unonem

278 1480 343 1512 ac
363 1465 577 1512 Genium
599 1465 749 1518 herae,
774 1464 867 1509 viri
898 1471 1065 1510 autem
1095 1476 1182 1524 per
1211 1462 1300 1507 Jo-

282 1533 420 1586 irem,
466 1524 751 1583 Herculem,
794 1526 1005 1574 Genium
1061 1541 1207 1573 sunm
1251 1532 1302 1572 et

282 1594 542 1654 Principis,
571 1608 628 1640 ac
657 1593 787 1639 servi
827 1607 912 1652 per
936 1593 1154 1639 'Genium
1193 1590 1299 1636 heri

273 1656 448 1721 jurare
482 1660 715 1705 solebant.
802 1655 878 1703 En
917 1658 1079 1717 itaque
1118 1668 1298 1702 novum

283 1724 509 1770 mollitiei
522 1720 780 1769 indicium!
804 1721 1031 1768 Virorum
1051 1722 1299 1768 effemina-

283 1795 450 1834 torum
462 1786 653 1834 ‘Genius
673 1795 747 1834 est
762 1788 918 1844 duno,
940 1800 1025 1846 per
1039 1799 1192 1846 quam
1208 1781 1293 1846 ju-

284 1859 416 1908 rant,
440 1865 574 1899 more
607 1853 892 1909 mulierum,
925 1857 973 1898 et
1009 1863 1156 1911 quam
1188 1863 1292 1895 ma·

285 1918 422 1964 xime
454 1917 646 1963 colunt:
682 1917 797 1963 hinc
829 1928 878 1963 et
909 1917 1136 1972 ministri,
1164 1915 1215 1960 h.
1251 1927 1295 1962 e.

284 1982 431 2037 servi,
455 1982 539 2041 qui
560 1995 646 2041 per
667 1981 880 2028 Genium
905 1981 1007 2026 heri
1033 1976 1200 2042 jurare
1222 1991 1297 2024 so-

284 2046 410 2100 lent,
428 2060 515 2106 per
533 2044 761 2092 Junouem
782 2040 1151 2105 dominijurant.

293 2111 304 2117 ”
353 2109 596 2157 99-101.
629 2110 778 2156 Aliud
812 2109 1062 2156 muliebris
1083 2106 1300 2154 mollitie

284 2181 652 2234 argumentum,
675 2175 900 2234 frequens
921 2173 1105 2232 speculi
1121 2184 1238 2218 usus
1250 2178 1300 2216 et

285 2249 525 2284 vesanum
561 2246 660 2284 tam
695 2237 869 2284 formoe
900 2238 962 2283 ad
980 2239 1028 2283 id
1046 2238 1301 2296 exploran-

285 2303 383 2356 ‹1ae,
402 2317 550 2362 quam
568 2317 719 2349 comae
735 2304 798 2348 ad
815 2302 934 2347 illud
952 2304 1181 2348 ornandae
1196 2307 1300 2345 stu·

284 2365 465 2427 dium3
500 2368 635 2426 quod
657 2378 719 2412 ne
747 2373 960 2411 moratas
980 2365 1177 2423 quidem
1203 2364 1298 2409 vir·

282 2431 428 2491 gines
450 2444 508 2476 ac
526 2437 790 2485 matronas,
813 2429 992 2475 nedum
1015 2429 1224 2475 militem
1246 2438 1301 2476 uc

281 2498 466 2542 ducem
487 2496 642 2541 decet.
672 2496 797 2547 Quae
815 2506 926 2538 vero
942 2489 1098 2554 major
1119 2493 1306 2538 insania

285 2560 407 2620 tingi
433 2565 609 2618 potest,
635 2572 784 2618 quam
807 2559 937 2618 quod
958 2558 1219 2616 imperator
1244 2570 1305 2602 ‘eo

286 2624 396 2682 ipso
422 2623 656 2683 temporis
689 2625 956 2675 momento,
978 2635 1077 2681 quo
1107 2623 1306 2681 ancipiti

286 2690 462 2752 Ῐπωίἰσ
473 2688 534 2733 de
563 2688 737 2742 sainte,
763 2688 869 2733 vita
887 2695 944 2731 a'c
964 2685 1170 2745 imperio
1189 2699 1304 2731 con-

289 2754 591 2806 tendendum
613 2759 704 2806 est,
727 2752 936 2798 formam
959 2763 1100 2796 suam
1122 2751 1172 2796 in
1197 2763 1304 2810 spe-

286 2814 402 2864 culo
415 2818 775 2876 contemplatur
796 2811 995 2877 ejusque
1011 2814 1300 2875 elegantiam

290 2892 430 2928 curat
443 2882 468 2929 ἲ
502 2882 580 2928 cf.
600 2882 861 2941 spanhem.
876 2879 938 2925 ad
953 2880 1146 2926 Gallim.
1165 2878 1236 2928 Η.
1249 2881 1300 2927 in

290 2945 478 2992 Pallad.
490 2960 538 2993 v.
557 2944 634 2991 17.
656 2944 900 3005 Speculum
915 2944 1010 2989 tale
1021 2945 1070 2989 h.
1089 2943 1121 2989 1.
1134 2945 1297 2991 forsan

289 3010 590 3069 designatur,
607 3010 749 3069 quale
769 3007 1019 3065 descripsit
1041 3008 1154 3055 Sen.
1181 3007 1297 3055 Nat.

289 3075 387 3132 Qu.
407 3075 450 3121 1.
465 3074 542 3121 16.
577 3073 780 3133 Specula
793 3080 951 3119 autem
970 3080 1185 3122 veterum
1203 3087 1298 3120 non

287 3143 319 3186 'e
343 3139 471 3186 vitro
491 3145 631 3185 erant
657 3132 806 3191 facta,
828 3144 884 3183 ut
918 3143 1098 3189 nostra,
1122 3139 1208 3184 sed
1238 3151 1299 3184 ex

291 3211 411 3262 aere,
439 3209 615 3260 stanno
653 3210 949 3261 argentoque
983 3201 1152 3259 polito,
1185 3216 1305 3248 non.

292 3271 566 3328 'numquam
591 3273 640 3313 et
672 3279 734 3313 ex
764 3280 900 3313 auro.
931 3264 1197 3324 Speculum,
1224 3280 1311 3326 ge-

289 3337 471 3378 stamen
496 3330 711 3385 othonis,
739 3346 835 3377 non
867 3332 998 3390 quod
1024 3329 1154 3375 Otho
1185 3332 1303 3380 olim

290 3402 522 3455 gestarat,
545 3397 768 3457 qnodque
801 3396 901 3449 ille,
928 3396 990 3440 de
1020 3408 1119 3454 quo
1152 3410 1197 3441 v.
1221 3397 1305 3457 99,

289 3462 471 3524 agitur,
493 3462 537 3507 ei
569 3462 725 3507 occiso
757 3460 1037 3513 abstulerat,
1059 3459 1141 3505 sed
1163 3462 1305 3518 quale

290 3525 426 3572 Otho
440 3532 630 3585 gestare
647 3525 830 3571 solebat
847 3539 863 3578 ς
899 3524 989 3569 etsi
1006 3523 1077 3570 illi
1094 3526 1306 3583 explica.

287 3585 414 3637 tioni
429 3590 597 3636 favent
609 3592 712 3635 loca
732 3589 947 3652 Virgilii,
968 3602 996 3634 e
1011 3588 1186 3649 quibus
1202 3591 1308 3639 haec

290 3660 340 3701 et
350 3667 486 3713 seqq.
497 3657 641 3701 verba
653 3653 807 3700 facete
819 3653 916 3700 huc
928 3654 1160 3699 translata
1171 3662 1305 3714 sunt,

292 3720 408 3767 En.
425 3718 527 3764 111.
547 3718 657 3766 268.
681 3718 887 3777 (clipeus,
905 3718 1308 3778 magnigestamen

293 3780 518 3839 Abantis)
532 3784 722 3829 Actoris
735 3781 953 3828 Aurunci
967 3781 1181 3841 spolium,
1193 3784 1243 3828 h.
1262 3798 1306 3831 e.

292 3843 428 3910 'quod
468 3847 714 3908 speculum
749 3843 879 3892 Otho
913 3859 1008 3892 non
1042 3846 1219 3893 minori
1254 3850 1307 3894 in

291 3913 453 3974 pretio
485 3911 709 3965 babebat,
751 3918 839 3957 aut
874 3924 972 3970 quo
1007 3925 1103 3956 non
1144 3913 1310 3976 minus

294 3977 492 4039 ’gloriari
514 3978 716 4034 solebat,
741 3988 889 4035 quam
922 3975 1116 4021 Turnus
1149 3976 1311 4037 hasta,

293 4048 394 4101 qua
424 4040 616 4096 'Actora
658 4041 945 4087 Auruncum
990 4039 1305 4101 spoliaverat:

295 4107 411 4152 nam
430 4106 500 4151 ita
521 4105 724 4151 heroum
741 4117 879 4152 arma
893 4112 1127 4152 ornantur
1147 4118 1176 4151 a
1200 4120 1310 4167 poe.

296 4171 361 4216 tis
383 4177 433 4216 et
456 4170 876 4216 commendantur.
907 4170 1107 4229 pathici,
1122 4171 1308 4234 «aaz,

296 4234 486 4281 sinodi.
504 4248 551 4283 v.
573 4248 679 4295 sup.
703 4236 766 4281 ad
790 4249 835 4280 v.
862 4233 959 4280 10.
1005 4235 1080 4282 De
1114 4235 1308 4285 othonis

295 4299 425 4358 lmp-
494 4299 824 4359 voluptatibus
900 4301 1310 4361 muliebribusque

298 4363 553 4409 munditiis
584 4376 632 4410 v.
669 4362 799 4411 Suet.
837 4363 954 4410 oth.
988 4379 1030 4410 c.
1067 4365 1111 4410 2.
1147 4371 1198 4410 et
1237 4367 1311 4415 12.

1356 1329 1477 1379 Tac.
1503 1328 1635 1381 Hist.
1659 1334 1699 1381 1.
1725 1333 1805 1383 ¹71.
1822 1340 1871 1381 et
1885 1331 1950 1382 al.

1430 1397 1542 1445 100.
1573 1397 1672 1457 ille,
1695 1400 1844 1447 Otho.
1909 1398 2015 1448 101.
2045 1399 2104 1446 In
2126 1400 2375 1448 his-verbis

1364 1463 1574 1510 obscoeni
1586 1465 1704 1522 quid
1722 1464 1870 1510 latere
1887 1464 2108 1510 nonnulli
2122 1471 2373 1525 putarunt.

1373 1524 1624 1582 Vexillum,
1636 1529 1806 1574 tunica
1816 1536 1955 1575 tussa
1970 1529 2071 1575 sive
2087 1530 2246 1577 velum
2264 1540 2378 1590 pur·

1362 1604 1585 1650 pureum,
1608 1593 1804 1652 signum
1825 1593 2004 1640 futuro
2025 1606 2219 1654 pugne,
2240 1595 2373 1656 quod

1363 1669 1393 1701 a
1413 1654 1536 1702 duce
1560 1652 1780 1717 proponi,
1797 1664 1850 1705 ‘et
1871 1659 1922 1703 in
1945 1659 2159 1718 praetorii
2179 1659 2375 1720 fastigio

1364 1723 1560 1767 extendi
1582 1723 1633 1767 in
1658 1723 1797 1768 basta
1818 1737 1874 1768 ac
1896 1723 1999 1769 tolle·
2017 1722 2215 1777 solebat,
2239 1732 2295 1771 ut
2315 1735 2376 1770 co

1360 1794 1616 1844 conspecto
1639 1787 1882 1833 mllitesse
1900 1793 1951 1833 et
1971 1800 2108 1833 arma
2129 1793 2373 1900 zamam,

2177 1854 2268 1914 ips.
2312 1855 2373 1900 de

1360 1850 1654 1910 dispersique
1693 1851 2020 1898 convenirent.
2052 1864 2096 1896 v.

1361 1915 1468 1960 Mil.
1491 1915 1632 1960 Rom.
1658 1915 1751 1962 IV.
1781 1917 1854 1964 12.

1428 1978 1536 2025 102.
1563 1978 1673 2027 103.
1705 1980 1966 2040 Speculum
2001 1981 2128 2027 inter
2159 1982 2375 2029 sarcinas

1362 2043 1575 2089 militum
1590 2056 1708 2097 esse.
1729 2054 1828 2091 tarn
1844 2046 2074 2092 stolidum
2088 2053 2163 2092 est
2175 2053 2223 2092 et
2237 2046 2376 2093 insu·

1365 2107 1543 2164 ditum,
1556 2113 1610 2151 ut
1623 2108 1854 2167 singulari
1867 2109 2070 2155 historia
2081 2110 2279 2170 dignum
2297 2112 2376 2158 sit.

1366 2171 1489 2217 Haec
1501 2167 1637 2222 tm&
1653 2174 1830 2233 mugit,
1839 2187 1982 2234 quam
2000 2166 2216 2237 οῗςεκιῧζ
2231 2176 2377 2225 dieta.

1367 2236 1445 2282 ef.
1463 2236 1584 2284 Tac.
1606 2236 1737 2283 Hist.
1762 2238 1802 2283 1.
1825 2236 1903 2284 88.
1939 2238 2041 2284 belli
2061 2240 2230 2293 civilis,
2248 2241 2378 2286 inter

1366 2300 1610 2347 Othonem
1644 2308 1694 2346 et
1727 2299 1999 2360 Vitellium,
2036 2300 2221 2362 proelio,
2246 2307 2376 2364 apud

1364 2366 1672 2422 Bebriacnm,
1687 2367 1989 2413 vicuminter
2000 2367 2241 2415 Veronam
2262 2369 2382 2417 Cre-

1365 2442 1656 2490 monamque
1672 2431 1842 2489 situm,
1862 2432 2087 2490 confecti,
2108 2446 2207 2493 quo
2224 2433 2378 2481 Otho·

1369 2495 1499 2540 niani
1545 2508 1572 2540 a
1610 2495 1883 2541 Vitellianis
1923 2497 2064 2543 victi:
2116 2498 2244 2558 quod
2289 2513 2376 2546 no·

1370 2565 1477 2605 tum
1501 2573 1529 2604 e
1551 2557 1669 2668 zac.
1692 2561 1823 2606 Hist.
1844 2557 1912 2604 11.
1939 2558 2144 2609 14-62.
2168 2570 2217 2608 et
2242 2562 2378 2611 Suet.

1369 2622 1484 2667 oth.
1502 2622 1555 2669 8.
1609 2653 1623 2667 .

1438 2683 1704 2734 104-107.
1750 2686 2008 2734 Suetonius
2039 2689 2091 2736 in
2114 2689 2227 2737 Oth.
2262 2704 2307 2739 c.
2329 2692 2376 2739 9.

1368 2758 1417 2797 et
1453 2751 1531 2799 12.
1555 2759 1814 2809 memorat,
1836 2752 2035 2808 multos,
2059 2766 2147 2802 nec
2178 2756 2378 2811 frustm,

1367 2817 1643 2873 credidisse,
1677 2815 1942 2876 Othonem,
1972 2819 2143 2865 nuntio
2174 2820 2379 2882 adcepto

1366 2882 1427 2927 de
1448 2880 1628 2928 infelici
1646 2892 1824 2941 pugne
1835 2881 2163 2929 Bebriacensis
2179 2893 2378 2943 eventu,

1364 2947 1522 3006 magis
1542 2947 1740 3006 pudore,
1764 2959 1825 2990 ne
1857 2952 1994 2993 tanto
2025 2955 2187 2995 rerum
2220 2950 2380 2996 homi-

1364 3021 1582 3070 numque
1620 3010 1831 3071 periculo
1873 3011 2247 3061 dominationem
2282 3015 2375 3061 sibi

1363 3075 1583 3121 adserere
1614 3082 1955 3135 perseveraret,
1979 3089 2126 3135 qnam
2156 3079 2378 3140 despera·

1364 3139 1499 3185 tione
1533 3140 1653 3192 ulla,
1686 3145 1773 3184 aut
1805 3140 2073 3186 diffidentia
2104 3143 2376 3202 comarum,

1369 3216 1537 3250 necem
1560 3205 1651 3251 sibi
1672 3204 1833 3264 ipsum
1866 3205 2171 3261 conscivisse,
2193 3214 2244 3253 et
2275 3220 2381 3254 ma·

1368 3281 1516 3329 gnam
1554 3276 1740 3328 partem
1773 3269 2046 3323 hominum,
2083 3267 2378 3318 incolumem

1367 3333 1653 3389 gravissime
1673 3335 1989 3386 detestatum,
2007 3340 2256 3380 mortuum
2272 3336 2376 3382 lau·

1368 3397 1511 3443 dibus
1533 3398 1716 3452 tulisse,
1750 3397 1933 3442 multos
1965 3398 2112 3442 etiam
2143 3397 2376 3458 militum,

1352 3460 1677 3522 fortissimum
1696 3462 1871 3512 virum,
1894 3461 2090 3506 um'cum
2119 3460 2374 3524 Imperato-

1367 3539 1485 3583 rem,
1508 3525 1808 3585 praedicasse.
1841 3523 1994 3571 Poeta
2008 3538 2119 3571 vero
2134 3525 2185 3571 h.
2205 3527 2243 3573 l.
2260 3527 2378 3575 inri-

1373 3590 1455 3636 det
1478 3597 1586 3636 tum
1608 3589 1701 3635 hoc
1722 3588 1945 3646 iniquum
1969 3587 2099 3651 vulgi
2115 3585 2377 3650 judicium,

1372 3660 1481 3700 tum
1525 3653 1747 3699 inertiam
1784 3653 2139 3710 Romanorum,
2165 3659 2381 3705 semiviri

1369 3718 1502 3764 illius
1535 3717 1795 3777 imperium
1831 3719 2067 3778 patienter
2100 3719 2378 3770 ferentium.

1371 3783 1620 3829 Nimirum
1642 3780 1792 3843 (quod
1813 3795 1977 3831 amare
1998 3790 2047 3831 et
2067 3783 2283 3849 ιῖςυνιιὸς
2304 3789 2380 3834 di·

1371 3849 1519 3906 citur,
1543 3853 1601 3894 ut
1618 3848 1806 3905 scilicet)
1826 3851 2002 3896 summi
2020 3848 2150 3895 ducis
2160 3857 2246 3906 ese,
2265 3854 2383 3898 ocei-

1371 3911 1478 3959 de're
1491 3911 1702 3967 Galbam,
1720 3910 1787 3975 (v.
1806 3913 1936 3960 Suet.
1956 3914 2095 3961 Galb.
2115 3913 2251 3964 laet
2262 3915 2378 3965 Tac.

1376 3979 1510 4025 Hist.
1541 3977 1579 4022 1.
1602 3974 1683 4022 41.
1714 3975 1836 4039 seq.)
1860 3980 2017 4026 virum
2042 3991 2138 4026 non
2162 3979 2212 4024 id
2236 3982 2380 4027 nferi-

1375 4051 1501 4099 tum,
1532 4048 1582 4088 et
1612 4054 1800 4100 senem,
1825 4045 2053 4090 manibus
2084 4043 2382 4105 pedibusque

1378 4107 1620 4155 articulari
1641 4110 1812 4154 morbo
1832 4107 2382 4161 distortissimi's,‘(8uet.

1371 4173 1512 4221 Galb.
1536 4171 1614 4219 21.
1633 4166 1737 4232 23.)
1752 4176 1796 4218 et
1809 4172 1979 4218 summi
1993 4171 2113 4219 civis
2128 4172 2384 4217 macentia

1372 4242 1420 4286 in
1437 4237 1700 4284 adserenda
1713 4237 1932 4281 libertate
1950 4237 2091 4282 Rom.
2124 4247 2384 4280 curarem-

1374 4308 1486 4359 tem,
1508 4300 1559 4345 in
1579 4300 1681 4360 ipso
1698 4300 1909 4345 Bebriaci
1923 4312 2099 4359 cumpo,
2117 4298 2198 4343 ubi
2211 4295 2382 4343 deim-

1376 4368 1508 4427 perio
1524 4364 1768 4410 decertare
1788 4367 2010 4418 conatur,
2023 4363 2194 4407 insano
2214 4363 2385 4411 formae

1787 4583 1824 4604 „7
