2978 4920
371 484 621 549 Ilibus?
669 487 727 548 O
756 484 957 562 numi,
992 485 1173 549 vobis
1200 485 1371 548 hunc
1400 496 1662 570 praestat
1691 483 2015 561 honorem,

363 586 491 648 Vos
520 583 669 648 estis
697 584 946 649 fratres,

366 685 433 748 Si
462 686 559 749 vis
589 698 663 749 tu
693 685 852 763 fieri,
883 686 1098 750 nullus
1127 686 1245 750 tibi
1273 685 1584 771 parvulus
1612 685 1760 748 aula

368 783 628 849 Luserit
659 786 919 862 AEneas,
951 809 1063 850 nec
1092 786 1224 851 filia
1251 784 1498 850 dulcior
1526 784 1656 849 illo.

366 888 413 948 J
417 885 744 950 ucundum
773 900 837 951 et
867 910 1082 951 carum
1115 887 1342 951 sterilis
1368 885 1525 951 facit
1554 888 1716 950 uxor'
1743 886 2033 950 amicum.

367 1085 449 1149 In
477 1086 791 1171 gremium
821 1089 1019 1173 patris
1046 1088 1276 1152 fundat
1306 1087 1529 1151 simul:
1576 1087 1710 1174 ipse
1738 1087 1986 1174 loquaci

364 1185 693 1250 Gaudebit
724 1187 909 1261 nido;
956 1186 1218 1252 viridem
1249 1187 1509 1252 thoraca
1527 1187 1786 1272 jubebit

355 1284 646 1363 Adferri‚
677 1287 1093 1374 minimasque
1120 1310 1334 1377 nuceS‚
1365 1310 1693 1373 assemque
1721 1299 2038 1373 rogatum,

1029 317 1073 379 S
1091 317 1157 377 A
1179 316 1243 379 T
1265 314 1299 378 1
1321 315 1386 379 R
1405 315 1471 378 A
1532 314 1607 377 V.
2234 316 2352 383 101

1036 584 1351 649 Dominus
1382 595 1594 648 tamen
1623 596 1689 648 et
1716 584 1956 648 domini
1987 607 2100 649 rex

2233 888 2359 951 140

372 985 501 1049 Sed
530 999 644 1049 tua
671 1009 841 1051 nunc
872 988 1128 1074 Mycale
1156 988 1363 1073 pariat
1392 986 1562 1065 licet,
1593 1000 1658 1051 et
1686 1011 1917 1074 pueros
1946 1000 2073 1053 tres

2228 1390 2353 1454 145

360 1384 475 1448 Ad
505 1409 783 1452 mensam
813 1388 1061 1474 quoties
1090 1388 1407 1473 parasitus
1434 1388 1678 1452 venerit
1706 1387 1931 1451 infans.
2026 1410 2029 1413 ·

361 1487 611 1552 Vilibus
639 1490 1154 1595 ancipites‘fungi
1184 1502 1500 1575 ponentur
1528 1488 1768 1568 amiciS,

355 1587 622 1652 Boletus
650 1588 947 1665 domino,·
995 1589 1106 1653 sed
1133 1588 1353 1674 quales
1385 1589 1697 1653 Claudius
1725 1588 1857 1654 edit

269 1814 513 1876 vissrater
529 1815 587 1861 ab
608 1814 721 1877 ipsis
737 1811 910 1859 ilibus?
943 1815 1004 1859 ad
1022 1813 1272 1869 Trebium,

266 1880 395 1938 quod
411 1885 487 1925 est
506 1880 672 1927 fictum
692 1890 865 1924 nomen
885 1879 1107 1937 pauperis
1123 1880 1272 1925 clien-

270 1943 350 1999 tis,
373 1944 451 1995 (ut
472 1957 584 2004 sup.
606 1958 655 1991 v.
676 1939 777 2003 19.)
798 1943 882 2001 qui
913 1955 1042 1988 nunc
1075 1950 1272 2001 repente

267 2007 399 2054 dives
429 2007 590 2054 factus
621 2016 712 2055 est.
739 2005 903 2067 frater
933 2007 1156 2051 blandius
1190 2021 1277 2052 no-

265 2084 400 2182 {2:32⁹
430 2072 1274 2190 33⁰..33‘53b3‘0ff‘2‘J33‘22‘12-ssffss1ffi3

265 2200 354 2253 bis,
391 2207 530 2257 parte
567 2198 860 2254 delicatiore,
897 2210 943 2240 v.
977 2209 1020 2240 c.
1065 2198 1187 2255 apri.
1225 2211 1270 2244 v.

267 2261 396 2308 Plin.
424 2262 574 2308 vul.
599 2262 678 2309 51.
696 2275 735 2307 s.
756 2260 834 2308 78.
900 2258 1010 2306 136.
1034 2261 1077 2307 7.
1104 2261 1275 2307 Honor

263 2334 311 2371 et
329 2327 583 2372 blanditiae
598 2327 660 2373 ad
678 2337 852 2371 numos
868 2329 1105 2381 spectant,
1118 2324 1274 2384 iisque

262 2391 566 2443 tribuuntur,
582 2404 677 2434 non
698 2388 903 2440 homini,
918 2387 995 2431 vel
1016 2388 1201 2432 meritis
1222 2395 1272 2433 et

264 2453 457 2500 virtuti.
523 2450 790 2500 137—140.
824 2451 975 2497 Dives
1006 2450 1087 2497 ille
1118 2458 1168 2496 et
1190 2466 1270 2498 su-

264 2516 448 2576 pe'rbus
470 2515 617 2562 Virro
638 2517 784 2561 etiam
806 2515 994 2561 clientis
1015 2516 1185 2573 instar,
1205 2522 1274 2573 te,

264 2582 349 2640 qui
373 2587 573 2640 repente
605 2580 739 2626 dives
759 2580 916 2625 factus
938 2591 1005 2631 es,
1030 2585 1085 2624 ut
1117 2587 1276 2638 patro-

266 2659 387 2691 num
409 2658 555 2691 suum
580 2645 704 2691 colet
721 2650 770 2689 et
788 2643 1109 2696 venerabitur,
1128 2644 1169 2688 si
1187 2644 1277 2690 tibi

269 2722 363 2754 non
383 2715 527 2755 erunt
548 2708 703 2763 liberi,
721 2713 770 2753 et
789 2706 882 2765 ipsi
903 2708 1023 2752 adeo
1039 2719 1175 2766 spem
1194 2708 1276 2754 he-

270 2772 488 2818 reditatis
513 2771 834 2831 adipiscendae
866 2771 1116 2830 concipere
1147 2772 1276 2819 licet.

268 2837 341 2883 Cf.
374 2837 540 2883 simili.
563 2834 950 2896 Epignxxxl.
986 2834 1192 2881 Palladae
1224 2836 1276 2881 in

271 2901 505 2946 Brunckii
535 2901 680 2947 Anal.
700 2899 761 2946 Τ.
785 2899 855 2946 11.
876 2912 922 2958 p.
944 2897 1058 2945 413.
1106 2898 1274 2945 Domi-

269 2977 373 3017 aas,
400 2979 444 3024 v.
468 2966 530 3010 ad
553 2963 596 3012 1.
620 2963 728 3011 136.
773 2963 967 3008 Domini
989 2977 1094 3019 rex,
1117 2959 1274 3024 major

270 3035 471 3086 patrono
492 3042 550 3074 ac
573 3034 767 3087 potente
795 3028 1111 3084 amicodieri,
1131 3027 1193 3071 ab
1214 3041 1273 3073 eo

269 3093 360 3137 coli
395 3105 592 3139 summo
628 3093 825 3137 honore.
903 3088 1010 3137 138.
1044 3091 1090 3136 9.
1126 3090 1274 3137 Poeta

267 3156 435 3202 festive
444 3156 603 3201 utitur
615 3156 771 3201 verbis
787 3155 924 3213 virg.
934 3155 1044 3200 AEn.
1061 3155 1145 3201 lv.
1157 3153 1270 3201 328.

251 3220 360 3278 filia
369 3219 567 3277 dulc-ior,
579 3232 708 3279 soepe
723 3226 772 3264 et
791 3219 958 3264 multis
974 3219 1270 3278 parentibus,

263 3282 340 3328 illo
371 3284 486 3329 filio.
553 3283 789 3329 Nonnulli
821 3279 875 3330 τὸ
906 3283 985 3328 illo
1015 3283 1078 3328 ad
1103 3280 1270 3328 Virro·

269 3360 377 3393 nem
412 3360 451 3392 s.
488 3347 817 3405 heredipetam
859 3347 1092 3393 referunt.
1158 3345 1270 3395 140.

253 3409 373 3467 ficit
412 3416 509 3457 cet.
551 3412 616 3457 ob
630 3423 790 3470 gspem
836 3411 1131 3457 hereditatis.
1191 3410 1272 3460 Cf.

271 3473 476 3521 Martini.
499 3474 569 3520 X.
589 3473 665 3521 18.
686 3481 739 3521 et
760 3473 856 3524 XI.
876 3474 958 3522 56.

330 3536 601 3585 141—145.
648 3537 742 3585 Sed
784 3539 1010 3599 quamvis
1052 3538 1265 3599 Mycale,

274 3614 386 3647 uxor
404 3610 510 3656 tua,
529 3603 689 3661 pariat
709 3617 849 3657 nanc,
871 3615 1023 3663 quum
1046 3604 1118 3649 sia
1133 3603 1266 3649 locu-

271 3667 493 3723 pletatus,
514 3667 767 3711 honorabit
800 3674 848 3712 te
879 3674 930 3714 et
951 3674 1061 3714 tuos
1081 3681 1139 3713 ac
1159 3680 1271 3712 mu-

273 3732 465 3776 nuscula
480 3726 671 3790 jubebit
691 3730 884 3784 adferri,
907 3732 1022 3790 quia
1043 3732 1177 3777 dives
1197 3744 1269 3789 es,

270 3800 318 3836 et
337 3803 511 3851 sperat,
526 3795 732 3853 gratiam
748 3808 774 3839 a
793 3802 843 3840 te
859 3794 1064 3841 relatum
1079 3794 1156 3841 iri.
1185 3797 1270 3841 *At

269 3853 454 3915 Mycale
468 3858 520 3905 h.
531 3860 564 3903 l.
578 3858 807 3904 meretrix
819 3860 978 3917 potius
992 3865 1083 3912 est,
1097 3864 1147 3904 et
1158 3873 1268 3906 sen-

271 3921 414 3967 tentia
436 3923 610 3968 horum
634 3923 919 3969 verboruma
954 3930 1006 3968 at
1039 3930 1123 3968 tua
1155 3937 1271 3969 con·

272 3983 439 4030 cubina
452 3986 527 4032 vel
544 3989 637 4031 tres
646 3998 810 4044 pueros
825 3986 969 4032 simul
969 3987 1135 4045 pariat
1146 3988 1269 4045 licet,

269 4044 319 4092 b.
337 4060 378 4092 e.
398 4062 507 4096 eam
529 4062 696 4109 parere
718 4048 907 4096 licitum
924 4057 996 4096 est
1009 4063 1023 4092 ε
1058 4051 1143 4103 (εἰσ
1158 4064 1273 4112 mog

264 4109 511 4174 gemla-en)
535 4127 630 4160 non
654 4112 982 4172 indignabitur
1004 4113 1169 4171 Virro,
1186 4116 1272 4161 sed

272 4176 507 4232 gaudebit,
530 4178 651 4223 nihil
674 4179 873 4233 veritus,
896 4192 957 4224 ne
988 4186 1183 4237 propter
1211 4180 1268 4224 fl-

259 4233 354 4286 Jios
374 4240 666 4287 adulterinos
682 4241 744 4285 ab
758 4242 1022 4288 hereditate
1039 4244 1267 4290 excluda-v

272 4304 360 4348 tur.
424 4303 520 4352 Pro
540 4303 731 4366 Mycale
764 4305 888 4352 forte
909 4306 1006 4366 leg.
1030 4304 1219 4367 Migule
1238 4320 1270 4354 a

1333 1812 1525 1876 pc'ywpu
1544 1828 1585 1863 8.
1612 1812 1800 1877 μιγνῦυ,
1822 1827 1952 1862 ecee.
2016 1814 2069 1861 Si
2100 1816 2193 1862 hoc
2223 1822 2352 1863 emet

1336 1883 1520 1938 uxoris,
1545 1894 1643 1926 non
1677 1878 1861 1939 pellicis
1894 1891 2093 1937 nomen,
2115 1886 2258 1939 poeta
2278 1880 2354 1926 vel

1335 1957 1482 1989 unum
1491 1958 1709 2003 puerum,
1729 1957 1825 1990 non
1846 1948 1937 1989 tres
1944 1955 2114 2002 pueros
2130 1943 2350 1992 dixmet.

1340 2007 1434 2053 Sed
1454 2009 1595 2067 signa
1615 2008 1846 2068 interrog.
1862 2007 1902 2053 si
1920 2012 2030 2065 post
2046 2006 2154 2052 nido
2169 2023 2216 2054 v.
2240 2006 2349 2056 148.

1337 2080 1386 2116 et
1408 2086 1454 2116 v.
1476 2069 1583 2117 145.
1612 2079 1721 2129 post
1734 2071 1891 2133 infima
1907 2071 2141 2129 posueris,
2159 2085 2252 2118 non
2273 2073 2348 2118 in-

1336 2141 1448 2193 epta
1464 2136 1673 2194 prodibit
1689 2136 1926 2180 sententia
1940 2150 1954 2180 ε
1980 2134 2021 2178 si
2037 2147 2158 2181 uxor
2171 2144 2255 2182 tua
2270 2138 2349 2183 vel

1336 2211 1515 2256 unum,
1535 2200 1611 2244 vel
1635 2200 1754 2245 adeo
1778 2206 1874 2244 tres
1895 2211 2069 2257 pueros
2090 2200 2347 2258 pepererit,
2402 2193 2407 2198 ’

1338 2263 1459 2324 (quo
1473 2275 1584 2322 spes
1601 2264 1879 2308 hereditatis
1897 2261 2094 2308 Virroni
2113 2263 2347 2310 inminui-

1336 2323 1445 2387 tur)
1469 2333 1673 2385 putasne
1695 2327 1786 2371 hoc
1807 2326 1900 2385 ipsi
1932 2332 2126 2384 gratum
2148 2328 2274 2384 fore,
2295 2335 2347 2374 et

1336 2402 1540 2435 munera
1561 2392 1622 2436 ab
1654 2403 1711 2435 eo
1742 2389 2008 2435 infantibus
2040 2391 2210 2436 datum
2244 2392 2306 2439 iri
2320 2393 2345 2439 Ρ

1335 2452 1467 2499 'l'um
1488 2468 1602 2500 vero
1625 2468 1711 2512 pro
1728 2454 1831 2500 licet
1851 2455 1944 2513 leg.
1964 2451 2070 2514 sac.
2135 2452 2244 2502 142.
2278 2456 2344 2501 Ιο-

1337 2519 1469 2576 quasi
1483 2517 1608 2572 nido,
1625 2518 1770 2578 pullis
1788 2518 1972 2572 avium,
1990 2519 2170 2570 vueaeoi'e
2187 2516 2346 2583 ‹2618-

1338 2596 1399 2634 ee,
1417 2581 1518 2627 h.1.
1539 2593 1626 2639 pro
1647 2582 1860 2640 puerulis
1875 2583 2175 2640 loquacibus,
2187 2583 2348 2630 forma

1339 2645 1571 2703 loquendi
1587 2645 1727 2705 Virg.
1746 2645 1856 2691 AEn.
1874 2643 1996 2689 ΧΗ.
2018 2644 2135 2693 475.-
2156 2648 2216 2692 ad
2237 2661 2347 2692 sen-

1340 2721 1452 2753 sum
1471 2709 1684 2767 inpropr.
1718 2722 1774 2754 ac
1808 2709 2067 2767 figuratum
2101 2711 2347 2757 translata.

1341 2772 1421 2818 Sic
1442 2779 1491 2817 et
1510 2772 1688 2837 χςποῦ
1706 2770 1872 2837 ταφεὶς
1891 2768 2062 2818 νάπαι
2081 2774 2205 2819 dixit
2225 2777 2345 2820 adu-

1339 2836 1464 2881 lator
1505 2839 1636 2896 apud
1684 2837 1931 2897 Theophr.
1973 2837 2115 2882 Char.
2162 2838 2231 2885 11.
2270 2839 2344 2885 Cf.

1337 2899 1509 2946 Burm.
1527 2903 1587 2947 ad
1606 2903 1804 2947 Anthol.
1824 2908 1919 2947 vet.
1938 2903 2025 2947 lat.
2045 2900 2213 2962 Epigr.
2231 2902 2270 2948 1.
2293 2916 2345 2963 p.

1340 2963 1451 3011 139.
1528 2964 1637 3011 143.
1670 2965 1867 3011 viridem
1901 2965 2085 3011 thoraca
2127 2967 2343 3024 laneum,

1335 3029 1641 3083 subuculam,
1664 3030 1741 3075 vel
1764 3030 1996 3076 tunicam.
2061 3027 2181 3077 144..
2203 3033 2347 3077 mini·

1334 3105 1435 3137 mae
1471 3106 1630 3150 nuces,
1659 3094 1940 3151 Avellanas,
1965 3094 2043 3139 vel
2075 3096 2235 3154 potius
2267 3109 2345 3142 res

1333 3155 1529 3201 minimi
1549 3158 1710 3215 pretii,
1729 3158 1896 3217 quales
1927 3163 2042 3203 sunt
2072 3173 2253 3206 nuces..
2268 3175 2343 3205 as-

1332 3233 1426 3264 :em
1446 3225 1663 3279 rogatum
1680 3235 1711 3266 a
1731 3234 1898 3279 puero,
1920 3235 2055 3268 more
2075 3223 2341 3278 infantum,

1331 3285 1561 3330 numulos
1581 3286 1870 3344 petentium.
1933 3284 2044 3331 145.
2075 3285 2233 3346 infime
2249 3301 2341 3347 pa-

1331 3349 1524 3402 rasitus,
1538 3350 1788 3395 blandiens
1801 3358 1850 3394 et
1861 3350 2092 3407 adpetens
2104 3351 2339 3398 ciborum.

1397 3410 1670 3461 146-155.
1702 3413 1825 3459 Haec
1845 3414 1906 3458 ad
1929 3425 2146 3458 mensam
2171 3426 2339 3460 secun·

1332 3473 1441 3519 dam
1464 3477 1701 3533 spectant.
1755 3475 1932 3521 Vilibue
1953 3477 2134 3532 anticio,
2150 3476 2340 3522 clienti-

1331 3538 1437 3583 bus.
1460 3539 1534 3584 cf.
1552 3540 1614 3586 ad
1634 3553 1680 3585 v.
1701 3538 1812 3585 108.
1829 3543 2077 3599 ponentur,
2095 3542 2339 3599 adponen-

1333 3601 1588 3663 tur.sung·i
1607 3603 1844 3661 unc-ipim,
1867 3609 1922 3647 ut
1942 3615 2017 3661 ap.
2034 3602 2158 3648 Plin.
2176 3602 2345 3653 xxu.

1458 3673 1737 3725 suspectum
1770 3665 1864 3711 cibi
1896 3679 2066 3724 genus,
2100 3669 2180 3714 cui
2211 3673 2340 3718 male

1331 3730 1561 3786 creditur,
1587 3732 1649 3776 de
1680 3741 1777 3788 quo
1809 3729 2017 3785 dubites,
2044 3741 2340 3782 venenatum

1333 3794 1418 3851 sit,
1442 3807 1607 3840 necne.
1674 3791 1786 3841 14⁷.
1809 3795 1883 3840 Cf.
1906 3794 2012 3841 loca
2031 3797 2177 3843 simil.
2205 3797 2342 3845 Mar.

1334 3858 1437 3905 tial.
1461 3858 1501 3903 1.
1521 3859 1602 3904 21.
1625 3866 1675 3903 et
1692 3857 1785 3903 111.
1805 3858 1883 3906 60.
1903 3856 1950 3904 5.
2004 3860 2193 3908 Baletus
2215 3876 2339 3921 proe-

1335 3922 1689 3976 stantissimum
1710 3923 1853 3983 fungi
1866 3937 2039 3983 genus,
2059 3939 2105 3970 v.
2123 3927 2183 3970 ad
2200 3926 2340 3973 XIV.

1335 3985 1380 4032 8.
1422 3987 1646 4044 Domino,
1671 4000 1718 4033 v.
1739 3987 1801 4033 ad
1831 3986 1879 4035 Ι.
1921 3987 2035 4035 136.
2066 3987 2144 4034 sed
2172 3989 2340 4036 boletus

1334 4064 1430 4101 non
1465 4061 1745 4104 venenatus,
1768 4052 1944 4110 qualem
1971 4050 2190 4097 Claudius
2208 4054 2336 4113 Imp-

1332 4114 1442 4167 edit,
1465 4120 1574 4161 ante
1594 4129 1743 4174 quam
1765 4116 1927 4161 ederet
1950 4115 2101 4167 tuum,
2124 4129 2269 4174 quem
2290 4118 2340 4163 ei

1332 4179 1464 4228 dedit
1476 4180 1743 4239 Agrippina
1756 4192 1877 4225 uxor
1890 4192 2074 4224 veneno
2083 4179 2337 4234 infectum,

1326 4246 1430 4300 post
1450 4257 1583 4301 quem
1603 4243 1674 4287 nil
1692 4243 1891 4301 amplius
1909 4240 2023 4297 edit,
2040 4240 2209 4287 festive
2229 4255 2337 4302 pro,

1331 4319 1430 4366 quo
1449 4307 1609 4365 periit.
1640 4306 1720 4353 Cf.
1739 4306 1826 4354 inf.
1848 4302 1945 4351 VI.
1966 4304 2077 4352 620.
2094 4317 2194 4363 seq.
