2978 4920
633 327 718 389 52

1339 316 1999 382 JUVENALIS

722 493 1040 558 Creditur.
1118 492 1223 555 An
1256 491 1495 568 melior,
1525 512 1725 575 quum
1760 489 2016 554 Thaida
2045 485 2335 565 sustinet,
2366 497 2502 550 aut
2497 501 2717 572 quum

722 597 1008 660 Uxorem
1037 593 1360 657 comoedus
1388 590 1545 677 agit,
1574 591 1676 654 vel
1707 590 1953 654 Dorida
1979 589 2156 654 nullo

724 696 981 760 Cultam
1010 693 1311 781 palliolo?
1357 691 1585 757 mulier
1613 713 1837 777 nempe
1866 691 2005 777 ipsa
2032 689 2311 766 videtur,

2629 686 2715 751 95

723 798 871 860 Non
899 817 1165 883 persona
1192 793 1402 879 loqui:
1450 814 1652 856 vacua
1679 803 1743 856 et
1773 790 1964 877 plana
1989 790 2201 855 omnia
2228 789 2400 854 dicas

726 898 909 962 Infra
936 897 1383 974 ventriculum,
1414 907 1478 959 et
1509 894 1683 960 tenui
1714 893 2012 958 distantia
2038 894 2217 957 rima.

725 1000 861 1063 Nec
892 1013 1100 1064 tamen
1132 997 1512 1074 Antiochu5‚
1541 1018 1654 1059 nec
1683 996 1803 1060 erit
1831 994 2134 1060 mirabilis
2161 995 2289 1059 illic

724 1103 867 1166 Aut
902 1100 1259 1177 StratocleS,
1289 1110 1402 1164 aut
1431 1121 1578 1162 cum
1608 1096 1780 1161 molli
1811 1097 2176 1161 Demetrius
2206 1098 2455 1160 Haemo.

726 1201 921 1266 Natio
948 1199 1232 1265 comoeda
1258 1212 1371 1263 est.

1462 1176 1692 1261 Rides.
1680 1201 1705 1246 Ρ
1747 1197 1999 1261 meliore
2028 1197 2332 1261 cachinno

2589 1195 2718 1258 100

728 1302 1142 1366 Concutitur:
1188 1295 1321 1378 flet,
1353 1298 1403 1363 si
1433 1298 1742 1362 lacrumas
1770 1296 2094 1383 conspexit
2123 1296 2328 1374 amici,

726 1402 860 1466 Nec
888 1401 1094 1466 dolet:
1142 1399 1492 1487 igniculum
1522 1399 1768 1464 brumae
1800 1397 1850 1461 si
1883 1410 2166 1484 tempore
2195 1419 2440 1483 poscas,

726 1501 992 1589 Adcipit
1021 1499 1486 1564 endromidem:
1538 1498 1588 1562 si
1619 1498 1876 1574 dixeris„
1908 1510 2130 1575 aestuo,
2163 1497 2369 1562 sudat.

730 1603 875 1666 Non
906 1624 1125 1665 sumus
1153 1622 1304 1685 ergo
1332 1622 1549 1685 pares:
1597 1599 1836 1675 melior,
1868 1599 1979 1684 qui
2013 1621 2256 1684 semper
2284 1609 2348 1661 et
2376 1598 2546 1661 omni

728 1704 935 1768 Nocte
963 1701 1192 1787 dieque
1221 1712 1429 1786 potest
1459 1700 1733 1764 alienum
1764 1722 2008 1763 sumere
2025 1698 2311 1777 vultum,

2594 1700 2721 1762 105

668 1864 671 1867 ,
730 1805 793 1868 A
825 1803 983 1868 facie
1003 1804 1244 1890 jactare
1274 1823 1518 1879 manuS‚
1550 1800 1804 1865 laudare
1834 1813 2116 1888 paratuS,

645 1973 756 2019 dem
773 1972 962 2025 baberi,
970 1983 1119 2030 quum
1134 1979 1305 2016 omnes
1316 1969 1454 2028 quasi
1464 1969 1647 2014 formas

645 2037 866 2092 induere,
900 2042 950 2081 et
982 2045 1308 2093 quascumque
1340 2033 1458 2079 velis
1488 2039 1647 2092 partes

647 2111 787 2159 agere
827 2105 994 2145 exacte
1037 2098 1239 2156 possint.
1303 2095 1416 2142 Non
1453 2103 1648 2142 tantum

646 2162 825 2222 egregii
847 2163 1116 2209 adulatores
1136 2167 1268 2218 sunt,
1282 2162 1365 2207 sed
1386 2168 1435 2208 et
1455 2161 1645 2206 histrio·

647 2238 748 2272 nes.
814 2225 949 2272 Num
980 2225 1234 2286 quisquam
1272 2226 1450 2272 Groecis
1489 2223 1650 2270 melior

647 2297 722 2336 est
741 2290 979 2347 coma-due,
1002 2302 1156 2349 quum
1178 2290 1384 2336 alienam
1401 2302 1647 2348 personam

648 2359 698 2399 et
740 2361 919 2414 partes,
963 2355 1039 2400 vel
1093 2353 1372 2411 mulierum,
1418 2351 1649 2398 sustinet?

654 2417 857 2475 Thaida,
875 2418 1190 2465 meretricem.
1258 2417 1451 2464 Nomen
1482 2417 1533 2460 in
1556 2415 1649 2463 Te-

647 2483 793 2529 rentii
805 2483 1103 2543 aliorumque
1115 2483 1359 2529 comoediis
1373 2481 1550 2541 passim
1563 2483 1647 2526 ob-

650 2548 801 2594 vium.
843 2546 945 2595 ‘94.
974 2548 1194 2601 Uxorem,
1214 2552 1501 2593 matronam.
1548 2546 1649 2591 Do·

645 2611 757 2659 ricla
771 2611 899 2658 nullo
912 2611 1083 2658 cultam
1098 2610 1307 2671 palliolo,
1323 2616 1536 2657 scortum
1561 2623 1650 2655 nu-

646 2678 786 2723 dum.
848 2677 1038 2723 Doricae
1087 2681 1136 2722 et
1181 2678 1428 2735 Spartanae
1477 2674 1651 2732 puellae

649 2736 959 2806 φαινομηρίδας,
972 2748 1021 2787 et
1038 2749 1170 2786 veste
1192 2740 1428 2799 pellucida
1449 2740 1651 2783 uteban-

650 2814 748 2859 tur,
771 2808 897 2864 inpr-
919 2818 1070 2864 quum
1094 2804 1322 2848 saltarent
1356 2804 1431 2847 vel
1465 2815 1651 2847 exerce·

650 2877 849 2925 rentnr3
885 2870 1010 2912 unde
1042 2874 1091 2913 et
1115 2865 1363 2941 Δυςκιάζυν,
1386 2878 1473 2923 pro
1506 2881 1652 2928 vaga·

653 2929 809 2991 φαίνω
831 2931 911 2976 καὶ
933 2948 1245 2995 τιςαγυμνονι
1277 2927 1395 2977 τολυ
1421 2929 1480 2974 τῧ
1503 2927 1653 2989 σάμαι-

653 3014 743 3046 vn.
763 3011 808 3041 v.
828 2995 1050 3040 Eustath.
1070 2997 1130 3040 ad
1150 2996 1300 3041 Hom.
1319 2994 1374 3040 ΙΙ.
1393 2993 1528 3039 XIV.
1544 2994 1653 3041 170.

653 3066 702 3104 et
719 3059 927 3119 Hesych.
964 3057 1162 3104 Palliolo
1182 3065 1326 3117 eaput
1347 3060 1655 3104 obnubebant

655 3123 944 3175 meretrices.
969 3122 1204 3185 (Martial.
1234 3123 1332 3172 IX.
1363 3121 1444 3169 33.
1478 3123 1524 3170 1.
1556 3122 1654 3169 xl.

655 3186 733 3234 28.
757 3184 833 3248 Β.)
861 3188 1030 3232 melles
1051 3192 1099 3232 et
1123 3187 1288 3247 aegroti
1305 3202 1321 3232 ι
1355 3193 1500 3246 atque
1523 3188 1655 3232 Gro-

653 3253 793 3297 culus
836 3250 886 3296 in
926 3263 1087 3306 scena,
1120 3264 1182 3296 ne
1223 3250 1415 3310 palliolo
1456 3252 1653 3309 quidem

655 3322 831 3370 tectus,
853 3328 1014 3360 coram
1039 3321 1110 3361 tot
1130 3315 1474 3373 spectatoribus
1497 3328 1652 3361 mere-

656 3380 824 3434 tricem
850 3380 1029 3438 pudore
1062 3380 1319 3439 prostituto
1339 3378 1655 3425 scientissime

655 3446 774 3503 agit.
827 3443 1052 3501 Persona,
1075 3441 1317 3520 veiens-03,
1338 3445 1496 3499 larva,
1511 3444 1656 3491 facies

656 3509 766 3555 ficta
799 3508 1071 3564 histrionis;
1128 3510 1201 3555 vel
1242 3509 1314 3553 vir
1355 3516 1656 3567 personatus,

654 3573 731 3618 his
734 3575 842 3627 trio,
856 3573 940 3632 qui
957 3586 1182 3631 personas
1196 3573 1308 3627 fert,
1320 3573 1460 3632 gerit,
1474 3580 1654 3619 tuetur.

723 3636 804 3685 96.
829 3636 909 3683 97.
941 3636 1155 3691 Jurares,
1179 3638 1362 3690 omnia,
1385 3637 1531 3683 etiam
1566 3650 1656 3694 pu-

658 3702 834 3758 denda,
880 3700 983 3745 illis
1022 3701 1293 3755 muliebria,
1339 3715 1436 3746 non
1480 3702 1657 3758 virilia,

657 3776 796 3819 esse;
860 3772 959 3809 tam
1012 3766 1133 3811 bene
1186 3766 1443 3810 mulierum
1501 3766 1659 3823 partes

658 3834 826 3888 agunt.
881 3828 1004 3872 rima
1043 3830 1209 3875 cunni.
1259 3826 1442 3889 σχίσμα
1478 3829 1656 3875 Polluc.

659 3892 742 3938 lib.
769 3892 838 3939 11.
860 3905 908 3950 p.
933 3889 1044 3938 126.

724 3956 800 4003 98.
812 3967 940 4014 seqq·
966 3954 1043 4000 Ne
1059 3957 1443 4013 praestantissimi
1461 3958 1656 4016 quidem

658 4020 937 4070 histriones,
948 4030 975 4063 e
993 4019 1174 4066 Groecia
1191 4021 1399 4073 oriundi,
1416 4034 1541 4079 quos
1553 4027 1658 4067 tan-

660 4092 827 4145 topere
855 4082 935 4128 hic
966 4082 1222 4141 miramur,
1256 4084 1370 4137 illic,
1415 4085 1464 4130 in
1507 4086 1661 4144 patria

659 4161 746 4196 sua
769 4146 1078 4204 excellerent,
1108 4146 1414 4207 facerentque
1445 4149 1658 4196 miratio·

660 4226 774 4262 uem
789 4230 805 4261 ι
842 4223 957 4257 nam
977 4216 1079 4256 tota
1094 4211 1200 4257 haec
1215 4213 1341 4257 natio
1358 4216 1430 4259 eet
1444 4213 1656 4269 comeda,

658 4291 689 4323 a
719 4284 891 4324 natura
908 4275 968 4320 ad
989 4280 1142 4321 artem
1166 4275 1493 4324 histrionicam
1509 4278 1657 4336 aptis·

659 4342 783 4392 sima
803 4347 898 4399 est,
921 4353 977 4386 eo
998 4338 1191 4399 ingenio
1214 4350 1337 4387 nata.
1395 4341 1660 4392 Demetrius

1709 1974 1759 2014 et
1780 1967 2026 2014 Stratocles
2045 1967 2297 2014 clarissimi
2332 1966 2615 2026 histriones,
2632 1983 2716 2014 no·-

1711 2033 1884 2078 tissimi
1916 2047 1974 2077 ex
2006 2031 2212 2084 Quintil.
2247 2032 2371 2079 lust.
2403 2032 2501 2080 xl.
2532 2032 2581 2079 3.
2643 2035 2722 2080 De

1710 2097 1884 2142 Hoemo
1904 2098 1970 2144 cf.
1991 2097 2081 2144 inf.
2106 2095 2195 2142 v1.
2222 2096 2329 2143 198.
2466 2131 2472 2137 .

1778 2160 1888 2208 100.
1899 2160 2032 2220 seqq.
2050 2161 2242 2206 Festiva
2260 2162 2420 2220 imago
2435 2163 2717 2217 adulatoriS,

1713 2227 1797 2286 qui
1820 2238 1871 2270 se
1892 2231 2050 2270 totum
2076 2226 2214 2284 tingit
2234 2226 2295 2271 ad
2312 2227 2566 2272 arbitrium
2585 2228 2719 2286 inge-

1714 2292 1947 2348 niumque
1969 2289 2134 2346 amici,
2159 2290 2299 2348 eique
2332 2291 2521 2348 placere
2539 2293 2715 2337 studet.

1715 2353 1778 2398 Ut
1812 2353 2009 2410 indicet,
2035 2360 2329 2412 quantopere
2359 2356 2524 2414 magni
2556 2356 2715 2407 amici,

1706 2415 1844 2480 jocos
1874 2417 2091 2477 salesque
2122 2419 2308 2476 probet,
2334 2432 2430 2464 non
2464 2425 2722 2465 contentus

1713 2482 1884 2529 ridenti
1897 2483 2130 2535 adridere,
2146 2481 2405 2542 (en-‘xpum
2418 2484 2559 2548 ψυχς
2560 2483 2614 2535 ὅς
2628 2483 2718 2529 im-

1714 2545 1910 2609 φιλίαι
1932 2502 2565 2607 Theophr·Chnr.11.)vxein
2600 2550 2722 2593 effu-

1714 2614 1889 2657 siorem
1911 2610 2062 2655 risum
2082 2611 2309 2669 solvitur,
2323 2611 2538 2662 ὶκΰυῆαυ
2552 2611 2721 2673 γέλωτι

1717 2676 1846 2722 Plut.
1864 2674 2079 2720 cachinno
2094 2678 2373 2734 concutitur,
2387 2693 2436 2725 v.
2451 2678 2649 2723 Wakef.
2658 2678 2720 2724 ad

1717 2740 1909 2786 Lucret.
1934 2738 1974 2783 1.
2004 2737 2112 2785 918.
2141 2747 2192 2785 et
2215 2739 2284 2787 V.
2311 2742 2419 2789 706.
2456 2743 2541 2788 ubi
2573 2743 2724 2787 etiam

1716 2811 1901 2860 monet,
1924 2804 1976 2847 in
2000 2804 2105 2851 MS.
2123 2804 2345 2852 Cantabr-
2370 2806 2624 2851 verissime
2648 2812 2720 2852 at-

1716 2882 1811 2926 que
1844 2868 1987 2927 longe
2018 2868 2375 2927 elegantissime
2411 2871 2505 2929 legi
2537 2869 2721 2916 meliore

1717 2945 1804 2991 pro
1825 2933 1953 2992 vulg.
1971 2934 2165 2993 ‚major-e,
2187 2936 2317 2991 quod
2349 2948 2412 2980 ex
2430 2935 2720 2992 giessemate

1718 2998 1884 3055 procul
1912 2996 2060 3041 dubio
2091 3002 2253 3042 ortum
2286 2998 2365 3044 sit.
2433 2999 2495 3043 Id
2531 3011 2721 3057 quoque

1717 3061 1839 3106 mihi
1861 3061 1993 3106 haud
2012 3061 2215 3106 dubium
2238 3062 2444 3116 videtur,
2463 3068 2513 3107 et
2534 3063 2649 3108 binc
2671 3060 2722 3107 «ὃ

1717 3124 1900 3170 meliore
1919 3125 2102 3183 recepi:
2137 3138 2224 3171 cur
2254 3132 2416 3172 tamen
2439 3128 2533 3173 hoc
2566 3128 2723 3173 multo

1718 3189 1983 3248 elegantius
2005 3190 2086 3241 sit,
2102 3189 2185 3234 vix
2201 3190 2447 3249 adsequor.
2484 3191 2594 3237 Neo
2607 3190 2724 3237 dolet

1717 3266 1900 3307 revera,
1924 3257 2008 3300 sed
2039 3253 2252 3299 dolorem
2286 3254 2442 3312 fingit,
2465 3263 2523 3301 ut
2543 3256 2724 3303 omnia.

1721 3316 1831 3363 102.
1853 3317 2040 3372 brumoe,
2057 3317 2256 3376 hyemis.
2314 3317 2422 3365 103.
2448 3319 2727 3374 Endromis,

1719 3383 1866 3427 vestis
1887 3382 2094 3437 Gallica,
2113 3383 2313 3427 crassior
2334 3388 2383 3427 et
2416 3384 2604 3437 villosa,
2628 3396 2724 3443 qua

1719 3445 2022 3503 potissimum
2068 3447 2327 3492 utebantur
2367 3446 2422 3491 in
2457 3449 2726 3507 gymnasiis

1722 3516 1829 3567 post
1840 3523 2036 3556 cursum
2055 3509 2266 3569 aliasque
2276 3512 2486 3570 corporis
2498 3513 2726 3559 exercita·

1721 3573 1893 3629 tiones,
1905 3587 1965 3619 ne
1979 3574 2195 3619 calefacti
2207 3574 2536 3633 frigescerent.
2571 3577 2650 3623 ef.
2664 3578 2727 3628 sd

1722 3635 1822 3685 VI.
1833 3637 1947 3686 246.
1961 3646 2011 3684 et
2022 3638 2282 3695 spanhem.
2296 3640 2355 3685 ad
2376 3639 2573 3686 Callim-
2592 3641 2658 3686 Η.
2671 3641 2726 3686 iu

1721 3698 1865 3748 Dian.
1885 3717 1929 3748 v.
1952 3696 2517 3765 16.)=’Engepe-ss⁸5tamen
2540 3705 2725 3752 Graecis

1723 3778 1819 3811 non
1834 3767 2122 3813 vestimenta
2136 3769 2435 3825 dicebantur,
2444 3769 2534 3814 sed
2544 3768 2725 3815 calcea»-

1722 3836 1903 3886 menta‚
1926 3830 2101 3890 quibus
2131 3844 2349 3877 cursores
2381 3834 2644 3879 utebantur
2673 3833 2724 3879 in

1721 3895 2000 3943 certamine.

1787 3956 1894 4005 104.
1912 3973 2052 4019 pares
2071 3960 2242 4007 Graeco
2259 3960 2475 4009 moribus
2491 3958 2727 4014 venustis,

1723 4023 1907 4069 artibus
1946 4029 1998 4070 et
2038 4023 2270 4083 ingenio,
2295 4024 2374 4071 vel
2414 4027 2578 4085 potius
2609 4026 2664 4071 h.
2688 4025 2725 4071 l.

1720 4087 1874 4146 gratia
1906 4088 2148 4147 divitum,
2185 4089 2315 4134 unde
2346 4094 2397 4133 et
2425 4089 2608 4143 melior,
2639 4088 2723 4147 qui

1721 4153 1879 4211 magis
1898 4153 2054 4211 placet
2087 4153 2387 4211 hominibus,
2410 4153 2569 4214 mag-is
2589 4164 2724 4199 ama·

1721 4221 1801 4260 ttu-
1820 4223 1870 4262 et
1885 4214 2079 4263 colitur.

1787 4279 1896 4328 106.
1918 4280 2100 4326 Manus
2118 4277 2301 4342 afacie,
2322 4283 2385 4328 ab
2405 4294 2505 4336 ore,
2524 4294 2623 4341 quo
2642 4292 2723 4325 eas

1721 4345 1964 4391 osculatus
1981 4350 2053 4391 est
2057 4346 2265 4406 ,jactare
2280 4352 2331 4392 et
2347 4346 2612 4406 porrigere,
2623 4346 2671 4392 h.
2677 4357 2722 4391 e.
