2978 4920
1028 306 1473 371 SATIRA
1548 306 1678 371 IX.

391 494 800 581 Adcipimus‚
830 493 1023 557 tenue
1050 495 1389 590 argentum
1419 514 1724 580 venaeque
1755 493 2067 561 secundae.

393 598 562 664 Fata.
586 607 819 684 regunt
846 595 1166 664 homines:
1207 595 1423 661 'fatum
1451 608 1548 660 est
1575 607 1641 659 et
1668 595 1961 683 partibus
1993 597 2139 676 illis,

393 701 569 779 Quas
599 700 773 763 sinus
798 698 1145 764 abscondit.
1191 720 1362 777 nam,
1393 698 1446 762 si
1476 698 1599 762 tibi
1629 697 1837 782 sidera
1861 713 2131 779 cessant,

392 801 507 866 Nil
534 801 726 866 faciet
753 802 927 888 longi
956 801 1253 867 mensura
1273 800 1606 887 incognita
1631 801 1852 879 nervi,

400 904 705 983 Quamvis
731 917 796 970 te
824 905 1073 971 nudum
1102 903 1427 993 spumanti
1458 905 1645 969 Virro
1673 904 1902 969 labello

399 1007 669 1087 Viderit,
699 1020 766 1073 et
793 1008 1047 1074 blandae
1073 1008 1341 1074 adsidue
1370 1008 1713 1095 densaeque
1741 1008 1993 1086 tabellae

400 1110 789 1177 Sollicitent:
836 1113 1019 1187 Αὐτὸς
1046 1116 1167 1200 γὰρ
1196 1110 1496 1189 ἐφέλκεται
1524 1111 1699 1199 ἄνδρα
1725 1111 1973 1186 κίναιδος.

397 1212 588 1291 Quod
617 1224 828 1277 tamen
860 1213 1127 1280 ulterius
1155 1226 1535 1292 monstrum,
1566 1236 1760 1300 quam
1789 1213 1995 1278 mollis
2024 1235 2252 1278 avarus
2270 1217 2299 1276 ?

395 1314 560 1378 Haec
590 1314 815 1394 tribui,
847 1314 1076 1379 dein'de
1104 1314 1216 1380 illa
1250 1314 1422 1394 dedi,
1452 1338 1606 1379 mox
1632 1314 1823 1401 plura
1850 1313 2073 1380 tulisti.

352 1453 362 1463 ι
400 1419 773 1503 Computat,
800 1440 874 1481 ac
903 1430 1100 1483 cevet.
1193 1415 1481 1483 Ponatur
1511 1418 1817 1495 calculum
1847 1416 2058 1482 adsint

2322 1421 2407 1482 40

401 1521 568 1583 Cum
597 1518 822 1583 tabula
846 1518 1049 1605 pueri.
1094 1542 1362 1588 numera
1390 1519 1681 1586 sestertia
1706 1518 1994 1606 quinque
2030 1573 2035 1578 .

227 1692 232 1695 ’
310 1685 573 1741 Percntare,
590 1682 760 1747 sevire,
793 1684 968 1752 κςοῦαν,
1002 1688 1208 1752 σταθᾷι,
1230 1707 1328 1756 tug-

310 1748 465 1811 ιιΙζυν,
492 1750 635 1798 verba
667 1754 881 1800 textoria.
946 1751 1112 1801 Pectora
1143 1753 1268 1802 male
1300 1768 1332 1802 a

305 1812 595 1878 quibusdam
630 1814 681 1863 h.
714 1812 748 1863 l.
784 1829 892 1864 cum
925 1819 1053 1865 radio
1083 1815 1329 1868 confundi·

310 1889 417 1926 tur:
454 1877 536 1927 illo
556 1880 779 1935 calcatur,
800 1879 1058 1946 percutitur
1077 1890 1127 1931 et
1158 1882 1329 1931 densa-

311 1952 394 1991 tur
412 1950 611 2001 stamen,
629 1944 719 1993 hoc
740 1945 928 1994 stamini
948 1944 1162 1995 inseritur
1173 1947 1332 1996 subte-

308 2022 437 2055 men.
474 2012 650 2059 tertoris
674 2009 833 2068 Gaea,-
855 2011 1032 2059 namin
1054 2012 1217 2061 Gallia
1230 2013 1334 2060 vesd

309 2079 390 2121 tes
412 2073 649 2121 crassioris
680 2073 745 2122 fili
779 2083 827 2123 et
858 2073 993 2123 lanae*
1013 2076 1180 2124 confici
1212 2076 1333 2126 sole-

309 2138 451 2185 bant.
462 2137 523 2185 οἱ.
538 2139 751 2188 Martial.
767 2139 859 2187 IV.
874 2141 950 2188 19.
969 2140 1015 2187 1.
1028 2147 1076 2188 et
1087 2141 1179 2188 VI.
1193 2142 1273 2189 11.
1287 2142 1334 2189 7.

383 2201 464 2250 31.
485 2213 739 2268 argentum,
766 2211 1041 2266 argenteum
1072 2219 1173 2260 vas,
1206 2214 1337 2253 tenue

313 2282 378 2318 ac
419 2265 539 2323 leve,
582 2268 659 2315 vel
701 2266 857 2333 potius
900 2280 1096 2315 numum
1136 2275 1338 2316 veterem

312 2339 575 2459 ssflssspssssu
596 2331 1291 2445 ‘3123202fw35’ff5‘24223
1326 2368 1339 2382 ·

312 2469 562 2524 argentum
596 2476 715 2509 oenoe
746 2464 965 2519 secundae,
990 2474 1086 2509 non
1111 2476 1281 2526 purum
1302 2478 1342 2511 s.

316 2524 636 2600 pustulatum,
657 2525 741 2574 sed
774 2525 851 2574 cui
883 2525 1086 2574 multum
1118 2525 1223 2574 aeris
1256 2526 1340 2575 ad-

318 2599 527 2639 mixtum
548 2599 634 2639 est.

388 2656 600 2704 32-37.
632 2655 795 2705 Verba
826 2655 901 2704 vel
1026 2664 1104 2713 tae,
1138 2654 1343 2705 amicum

317 2718 479 2787 lepide
530 2719 831 2776 consolantis,
883 2735 939 2769 ve
1012 2721 1062 2769 N
1064 2720 1217 2777 aevoli,
1260 2722 1343 2785 qui

321 2799 454 2834 more
487 2784 652 2833 talium
689 2784 934 2834 hominum
965 2786 1210 2862 vulgarem
1241 2785 1343 2851 opi·

322 2851 520 2899 nionem
551 2848 611 2898 de
631 2849 678 2898 vi
732 2861 907 2899 atorrtm
940 2865 997 2898 ac
1028 2853 1223 2899 ndmm
1255 2849 1343 2915 (de

360 2930 424 2963 ua
444 2930 492 2962 v.
512 2915 675 2980 sup.V
711 2950 723 2963 .
744 2916 968 2979 553.seq.
982 2915 1343 2964 etV11.194-

320 2931 472 3041 301.)
493 2977 556 3026 ad
588 2978 835 3028 obscoenas
853 2993 926 3026 res
946 2980 1180 3036 transfert,
1203 2986 1254 3029 et
1273 2980 1344 3027 fa-

323 3051 436 3092 cete
455 3043 701 3092 transferre
721 3042 810 3092 sibi
835 3042 1034 3094 videtur.
1098 3044 1265 3092 Fatum
1284 3052 1346 3092 est

326 3117 370 3158 et
410 3109 617 3170 partibus
656 3109 763 3164 illis,
802 3124 908 3172 quas
947 3110 1070 3157 sinus
1106 3111 1345 3166 abscondit,

326 3171 451 3222 coeci
483 3170 570 3220 fati
604 3171 672 3220 vis
704 3180 778 3222 est
808 3173 951 3222 etiam
986 3172 1036 3220 in
1067 3171 1236 3231 virilia,
1268 3188 1347 3223 eo-

327 3251 530 3301 rumque
572 3252 727 3295 usum,
763 3237 839 3285 vel
877 3232 1138 3302 libidinem.
1215 3238 1350 3287 Sinus

330 3301 536 3351 anterior
579 3314 690 3368 pars
731 3308 871 3366 togae,
912 3316 1019 3366 quae
1073 3316 1168 3351 non
1210 3302 1350 3352 modo

331 3375 516 3432 pectus,
539 3366 622 3416 sed
654 3365 797 3415 etiam
829 3366 1053 3432 pudenda
1071 3367 1202 3432 tegit.
1270 3369 1350 3416 33.

333 3431 492 3480 Sidera
511 3433 592 3480 tibi
610 3442 793 3490 cessant,
817 3447 912 3480 non
943 3429 1119 3489 favent,
1141 3442 1239 3482 non
1268 3433 1354 3482 be·

331 3496 483 3560 nigna
513 3504 638 3546 sunt.
680 3512 684 3516 '
713 3494 795 3546 34.
833 3496 920 3545 Nil
935 3495 1103 3560 faciet,
1139 3496 1226 3545 tibi
1256 3512 1352 3546 non

332 3558 558 3625 proderit,
580 3574 787 3610 mennam
816 3563 1062 3627 incognita,
1083 3561 1274 3611 insolita
1304 3568 1355 3610 et

336 3632 483 3673 antea
503 3641 596 3673 non
615 3625 735 3685 visa,
760 3629 882 3691 longi
902 3629 1046 3684 nervi,
1066 3626 1265 3676 membri
1282 3625 1352 3674 vi-

330 3688 452 3738 rilis.
487 3689 563 3738 Cf.
593 3706 648 3739 su
684 3725 699 3740 .
735 3692 777 3739 Ι.
812 3692 892 3740 41.
958 3692 1040 3741 35.
1078 3695 1271 3747 nudum,
1307 3708 1354 3739 v.

334 3754 685 3868 Sriigdoaiioiiilis
716 3755 1042 3885 gfdivelszwgg:
1061 3755 1356 3886 shgrngfgbn

336 3897 441 3948 seq.
458 3884 541 3932 98.
562 3900 661 3949 seq.
687 3885 798 3934 128.
820 3884 933 3935 149.
956 3884 1092 3949 156.)
1111 3883 1194 3933 sed
1213 3885 1357 3934 etiam

338 3946 569 4006 cinaedus,
591 3948 652 3998 de
684 3964 777 4013 quo
810 3949 868 3997 cf.
894 3949 1073 3999 Catull.
1093 3949 1253 4014 Epigr.
1276 3951 1358 3998 81.

340 4014 557 4066 Quamvis
578 4024 620 4063 te
640 4017 815 4062 nudum
835 4016 993 4070 viderit
1013 4030 1069 4063 ac
1087 4015 1212 4064 bene
1224 4029 1357 4064 men·

339 4076 564 4136 tulatum,
618 4094 681 4128 uo
701 4087 861 4128 tamen
891 4079 1040 4128 libido
1073 4077 1176 4144 ejus
1208 4078 1358 4128 maxi-

339 4152 419 4190 me
460 4093 742 4193 incenffiitur.
805 4146 1031 4206 spumanti
1066 4144 1220 4194 labello
1262 4156 1360 4210 prae

343 4206 628 4272 inpatientia
647 4220 703 4261 ac
728 4207 881 4258 furore
910 4207 1145 4258 libidinis:
1181 4208 1363 4258 namin

341 4271 776 4323 summodesiderio
791 4274 926 4322 labra
946 4283 1166 4338 spumant
1186 4273 1362 4334 saliva3

340 4335 473 4385 unde
513 4337 760 4404 proverbio
800 4336 969 4386 dicitur
999 4340 1198 4394 salivam,
1238 4339 1286 4387 h.
1321 4353 1363 4386 e.

1396 1688 1549 1735 Mami
1569 1689 1773 1750 masam-ig
1789 1688 1987 1735 macheu.
2050 1686 2131 1736 36.
2149 1687 2316 1734 blanda
2339 1696 2408 1734 ta-

1394 1754 1539 1809 bellae,
1562 1751 1708 1801 litem
1728 1751 1986 1808 amatoriae,
2009 1751 2183 1815 quibus
2202 1760 2250 1799 te
2273 1751 2409 1799 blan·

1394 1815 1454 1866 de
1475 1815 1732 1881 multisque
1763 1815 2181 1883 pollicitationibus
2209 1817 2413 1864 sollicitet

1395 1882 1457 1930 ad
1478 1890 1707 1948 stuprum.
1771 1884 1916 1929 densoe
1946 1881 2021 1929 vel
2055 1881 2215 1928 multae
2237 1895 2292 1929 ac
2311 1895 2411 1929 cre·

1395 1947 1509 2002 brae,
1555 1946 1631 1994 vel
1671 1945 1842 2010 potius,
1885 1944 1998 2009 quia
2040 1943 2141 1994 haec
2175 1959 2265 1993 vox
2303 1959 2413 1993 cum

1396 2014 1582 2059 adsidue
1596 2009 1826 2073 jungitur,
1849 2008 2005 2073 longae
2029 2024 2085 2057 ac
2107 2008 2326 2073 copiosae.

1407 2091 1408 2096 ’
1463 2077 1545 2124 37.
1567 2076 1711 2128 Αἶας-ὂς
1738 2076 1831 2142 γὲ(
1853 2074 2091 2137 icium-m
2123 2071 2256 2141 ἔδει
2275 2073 2414 2124 κίναι-

1400 2138 1486 2195 305,
1523 2156 1611 2188 sua
1650 2139 1777 2189 enim
1815 2146 1980 2203 sponte
2014 2151 2070 2187 ac
2102 2138 2150 2188 vi
2184 2138 2415 2188 Cinaedus

1402 2210 1675 2268 (tamquam
1706 2220 1752 2251 m
1785 2206 1925 2268 ones)
1960 2203 2109 2251 virum
2143 2203 2205 2252 ad
2238 2215 2287 2251 se
2319 2210 2417 2252 tra-

1401 2267 1504 2327 hit3
1537 2270 1709 2315 blandis
1729 2222 1831 2316 scafi-
1848 2267 1992 2316 literis
2012 2267 2308 2331 moribusque
2331 2266 2418 2315 ad-

1403 2331 1597 2380 liciens:
1632 2332 1786 2380 faceta
1819 2329 2017 2399 «neufila
2049 2330 2292 2380 verborum
2315 2332 2416 2380 Ho-

1404 2396 1523 2445 meri
1545 2396 1720 2462 Odyss.
1740 2405 1807 2444 Π.
1825 2398 1938 2444 294.
1963 2395 2070 2458 (ubi
2092 2411 2139 2443 v.
2163 2395 2349 2456 Clark.)
2371 2402 2424 2445 et

1405 2462 1466 2511 T.
1493 2464 1569 2512 13.
1601 2459 1738 2516 αὖτὶς
1773 2462 1867 2528 ’γὰρ
1887 2459 2126 2524 ioannem
2145 2458 2277 2528 3933oe
2298 2458 2419 2514 οὒκ·

1406 2546 1492 2593 ρος,
1531 2541 1638 2590 quae
1671 2526 1835 2576 Valet.
1866 2526 1941 2575 Pl.
1977 2527 2038 2575 V.
2073 2527 2186 2574 541.
2255 2525 2425 2575 Latine

1406 2590 1651 2657 expressit.
1691 2590 1847 2640 Graec.
1869 2605 1996 2656 prov.
2021 2588 2198 2643 «οἰκ-ας
2221 2590 2269 2650 γ’
2291 2589 2422 2652 loia-

1407 2676 1513 2713 κω,
1531 2652 1602 2704 οἷα
1616 2654 1839 2718 mnis-15
1858 2654 2004 2707 xmus·
2040 2652 2280 2717 Rigaltius
2295 2668 2425 2702 com-

1406 2720 1592 2787 paravit
1610 2730 1746 2768 vetus
1777 2737 1803 2769 e
1838 2718 1852 2766 i
1888 2734 2065 2767 ramma
2087 2717 2296 2766 nondum
2323 2717 2426 2767 edi-

1406 2794 1527 2842 tum,
1549 2785 1742 2833 fortasse
1774 2736 2035 2847 Exeieagri:
2072 2781 2257 2846 Μάγνης
2285 2781 2424 2850 Ἠξί-

1407 2860 1584 2904 nauus
1618 2850 1712 2910 ἔμοὶ
1743 2848 1900 2902 tas-5·
1932 2847 2026 2897 οὔτε
2057 2845 2224 2915 σίδηρον
2247 2848 2426 2914 Ilia-geg,

1408 2915 1584 2978 πνεῦμα
1604 2912 1639 2962 δ’
1663 2913 1760 2977 ἓριῖν
1768 2912 1948 2964 κᾶλλο
1969 2913 2263 2977 ὶφιλκίμυος.
2404 2916 2420 2928 ’”

1429 2992 1434 2999 ’
1474 2981 1557 3030 38.
1576 2983 1784 3036 actm-us,
1817 2978 1968 3054 pejus,
2002 2978 2173 3042 majus,
2197 2977 2425 3044 quemad-

1409 3042 1602 3093 modum
1639 3046 1802 3092 ultima
1838 3043 2055 3111 dicuntur
2088 3043 2310 3100 maxima,
2342 3059 2426 3092 ex-

1411 3117 1578 3167 trema,
1613 3108 1835 3184 pessima,
1874 3109 2001 3157 ultra
2038 3122 2144 3173 quae
2180 3123 2273 3157 non
2315 3107 2429 3158 licet

1412 3172 1646 3240 progredi,
1660 3183 1714 3223 ut
1733 3175 1895 3221 ultima
1914 3175 2042 3231 vitia,
2061 3190 2212 3235 poena,
2230 3174 2427 3222 crudeli-

1413 3249 1482 3287 tas
1546 3239 1858 3294 cen—mollis,
1914 3238 2141 3294 cinaeduS,
2195 3237 2430 3304 pathicus.

1414 3305 1497 3353 39.
1516 3303 1680 3352 Verba
1713 3301 1940 3360 Virronis,
1972 3303 2049 3351 vel
2079 3301 2249 3351 cinaedi
2283 3301 2430 3350 avari.

1418 3368 1528 3416 Haec
1549 3367 1690 3417 dona.
1755 3370 1835 3416 40.
1860 3369 2097 3429 Cmnputat
2117 3368 2340 3415 adcurate
2361 3365 2430 3413 ci·

1417 3432 1584 3481 naedus
1612 3447 1781 3481 avarus
1816 3446 2129 3495 quaecumque
2160 3428 2277 3477 mihi
2308 3428 2433 3478 dono

1415 3494 1565 3553 dedit,
1603 3512 1658 3544 ac
1695 3506 1830 3554 cevet,
1867 3503 1917 3544 et
1952 3505 2112 3543 tamen
2142 3492 2329 3542 libidini
2361 3492 2434 3542 in·

1417 3561 1500 3611 dul
1533 3568 1598 3617 et,
1638 3561 1711 3611 cui
1744 3559 1956 3626 inperare
1992 3574 2086 3607 non
2124 3565 2281 3624 potest
2292 3576 2307 3619 ;
2357 3560 2433 3624 (v.

1417 3626 1480 3674 ad
1533 3626 1573 3673 1.
1596 3623 1706 3687 21.)
1726 3625 1800 3672 vel
1823 3623 2028 3672 calculos
2047 3631 2095 3671 et
2113 3622 2316 3672 rationes
2332 3639 2432 3673 me-

1419 3705 1529 3738 cum
1565 3688 1806 3745 subducit,
1839 3687 1952 3736 dum
1985 3690 2142 3755 explet
2173 3688 2434 3738 libidinem.

1420 3751 1646 3803 Ostendit
1675 3753 1836 3827 itaque
1866 3761 2021 3817 poeta,
2048 3752 2298 3802 ridiculum
2331 3768 2434 3803 esse

1418 3818 1674 3873 hominem,
1695 3833 1793 3882 qui,
1816 3816 1929 3865 dum
1959 3816 2144 3868 libidini
2156 3818 2432 3868 ‘satisfacere

1421 3882 1598 3948 cupiat,
1641 3889 1740 3931 tam
1780 3897 1948 3932 avarus
1988 3883 2081 3941 sits
2106 3897 2155 3934 et
2190 3883 2435 3932 libidinem

1421 3947 1525 4014 ejus
1556 3947 1779 4013 majorem
1813 3961 1915 3997 esse
1949 3948 2163 3997 avaritia.
2229 3948 2437 3994 Ponatur

1423 4013 1850 4062 calculus-labores
1903 4011 1980 4061 vel
2029 4011 2242 4063 Virronis
2293 4009 2439 4058 verba

1423 4085 1550 4135 sunt,
1571 4077 1742 4142 quibus
1772 4077 2002 4153 Nznvolus
2033 4094 2079 4126 v.
2101 4079 2335 4150 4f33seqq.
2367 4089 2441 4122 re-

1424 4137 2439 4273 ffldmrmfflffikagnffissez

1426 4271 1636 4339 probr‘ari
1669 4270 1717 4320 et
1752 4270 1891 4318 nimis
1924 4267 2106 4318 exiliter
2137 4268 2440 4315 revocarr‘ad

1423 4338 1654 4392 calculoS,
1675 4336 1759 4383 sed
1774 4336 1858 4383 illa
1879 4333 2021 4381 etiam
2039 4332 2202 4397 pluriS,
2224 4338 2270 4378 et
2287 4331 2442 4403 officia

341 4399 636 4467 adpetitum,
678 4410 861 4461 movere,
912 4411 961 4453 et
1014 4412 1239 4460 nostrum,
1282 4405 1367 4455 den
1432 4417 1537 4460 sua,
1560 4416 1701 4450 avaro
1733 4397 1957 4466 praestita,
1980 4397 2169 4447 minoris
2202 4394 2442 4454 aestiman,
