2978 4920
1039 297 1483 362 SATIRA
1544 301 1694 365 VI..

2275 304 2399 385 ιιι

335 466 338 467 ’
392 469 631 533 Balnea
650 480 836 532 nocte
863 469 1060 533 subit:
1109 471 1377 533 conchas
1408 483 1470 535 et
1500 482 1702 536 castra
1736 473 1974 535 moveri

391 572 596 637 Nocte
615 573 803 659 jubet
817 570 844 636 ἰ
888 595 1120 658 magno
1146 572 1384 658 gaudet
1415 573 1643 637 sudare
1674 573 1984 651 tumultu,

2265 553 2391 640 4'20

396 675 614 751 Quum
643 674 874 740 lassata
902 675 1083 761 gravi
1112 674 1475 740 ceciderunt
1507 676 1767 741 brachia
1792 700 2015 754 massa,

396 778 689 843 Callidus
716 793 780 844 et
812 780 1022 845 cristae·
1051 779 1286 864 digitos
1320 780 1614 865 inpressit
1643 780 1890 866 aliptes,

387 880 489 943 Ac
510 902 827 945 summum
855 880 1126 945 dominae
1154 882 1364 945 femur
1393 881 1747 946 exclamare
1775 883 1998 969 coegit.

390 981 698 1046 Convivae
726 982 938 1047 miseri
967 984 1210 1047 interea
1238 1005 1582 1069 somnoque
1609 984 1903 1070 fameque

393 1083 792 1168 Urguentur.
855 1084 1108 1150 tandem
1139 1084 1252 1148 illa.
1276 1085 1449 1149 venit
1477 1084 1928 1164 rubicundula,
1958 1097 2171 1154 totum
2256 1089 2378 1151 425

340 1244 348 1250 .
387 1181 853 1270 OEnophorum
873 1185 1110 1262 sitiens,
1139 1186 1327 1272 plena
1355 1184 1533 1272 quod
1562 1185 1851 1251 tenditur
1880 1211 2041 1251 urna

386 1284 745 1349 Admotum
774 1288 1071 1372 pedibus,
1098 1287 1178 1352 de
1209 1311 1339 1374 quo
1370 1287 1682 1353 sextarius
1710 1289 1886 1353 alter

391 1385 673 1450 Ducitur
694 1400 841 1451 ante
871 1388 1107 1465 cibum,
1138 1389 1422 1452 rabidam
1452 1388 1741 1453 facturus
1769 1389 2025 1454 orexim.

384 1485 567 1554 Dum
596 1490 761 1556 redit
791 1505 856 1556 et
885 1491 1018 1557 loto
1046 1505 1278 1557 terram
1310 1491 1457 1555 ferit
1494 1490 1811 1571 intestino,

282 1694 602 1753 adulterium,
625 1699 703 1742 vel
724 1699 893 1744 mortis
915 1702 1055 1758 poen‘a
1076 1699 1295 1758 dignum.

285 1757 364 1822 (v.
397 1760 574 1807 Athen·
599 1760 773 1821 Deipn.
800 1764 839 1808 Ι.
873 1778 919 1822 p.
953 1762 1063 1809 440.
1088 1773 1138 1808 et
1172 1763 1295 1809 Plin.

287 1823 444 1870 xlv.
472 1823 809 1886 13.)—-Gravis
828 1828 1034 1881 obcursu,
1057 1841 1225 1887 aspera
1246 1834 1296 1872 et

284 1889 519 1934 terribilis
535 1896 608 1934 est
618 1892 997 1940 obcurrentibus.
1013 1893 1196 1938 Balnea·
1206 1892 1305 1951 pri·

287 1960 427 2009 vata,
449 1959 583 2012 puto.
630 1955 839 2009 conchae,
862 1958 1185 2002 instrumenta
1201 1957 1302 2002 bal-

279 2017 506 2063 neatoria
538 2032 568 2064 a
589 2020 739 2065 servis
754 2021 1035 2078 ancillisque
1056 2027 1193 2066 tanto
1225 2029 1303 2067 tu-

281 2081 452 2127 multu
470 2084 529 2129 ad
547 2083 716 2129 balnea
739 2086 936 2143 perferri
948 2082 1104 2144 jubet,
1118 2092 1302 2144 quanto

272 2149 442 2191 castra
461 2152 718 2194 meatur.
763 2149 955 2195 Concha:
971 2150 1161 2208 proprie
1184 2162 1299 2195 vasa

279 2221 456 2267 parva,
478 2211 687 2257 formam
710 2214 1003 2258 concharum
1024 2213 1299 2269 referentia,

270 2273 468 2332 quibus
498 2282 763 2334 unguenta,
788 2277 949 2321 oleum
982 2276 1170 2334 aliaque
1201 2290 1299 2322 ser-

275 2338 546 2391 vabantur,
616 2338 706 2384 Sed
739 2341 791 2384 h.
812 2341 850 2387 l.
880 2353 993 2385 vasa
1024 2341 1308 2398 grandiora,

271 2400 480 2459 integro
498 2403 687 2460 corpori
709 2400 916 2450 lavando
938 2411 1069 2463 apta,
1103 2410 1159 2449 ut
1193 2412 1296 2451 λου.-

269 2464 1299 2593 35383353213332333...yffi

277 2593 433 2640 1080.
456 2595 542 2640 ubi
558 2597 618 2641 de
636 2597 770 2641 vario
794 2611 898 2643 voc.
914 2597 1095 2644 conche
1113 2598 1295 2657 signifi·

269 2665 400 2705 catu
417 2659 610 2717 copiose
631 2662 749 2720 egit.
788 2660 899 2708 420.
929 2661 1104 2721 gaudet
1130 2674 1301 2722 magno

278 2722 511 2777 mmultu,
541 2725 705 2770 labore
726 2732 961 2784 motuque
983 2726 1192 2783 corporis
1213 2740 1297 2771 ve-

276 2788 524 2844 hementi,
569 2790 757 2842 sudare,
785 2791 1010 2836 sudorem
1043 2791 1214 2838 elicere
1245 2791 1295 2836 in

274 2851 530 2897 sudatorio
552 2865 637 2898 seu
660 2854 781 2899 cella
812 2852 1041 2907 caldaria,
1060 2856 1188 2913 quod
1214 2869 1298 2913 po·

269 2914 531 2964 tissimum
550 2917 692 2963 fiebat
709 2919 784 2964 vel
796 2918 995 2963 ferendo
1008 2920 1085 2964 vel
1099 2932 1297 2965 moven-

267 2978 350 3023 do
382 2981 611 3037 pondera,
645 2982 768 3041 inpr.
805 2983 1013 3030 halteres
1044 2996 1087 3030 s.
1122 2997 1299 3029 massas

271 3055 450 3101 graves
472 3044 523 3089 h.
544 3058 587 3089 e.
608 3046 878 3105 plumbea,
900 3048 1077 3105 quibus
1099 3048 1298 3098 uteban-

275 3112 366 3152 tur
378 3108 438 3153 ad
460 3109 730 3158 saliendum
748 3123 894 3169 seque
908 3111 1204 3169 librandum,
1216 3118 1301 3158 aut

271 3171 566 3229 agitandum
600 3186 793 3233 corpus.
834 3177 1058 3222 manibus
1091 3176 1292 3233 plumbo

271 3236 511 3294 gravibus
554 3237 655 3283 sive
697 3239 899 3285 sublatis
936 3253 993 3285 ac
1032 3241 1290 3300 depressis,

263 3298 388 3350 ‚aive
409 3300 506 3345 hue
527 3301 643 3348 illue
657 3299 871 3363 jactatis.

348 3362 464 3411 422.
481 3363 680 3423 Aliptes,
706 3379 755 3410 v.
771 3380 879 3425 sup.
899 3366 1073 3412 adm.
1093 3367 1171 3413 76.
1205 3370 1291 3415 In-

270 3428 484 3487 primm
526 3427 717 3511 digitos.
762 3431 982 3477 infricare
1026 3439 1292 3490 unguenta,

272 3493 466 3551 criste,
499 3489 791 3559 μεημηςωις,
840 3495 1195 3541 interfeminio
1224 3510 1291 3543 sc.

280 3558 522 3612 membro,
555 3562 630 3604 vel
663 3567 798 3606 naua·
796 3557 968 3624 οςίζαι·
1003 3572 1118 3605 nam
1152 3561 1293 3608 crista

280 3632 418 3677 pars
438 3622 706 3670 muliebris
721 3625 952 3684 pudendi,
999 3625 1085 3671 Gr.
1131 3622 1292 3685 νύμφη,

275 3681 464 3749 μύρτων,
486 3683 695 3752 eiramis,
720 3703 759 3734 s.
793 3685 1024 3753 κλυτοςῖς.
1072 3689 1294 3742 Callidus,

280 3758 506 3805 versutus
518 3759 569 3797 et
584 3756 795 3807 dolosus,
814 3756 898 3812 qui
910 3756 1033 3802 sciat
1044 3754 1293 3800 dominam

278 3826 422 3859 suam
443 3813 723 3878 hujusmodi
737 3817 1009 3888 titillatione
1030 3824 1080 3862 et
1101 3825 1289 3862 contre·

274 3877 493 3927 eratione
514 3881 743 3940 gaudere,
761 3877 907 3941 cujus
938 3882 1163 3927 moechus
1194 3882 1291 3927 for-

273 3954 370 3987 san
402 3949 491 3989 est.
546 3943 657 3993 423.
689 3947 965 4004 exclamare,
982 3958 1220 3998 resonare
1253 3959 1293 3991 s.

274 4019 495 4066 crepare,
520 4015 578 4055 ut
597 4009 817 4067 clamate,
833 4022 1019 4069 gemere
1038 4015 1088 4055 et
1109 4011 1218 4071 βοῶν
1233 4010 1293 4058 de

274 4073 454 4131 quovis
487 4087 605 4119 nono
625 4080 680 4119 et
696 4074 944 4133 strepitu.
984 4073 1098 4120 Non
1119 4083 1289 4122 autem

273 4136 594 4194 crediderim,
620 4151 851 4185 summum
868 4136 1047 4199 femur
1073 4151 1291 4186 cunnum

273 4199 375 4245 diei
393 4214 534 4259 posse
546 4209 641 4248 aut
657 4208 812 4258 nates,
830 4203 914 4247 sed
936 4203 1173 4263 designari
1189 4204 1240 4248 h.
1257 4202 1291 4249 1.

1361 1697 1426 1743 ita
1447 1711 1608 1744 soniam
1628 1702 1796 1753 mental,
1815 1704 1871 1745 ut
1888 1706 2000 1746 utar
2022 1701 2178 1746 verbis
2201 1700 2369 1747 Senec.

1361 1762 1455 1822 Ep.
1473 1762 1611 1809 LVI.
1630 1777 1702 1822 pr.
1719 1763 1932 1817 domiuoe,
1954 1779 1998 1811 v.
2018 1778 2126 1825 sup.
2142 1767 2204 1810 ad
2229 1780 2276 1812 v.
2290 1766 2372 1813 30.

1423 1826 1536 1873 424.
1560 1828 1748 1885 interea,
1769 1829 1886 1873 dum
1908 1830 2098 1874 lavatur
2119 1831 2333 1876 domina.

1431 1890 1546 1946 425.
1559 1892 1863 1937 'ubit-undula
1877 1905 1907 1937 a
1922 1894 2103 1939 balneis
2121 1900 2170 1939 et
2182 1894 2373 1941 sudore.

1364 1953 1475 2002 426.
1499 1957 1674 2008 sitiens,
1701 1958 1857 2002 bibere
1875 1959 2102 2015 gestiens,
2120 1965 2376 2016 postquam

1365 2022 1496 2065 sitim
1542 2022 1715 2066 sudore
1747 2021 1972 2079 conlegit.
2038 2021 2373 2081 OEnophorum,

1363 2082 1584 2148 οἶκφὸςον,
1625 2098 1708 2129 vas
1739 2100 1836 2144 quo
1871 2086 2038 2132 vinum
2076 2087 2245 2139 fertur,
2295 2090 2370 2132 vel

1363 2163 1521 2209 propr.
1540 2151 1667 2208 quod
1683 2149 1850 2195 viuum
1868 2146 1991 2204 fertg
2018 2163 2100 2194 vas
2113 2150 2372 2204 vinarium,

1362 2222 1409 2259 et
1434 2213 1628 2271 quidem
1650 2214 1757 2257 h.1
1780 2215 2015 2272 amplum.
2071 2215 2295 2277 Romani.
2316 2223 2371 2260 ut

1363 2277 1667 2323 stomachum
1687 2277 1793 2322 cibo
1810 2279 1941 2335 large
1962 2285 2125 2324 sumto
2144 2274 2374 2325 exonera-

1359 2348 1486 2397 rent,
1525 2341 1742 2385 solehant
1779 2340 1945 2386 statim
1985 2356 2015 2387 a
2051 2343 2234 2388 balneis
2272 2357 2370 2388 uno

1360 2407 1511 2451 ductu
1536 2406 1608 2448 vel
1627 2403 1768 2464 ἄμυςὶ
1782 2405 1959 2458 bibere,
1980 2414 2030 2450 et
2048 2414 2153 2464 post
2175 2418 2366 2454 coenam

1362 2482 1572 2513 vomere.
1593 2470 1667 2514 cf.
1684 2484 1728 2515 v.
1742 2468 1851 2514 429.
1870 2482 1973 2530 seq.
1995 2470 2092 2516 Cic.
2109 2485 2193 2529 pro
2208 2471 2370 2520 Deiot.

1363 2533 1410 2579 7.
1445 2532 1558 2578 Sen.
1592 2536 1651 2579 ad
1688 2533 1834 2578 Helv.
1868 2532 1912 2577 9.
1936 2541 2057 2579 extr.
2084 2534 2216 2581 Suet.
2240 2537 2366 2595 Aug.

1363 2597 1444 2646 77.
1464 2602 1516 2641 et
1537 2597 1701 2643 Vitell.
1720 2596 1796 2643 13.
1816 2596 1943 2642 Cels.
1961 2597 2001 2642 1.
2024 2597 2071 2643 3.
2090 2599 2207 2655 quod
2223 2600 2369 2643 teudi-

1363 2666 1463 2719 ων,
1488 2662 1705 2719 plenum
1719 2666 1811 2714 est,
1844 2662 2083 2719 repletur,
2097 2674 2244 2720 capax
2279 2669 2370 2710 est.

1369 2726 1503 2772 Urna
1524 2726 1802 2772 continebat
1829 2731 2036 2784 quatuor
2052 2727 2268 2786 congioS,
2290 2729 2366 2773 vel

1362 2790 1543 2837 XXIV.
1565 2790 1798 2835 sextarios
1817 2795 1864 2834 et
1881 2790 2132 2834 dimidiam
2166 2792 2368 2851 ampho-

1361 2868 1484 2900 ram.
1534 2848 1646 2901 427.
1667 2852 1898 2898 admotum
1916 2851 2126 2911 pedibus,
2150 2868 2366 2911 mensae·

1361 2921 1435 2965 vel
1479 2919 1764 2965 advolutum
1797 2915 1999 2977 pedibus
2037 2917 2265 2975 dominae,
2304 2925 2368 2968 ob

1361 2984 1766 3042 magnitudinem.
1808 2984 1854 3028 A
1875 2981 2059 3028 domina
2077 2981 2256 3030 bibitur
2272 2986 2366 3032 Γά-

1359 3047 1562 3102 lernum,
1585 3046 1654 3109 (v.
1686 3041 1823 3109 430.)
1861 3047 2034 3093 deinde
2059 3052 2166 3093 ante
2195 3050 2362 3104 cibum,

1363 3111 1487 3163 forte
1508 3118 1558 3156 et
1580 3112 1769 3165 vinum,
1801 3124 1927 3171 aqua
1947 3112 2101 3158 calida
2133 3114 2363 3168 mixtum,

1354 3182 1492 3224 more
1512 3178 1862 3230 Romanorum,
1887 3175 1957 3236 (v.
1980 3175 2114 3235 Lips.
2147 3176 2299 3224 Elect.
2322 3179 2362 3224 1.

1355 3241 1425 3298 4.)
1442 3241 1651 3300 denique
1667 3242 1896 3285 sextarius
1908 3240 2027 3285 alter
2049 3254 2086 3285 s.
2104 3245 2361 3296 secundus,

1356 3308 1571 3364 adeoque
1591 3305 1688 3349 duo
1709 3305 1921 3349 sextarii.
1987 3303 2118 3350 Hinc
2135 3308 2362 3352 vomitus.

1357 3370 1622 3424 Sextarius,
1638 3374 1780 3414 sexta
1810 3381 1921 3426 pars
1954 3370 2133 3426 congii,
2168 3371 2362 3427 capiens

1357 3434 1462 3479 ΧΠ
1486 3433 1706 3492 cyathoS,
1728 3433 1804 3476 vel
1838 3432 1975 3476 binas
2008 3433 2189 3490 cotyles
2211 3446 2250 3478 s.
2278 3434 2363 3479 he-

1357 3499 1532 3546 minas.
1576 3494 1687 3542 428.
1719 3494 1924 3550 ducitur,
1956 3494 2255 3550 exhauritur,
2279 3499 2362 3542 de-

1355 3561 1579 3608 funditur
1618 3572 1681 3604 ex
1712 3559 2030 3617 oenophoroz.
2059 3558 2135 3603 vel
2171 3561 2362 3612 bibitur.

1356 3623 1563 3671 rabidam
1583 3622 1767 3681 orexin,
1782 3618 1927 3687 ἴμξιυ,
1948 3623 2238 3680 adpetitum,
2257 3627 2304 3672 h.
2327 3628 2358 3673 l.

1358 3688 1550 3741 edendi,
1556 3686 1799 3749 facturus,
1811 3687 2124 3743 excitaturus,
2146 3690 2361 3738 exinani-

1359 3760 1411 3800 to
1429 3767 1512 3814 per
1529 3754 1767 3797 vomitum
1784 3750 2048 3797 ventriculo
2061 3753 2261 3813 alvoque
2277 3770 2359 3803 ex-

1353 3825 1567 3868 onerata.
1610 3814 1720 3862 429.
1742 3816 1875 3861 Dum
1896 3814 2014 3861 redit
2049 3830 2076 3862 e
2097 3821 2361 3876 stomacho,

1354 3882 1620 3931 remittitur
1641 3881 1849 3937 vomitu,
1864 3880 2118 3928 evomitur.
2140 3882 2231 3928 loto
2247 3885 2360 3944 inbe-

1355 3949 1494 4004 stino,
1527 3946 1692 3991 abluto
1715 3939 2002 4001 ventricula,
2025 3952 2074 3991 et
2107 3946 2214 3992 alvo
2247 3961 2360 4005 pur-

1355 4018 1485 4071 gata.
1530 4008 1645 4058 430.
1664 4009 2035 4066 Mamor-ibus,
2020 4023 2069 4055 ιιι
2092 4022 2363 4057 marmoreo

1353 4076 1650 4136 pavimento,
1677 4074 1877 4148 (quale
1863 4088 1913 4120 in
1936 4074 2193 4132 magnifico
2211 4076 2361 4121 tricli-

1355 4141 1435 4186 nio
1456 4153 1561 4185 esse
1583 4137 1791 4200 solebat)
1814 4137 1906 4186 rivi
1933 4141 2202 4207 properant,
2224 4133 2357 4191 δειναῖς

1356 4217 1462 4262 pro,
1505 4204 1717 4248 multum
1759 4203 1860 4247 riui
1899 4203 2051 4257 fluit,
2059 4197 2267 4259 ejectum
2301 4217 2363 4248 ex

275 4264 522 4323 crepitum
527 4279 696 4312 mnus
708 4264 880 4325 alifiae,
897 4265 1099 4311 humeris
1121 4267 1294 4324 inlisit,
1347 4268 1492 4327 pelvi,
1506 4269 1553 4312 in
1572 4279 1720 4325 quam
1736 4267 1857 4311 illud
1876 4266 2138 4323 inspuent,
2156 4279 2362 4324 quaeque

279 4335 542 4390 φωρ-ουτ
564 4330 712 4398 μανια
734 4331 969 4391 pervenit,
984 4335 1074 4376 uut
1082 4344 1293 4385 concava,
1358 4333 1471 4377 inde
1491 4330 1595 4376 olet.
1628 4330 1706 4376 Cf.
1727 4329 1825 4377 XI·
1850 4327 1960 4377 173.
1988 4328 2159 4374 Horat.
2180 4328 2269 4378 Od.
2296 4330 2366 4377 11.

1474 4394 1588 4453 [12
