<?xml version="1.0" encoding="UTF-8"?>
<!DOCTYPE html PUBLIC "-//W3C//DTD XHTML 1.0 Transitional//EN"
    "http://www.w3.org/TR/xhtml1/DTD/xhtml1-transitional.dtd">
<html xmlns="http://www.w3.org/1999/xhtml" xml:lang="en" lang="en">
 <head>
  <title>
</title>
<meta http-equiv="Content-Type" content="text/html;charset=utf-8" />
  <meta name='ocr-system' content='tesseract 3.04.00' />
  <meta name='ocr-capabilities' content='ocr_page ocr_carea ocr_par ocr_line ocrx_word'/>
</head>
<body>
  <div class='ocr_page' id='page_1' title='image "./satiraexviadopt00juvegoog_0428.png"; bbox 0 0 2978 4920; ppageno 0'>
   <div class='ocr_carea' id='block_1_1' title="bbox 1004 325 2376 397">
    <p class='ocr_par' dir='ltr' id='par_1_1' title="bbox 1004 325 2376 397">
     <span class='ocr_line' id='line_1_1' title="bbox 1004 325 2376 397; baseline -0.003 -1"><span class='ocrx_word' id='word_1_1' title='bbox 1004 330 1453 397; x_wconf 84' lang='lat' dir='ltr'>SATIRA</span> <span class='ocrx_word' id='word_1_2' title='bbox 1520 329 1669 396; x_wconf 76' lang='lat' dir='ltr'><strong><em>Xv;</em></strong></span> <span class='ocrx_word' id='word_1_3' title='bbox 2250 325 2376 392; x_wconf 74' lang='lat'><strong><em>345</em></strong></span> 
     </span>
    </p>
   </div>
   <div class='ocr_carea' id='block_1_2' title="bbox 865 809 1774 951">
    <p class='ocr_par' dir='ltr' id='par_1_2' title="bbox 865 809 1774 951">
     <span class='ocr_line' id='line_1_2' title="bbox 865 809 1774 951; baseline -0.001 -2"><span class='ocrx_word' id='word_1_4' title='bbox 865 809 1488 951; x_wconf 23' lang='lat' dir='ltr'>SAT&#39;IRA</span> <span class='ocrx_word' id='word_1_5' title='bbox 1572 869 1774 949; x_wconf 80' lang='lat' dir='ltr'><strong><em>xv.</em></strong></span> 
     </span>
    </p>
   </div>
   <div class='ocr_carea' id='block_1_3' title="bbox 1127 1181 1525 1210">
    <p class='ocr_par' dir='ltr' id='par_1_3' title="bbox 1127 1181 1525 1210">
     <span class='ocr_line' id='line_1_3' title="bbox 1127 1181 1525 1210; baseline 0 3710"><span class='ocrx_word' id='word_1_6' title='bbox 1127 1181 1525 1210; x_wconf 95' lang='lat' dir='ltr'><strong><em> </em></strong></span> 
     </span>
    </p>
   </div>
   <div class='ocr_carea' id='block_1_4' title="bbox 1016 1401 1631 1479">
    <p class='ocr_par' dir='ltr' id='par_1_4' title="bbox 1016 1401 1631 1479">
     <span class='ocr_line' id='line_1_4' title="bbox 1016 1401 1631 1479; baseline -0.002 -1"><span class='ocrx_word' id='word_1_7' title='bbox 1016 1401 1631 1479; x_wconf 75' lang='lat' dir='ltr'><strong>ARGUMENTUM.</strong></span> 
     </span>
    </p>
   </div>
   <div class='ocr_carea' id='block_1_5' title="bbox 265 1559 2388 3865">
    <p class='ocr_par' dir='ltr' id='par_1_5' title="bbox 265 1559 2388 3865">
     <span class='ocr_line' id='line_1_5' title="bbox 273 1559 2373 1626; baseline 0.001 -18"><span class='ocrx_word' id='word_1_8' title='bbox 273 1561 333 1609; x_wconf 81' lang='lat' dir='ltr'><strong><em>In</em></strong></span> <span class='ocrx_word' id='word_1_9' title='bbox 355 1562 439 1609; x_wconf 76' lang='lat' dir='ltr'><strong><em>hac</em></strong></span> <span class='ocrx_word' id='word_1_10' title='bbox 460 1559 628 1617; x_wconf 82' lang='lat' dir='ltr'><strong><em>Satira,</em></strong></span> <span class='ocrx_word' id='word_1_11' title='bbox 650 1563 710 1609; x_wconf 77' lang='lat' dir='ltr'><strong><em>ad</em></strong></span> <span class='ocrx_word' id='word_1_12' title='bbox 735 1561 962 1609; x_wconf 86' lang='lat' dir='ltr'><strong><em>Volusium</em></strong></span> <span class='ocrx_word' id='word_1_13' title='bbox 984 1563 1283 1625; x_wconf 78' lang='lat' dir='ltr'><strong><em>Bithynicum</em></strong></span> <span class='ocrx_word' id='word_1_14' title='bbox 1313 1564 1497 1623; x_wconf 85' lang='lat' dir='ltr'><strong><em>scripta,</em></strong></span> <span class='ocrx_word' id='word_1_15' title='bbox 1522 1562 1760 1612; x_wconf 85' lang='lat' dir='ltr'><strong><em>Juvenalis</em></strong></span> <span class='ocrx_word' id='word_1_16' title='bbox 1787 1565 2043 1626; x_wconf 86' lang='lat' dir='ltr'><strong><em>gravissime</em></strong></span> <span class='ocrx_word' id='word_1_17' title='bbox 2074 1561 2300 1610; x_wconf 81' lang='lat' dir='ltr'><strong><em>invehitur</em></strong></span> <span class='ocrx_word' id='word_1_18' title='bbox 2325 1562 2373 1610; x_wconf 89' lang='lat' dir='ltr'><strong><em>in</em></strong></span> 
     </span>
     <span class='ocr_line' id='line_1_6' title="bbox 336 1641 2374 1705; baseline 0.001 -18"><span class='ocrx_word' id='word_1_19' title='bbox 336 1641 587 1705; x_wconf 76' lang='lat' dir='ltr'><strong><em>religiosam</em></strong></span> <span class='ocrx_word' id='word_1_20' title='bbox 610 1644 935 1705; x_wconf 66' lang='lat' dir='ltr'><strong><em>AEgyptimm</em></strong></span> <span class='ocrx_word' id='word_1_21' title='bbox 967 1644 1245 1698; x_wconf 76' lang='lat' dir='ltr'><strong><em>dementiam,</em></strong></span> <span class='ocrx_word' id='word_1_22' title='bbox 1269 1645 1347 1704; x_wconf 80' lang='lat' dir='ltr'><strong><em>qui</em></strong></span> <span class='ocrx_word' id='word_1_23' title='bbox 1371 1658 1459 1689; x_wconf 90' lang='lat' dir='ltr'><strong><em>non</em></strong></span> <span class='ocrx_word' id='word_1_24' title='bbox 1484 1645 1609 1689; x_wconf 85' lang='lat' dir='ltr'><strong><em>modo</em></strong></span> <span class='ocrx_word' id='word_1_25' title='bbox 1644 1652 1839 1691; x_wconf 83' lang='lat' dir='ltr'><strong><em>monstra</em></strong></span> <span class='ocrx_word' id='word_1_26' title='bbox 1863 1643 2076 1698; x_wconf 85' lang='lat' dir='ltr'><strong><em>Deorum,</em></strong></span> <span class='ocrx_word' id='word_1_27' title='bbox 2097 1643 2312 1689; x_wconf 86' lang='lat' dir='ltr'><strong><em>animalia</em></strong></span> <span class='ocrx_word' id='word_1_28' title='bbox 2331 1651 2374 1689; x_wconf 86' lang='lat' dir='ltr'><strong><em>et</em></strong></span> 
     </span>
     <span class='ocr_line' id='line_1_7' title="bbox 337 1720 2373 1785; baseline 0.001 -20"><span class='ocrx_word' id='word_1_29' title='bbox 337 1720 475 1777; x_wconf 84' lang='lat' dir='ltr'><strong><em>olera,</em></strong></span> <span class='ocrx_word' id='word_1_30' title='bbox 499 1722 572 1767; x_wconf 81' lang='lat' dir='ltr'><strong><em>sed</em></strong></span> <span class='ocrx_word' id='word_1_31' title='bbox 592 1723 725 1768; x_wconf 79' lang='lat' dir='ltr'><strong><em>etiam</em></strong></span> <span class='ocrx_word' id='word_1_32' title='bbox 746 1722 830 1768; x_wconf 86' lang='lat' dir='ltr'><strong><em>alii</em></strong></span> <span class='ocrx_word' id='word_1_33' title='bbox 854 1722 948 1769; x_wconf 87' lang='lat' dir='ltr'><strong><em>alia</em></strong></span> <span class='ocrx_word' id='word_1_34' title='bbox 980 1722 1233 1783; x_wconf 79' lang='lat' dir='ltr'><strong><em>hujusmodi</em></strong></span> <span class='ocrx_word' id='word_1_35' title='bbox 1253 1724 1441 1768; x_wconf 84' lang='lat' dir='ltr'><strong><em>numina</em></strong></span> <span class='ocrx_word' id='word_1_36' title='bbox 1460 1723 1624 1777; x_wconf 77' lang='lat' dir='ltr'><em>colant,</em></span> <span class='ocrx_word' id='word_1_37' title='bbox 1648 1730 1690 1769; x_wconf 84' lang='lat' dir='ltr'><strong><em>et</em></strong></span> <span class='ocrx_word' id='word_1_38' title='bbox 1708 1723 1757 1768; x_wconf 90' lang='lat' dir='ltr'><strong><em>ob</em></strong></span> <span class='ocrx_word' id='word_1_39' title='bbox 1777 1721 1891 1769; x_wconf 77' lang='lat' dir='ltr'><strong><em>hanc</em></strong></span> <span class='ocrx_word' id='word_1_40' title='bbox 1923 1722 2152 1785; x_wconf 77' lang='lat' dir='ltr'><strong><em>religionis</em></strong></span> <span class='ocrx_word' id='word_1_41' title='bbox 2182 1722 2373 1767; x_wconf 83' lang='lat' dir='ltr'><strong><em>diversi·</em></strong></span> 
     </span>
     <span class='ocr_line' id='line_1_8' title="bbox 335 1800 2375 1865; baseline -0 -20"><span class='ocrx_word' id='word_1_42' title='bbox 335 1807 472 1846; x_wconf 87' lang='lat' dir='ltr'><strong><em>tatem</em></strong></span> <span class='ocrx_word' id='word_1_43' title='bbox 504 1808 629 1847; x_wconf 84' lang='lat' dir='ltr'><strong><em>tanto</em></strong></span> <span class='ocrx_word' id='word_1_44' title='bbox 646 1816 690 1847; x_wconf 89' lang='lat' dir='ltr'><strong><em>se</em></strong></span> <span class='ocrx_word' id='word_1_45' title='bbox 710 1802 896 1849; x_wconf 86' lang='lat' dir='ltr'><strong><em>invicem</em></strong></span> <span class='ocrx_word' id='word_1_46' title='bbox 922 1802 1019 1848; x_wconf 86' lang='lat' dir='ltr'><strong><em>odio</em></strong></span> <span class='ocrx_word' id='word_1_47' title='bbox 1046 1809 1386 1862; x_wconf 78' lang='lat' dir='ltr'><strong><em>prosequantur,</em></strong></span> <span class='ocrx_word' id='word_1_48' title='bbox 1406 1809 1462 1848; x_wconf 87' lang='lat' dir='ltr'><strong><em>ut</em></strong></span> <span class='ocrx_word' id='word_1_49' title='bbox 1481 1817 1599 1848; x_wconf 85' lang='lat' dir='ltr'><strong><em>caeco</em></strong></span> <span class='ocrx_word' id='word_1_50' title='bbox 1622 1818 1952 1863; x_wconf 76' lang='lat' dir='ltr'><strong><em>nonnumquam</em></strong></span> <span class='ocrx_word' id='word_1_51' title='bbox 1968 1801 2140 1865; x_wconf 86' lang='lat' dir='ltr'><strong><em>furore</em></strong></span> <span class='ocrx_word' id='word_1_52' title='bbox 2171 1800 2375 1846; x_wconf 75' lang='lat' dir='ltr'><strong><em>instincti</em></strong></span> 
     </span>
     <span class='ocr_line' id='line_1_9' title="bbox 335 1878 2377 1944; baseline -0.001 -18"><span class='ocrx_word' id='word_1_53' title='bbox 335 1894 418 1934; x_wconf 80' lang='lat' dir='ltr'><strong><em>eos,</em></strong></span> <span class='ocrx_word' id='word_1_54' title='bbox 441 1881 519 1941; x_wconf 84' lang='lat' dir='ltr'><strong><em>qui</em></strong></span> <span class='ocrx_word' id='word_1_55' title='bbox 540 1880 643 1926; x_wconf 84' lang='lat' dir='ltr'><strong><em>aliis</em></strong></span> <span class='ocrx_word' id='word_1_56' title='bbox 671 1889 866 1927; x_wconf 87' lang='lat' dir='ltr'><strong><em>utantur</em></strong></span> <span class='ocrx_word' id='word_1_57' title='bbox 895 1882 1048 1936; x_wconf 84' lang='lat' dir='ltr'><strong><em>sacris,</em></strong></span> <span class='ocrx_word' id='word_1_58' title='bbox 1070 1882 1280 1927; x_wconf 80' lang='lat' dir='ltr'><strong><em>devorare</em></strong></span> <span class='ocrx_word' id='word_1_59' title='bbox 1311 1896 1400 1927; x_wconf 87' lang='lat' dir='ltr'><strong><em>non</em></strong></span> <span class='ocrx_word' id='word_1_60' title='bbox 1432 1879 1653 1929; x_wconf 80' lang='lat' dir='ltr'><strong><em>dubitent.</em></strong></span> <span class='ocrx_word' id='word_1_61' title='bbox 1675 1881 1744 1943; x_wconf 89' lang='grc' dir='ltr'><strong><em>(υ.</em></strong></span> <span class='ocrx_word' id='word_1_62' title='bbox 1771 1880 1972 1944; x_wconf 85' lang='grc'><strong>1-13.)</strong></span> <span class='ocrx_word' id='word_1_63' title='bbox 2030 1880 2159 1942; x_wconf 51' lang='lat' dir='ltr'><strong><em>¹Quas·</em></strong></span> <span class='ocrx_word' id='word_1_64' title='bbox 2190 1895 2246 1925; x_wconf 85' lang='lat' dir='ltr'><strong><em>ne</em></strong></span> <span class='ocrx_word' id='word_1_65' title='bbox 2279 1878 2377 1940; x_wconf 82' lang='lat' dir='ltr'><strong><em>quis</em></strong></span> 
     </span>
     <span class='ocr_line' id='line_1_10' title="bbox 321 1952 2374 2022; baseline -0 -18"><span class='ocrx_word' id='word_1_66' title='bbox 321 1956 535 2020; x_wconf 84' lang='lat' dir='ltr'><strong><em>fabulosa</em></strong></span> <span class='ocrx_word' id='word_1_67' title='bbox 554 1974 639 2006; x_wconf 83' lang='lat' dir='ltr'><strong><em>esse</em></strong></span> <span class='ocrx_word' id='word_1_68' title='bbox 667 1969 839 2007; x_wconf 85' lang='lat' dir='ltr'><strong><em>censeat</em></strong></span> <span class='ocrx_word' id='word_1_69' title='bbox 859 1968 903 2006; x_wconf 88' lang='lat' dir='ltr'><strong><em>et</em></strong></span> <span class='ocrx_word' id='word_1_70' title='bbox 922 1961 1086 2006; x_wconf 78' lang='lat' dir='ltr'><strong><em>similia</em></strong></span> <span class='ocrx_word' id='word_1_71' title='bbox 1106 1961 1177 2014; x_wconf 82' lang='lat' dir='ltr'><strong><em>iis,</em></strong></span> <span class='ocrx_word' id='word_1_72' title='bbox 1199 1975 1302 2021; x_wconf 81' lang='lat' dir='ltr'><strong><em>quae</em></strong></span> <span class='ocrx_word' id='word_1_73' title='bbox 1330 1958 1376 2005; x_wconf 91' lang='lat' dir='ltr'><em>U</em></span> <span class='ocrx_word' id='word_1_74' title='bbox 1376 1960 1505 2022; x_wconf 77' lang='lat' dir='ltr'><strong><em>lysses</em></strong></span> <span class='ocrx_word' id='word_1_75' title='bbox 1530 1960 1717 2006; x_wconf 81' lang='lat' dir='ltr'><strong><em>Alcinoo</em></strong></span> <span class='ocrx_word' id='word_1_76' title='bbox 1745 1976 1878 2021; x_wconf 84' lang='lat' dir='ltr'><strong><em>super</em></strong></span> <span class='ocrx_word' id='word_1_77' title='bbox 1908 1975 2074 2007; x_wconf 86' lang='lat' dir='ltr'><strong><em>coenam</em></strong></span> <span class='ocrx_word' id='word_1_78' title='bbox 2095 1960 2150 2005; x_wconf 89' lang='lat' dir='ltr'><strong><em>de</em></strong></span> <span class='ocrx_word' id='word_1_79' title='bbox 2172 1952 2374 2020; x_wconf 59' lang='lat' dir='ltr'><strong><em>Lc&#39;estry·</em></strong></span> 
     </span>
     <span class='ocr_line' id='line_1_11' title="bbox 333 2038 2373 2106; baseline -0.001 -21"><span class='ocrx_word' id='word_1_80' title='bbox 333 2055 501 2102; x_wconf 87' lang='lat' dir='ltr'><strong><em>gonum</em></strong></span> <span class='ocrx_word' id='word_1_81' title='bbox 523 2038 849 2102; x_wconf 73' lang='lat' dir='ltr'><strong><em>Cyclopumque</em></strong></span> <span class='ocrx_word' id='word_1_82' title='bbox 869 2042 1133 2087; x_wconf 85' lang='lat' dir='ltr'><strong><em>inmanitate</em></strong></span> <span class='ocrx_word' id='word_1_83' title='bbox 1153 2038 1518 2106; x_wconf 66' lang='lat' dir='ltr'><strong><em>u’inguaeopaya&#39;qz</em></strong></span> <span class='ocrx_word' id='word_1_84' title='bbox 1538 2042 1808 2095; x_wconf 79' lang='lat' dir='ltr'><strong><em>narraverit,</em></strong></span> <span class='ocrx_word' id='word_1_85' title='bbox 1832 2040 1881 2104; x_wconf 89' lang='lat' dir='ltr'><strong><em>(l</em></strong></span> <span class='ocrx_word' id='word_1_86' title='bbox 1891 2039 2097 2101; x_wconf 85' lang='lat'>3—26.)</span> <span class='ocrx_word' id='word_1_87' title='bbox 2128 2039 2373 2098; x_wconf 69' lang='lat' dir='ltr'><strong><em>exemplum</em></strong></span> 
     </span>
     <span class='ocr_line' id='line_1_12' title="bbox 332 2116 2370 2183; baseline -0.001 -17"><span class='ocrx_word' id='word_1_88' title='bbox 332 2128 543 2166; x_wconf 83' lang='lat' dir='ltr'><strong><em>memorat</em></strong></span> <span class='ocrx_word' id='word_1_89' title='bbox 560 2118 868 2182; x_wconf 74' lang='lat' dir='ltr'><strong><em>efferatissimae</em></strong></span> <span class='ocrx_word' id='word_1_90' title='bbox 888 2122 1022 2181; x_wconf 78' lang='lat' dir='ltr'><strong><em>hujus</em></strong></span> <span class='ocrx_word' id='word_1_91' title='bbox 1042 2120 1337 2176; x_wconf 83' lang='lat' dir='ltr'><strong><em>crudelitatis,</em></strong></span> <span class='ocrx_word' id='word_1_92' title='bbox 1361 2122 1476 2182; x_wconf 77' lang='lat' dir='ltr'><strong><em>quod</em></strong></span> <span class='ocrx_word' id='word_1_93' title='bbox 1497 2136 1579 2168; x_wconf 84' lang='lat' dir='ltr'><strong><em>sua</em></strong></span> <span class='ocrx_word' id='word_1_94' title='bbox 1607 2130 1710 2167; x_wconf 80' lang='lat' dir='ltr'><strong><em>aetas</em></strong></span> <span class='ocrx_word' id='word_1_95' title='bbox 1730 2121 1909 2173; x_wconf 74' lang='lat' dir='ltr'><strong><em>viderit,</em></strong></span> <span class='ocrx_word' id='word_1_96' title='bbox 1932 2128 1974 2167; x_wconf 88' lang='lat' dir='ltr'><strong><em>et</em></strong></span> <span class='ocrx_word' id='word_1_97' title='bbox 1998 2116 2155 2183; x_wconf 81' lang='lat' dir='ltr'><strong><em>refert,</em></strong></span> <span class='ocrx_word' id='word_1_98' title='bbox 2162 2118 2370 2180; x_wconf 84' lang='lat' dir='ltr'><strong><em>finitima</em></strong></span> 
     </span>
     <span class='ocr_line' id='line_1_13' title="bbox 335 2198 2373 2261; baseline 0 -16"><span class='ocrx_word' id='word_1_99' title='bbox 335 2201 512 2258; x_wconf 80' lang='lat' dir='ltr'><strong><em>oppida,</em></strong></span> <span class='ocrx_word' id='word_1_100' title='bbox 550 2198 748 2261; x_wconf 75' lang='lat' dir='ltr'><strong><em>Tentyra</em></strong></span> <span class='ocrx_word' id='word_1_101' title='bbox 777 2209 821 2247; x_wconf 85' lang='lat' dir='ltr'><strong><em>et</em></strong></span> <span class='ocrx_word' id='word_1_102' title='bbox 855 2200 1023 2255; x_wconf 86' lang='lat' dir='ltr'><strong><em>Ombos,</em></strong></span> <span class='ocrx_word' id='word_1_103' title='bbox 1055 2202 1243 2261; x_wconf 82' lang='lat' dir='ltr'><strong><em>antiqua</em></strong></span> <span class='ocrx_word' id='word_1_104' title='bbox 1272 2201 1514 2256; x_wconf 71' lang='lat' dir='ltr'><strong><em>simultate,</em></strong></span> <span class='ocrx_word' id='word_1_105' title='bbox 1547 2202 1723 2247; x_wconf 82' lang='lat' dir='ltr'><strong><em>nullam</em></strong></span> <span class='ocrx_word' id='word_1_106' title='bbox 1754 2201 1893 2246; x_wconf 87' lang='lat' dir='ltr'><strong><em>aliam</em></strong></span> <span class='ocrx_word' id='word_1_107' title='bbox 1931 2201 1981 2246; x_wconf 91' lang='lat' dir='ltr'><strong><em>ob</em></strong></span> <span class='ocrx_word' id='word_1_108' title='bbox 2009 2215 2203 2254; x_wconf 86' lang='lat' dir='ltr'><strong><em>causam,</em></strong></span> <span class='ocrx_word' id='word_1_109' title='bbox 2238 2215 2373 2260; x_wconf 80' lang='lat' dir='ltr'><strong><em>quam</em></strong></span> 
     </span>
     <span class='ocr_line' id='line_1_14' title="bbox 338 2280 2378 2343; baseline -0 -16"><span class='ocrx_word' id='word_1_110' title='bbox 338 2282 458 2343; x_wconf 77' lang='lat' dir='ltr'><strong><em>quod</em></strong></span> <span class='ocrx_word' id='word_1_111' title='bbox 475 2282 645 2328; x_wconf 87' lang='lat' dir='ltr'><strong><em>diversa</em></strong></span> <span class='ocrx_word' id='word_1_112' title='bbox 663 2282 885 2328; x_wconf 83' lang='lat' dir='ltr'><strong><em>coluerint</em></strong></span> <span class='ocrx_word' id='word_1_113' title='bbox 903 2282 1107 2338; x_wconf 87' lang='lat' dir='ltr'><strong><em>numina,</em></strong></span> <span class='ocrx_word' id='word_1_114' title='bbox 1128 2284 1196 2329; x_wconf 88' lang='lat' dir='ltr'><strong><em>ita</em></strong></span> <span class='ocrx_word' id='word_1_115' title='bbox 1216 2284 1385 2338; x_wconf 75' lang='lat' dir='ltr'><strong><em>arsisse,</em></strong></span> <span class='ocrx_word' id='word_1_116' title='bbox 1405 2291 1460 2330; x_wconf 84' lang='lat' dir='ltr'><strong><em>ut</em></strong></span> <span class='ocrx_word' id='word_1_117' title='bbox 1480 2297 1625 2343; x_wconf 81' lang='lat' dir='ltr'><strong><em>nuper</em></strong></span> <span class='ocrx_word' id='word_1_118' title='bbox 1649 2281 1898 2343; x_wconf 83' lang='lat' dir='ltr'><strong><em>Tentyritoe</em></strong></span> <span class='ocrx_word' id='word_1_119' title='bbox 1917 2297 2019 2327; x_wconf 89' lang='lat' dir='ltr'><strong><em>cum</em></strong></span> <span class='ocrx_word' id='word_1_120' title='bbox 2042 2280 2241 2334; x_wconf 83' lang='lat' dir='ltr'><strong><em>Ombitis,</em></strong></span> <span class='ocrx_word' id='word_1_121' title='bbox 2262 2282 2378 2327; x_wconf 86' lang='lat' dir='ltr'><strong><em>diem</em></strong></span> 
     </span>
     <span class='ocr_line' id='line_1_15' title="bbox 326 2360 2379 2427; baseline -0.002 -18"><span class='ocrx_word' id='word_1_122' title='bbox 326 2360 505 2426; x_wconf 85' lang='lat' dir='ltr'><strong><em>festum</em></strong></span> <span class='ocrx_word' id='word_1_123' title='bbox 525 2361 756 2427; x_wconf 81' lang='lat' dir='ltr'><strong><em>agentibus</em></strong></span> <span class='ocrx_word' id='word_1_124' title='bbox 775 2371 818 2410; x_wconf 81' lang='lat' dir='ltr'><strong><em>et</em></strong></span> <span class='ocrx_word' id='word_1_125' title='bbox 839 2364 971 2427; x_wconf 86' lang='lat' dir='ltr'><strong><em>larga</em></strong></span> <span class='ocrx_word' id='word_1_126' title='bbox 988 2364 1100 2410; x_wconf 87' lang='lat' dir='ltr'><strong><em>meri</em></strong></span> <span class='ocrx_word' id='word_1_127' title='bbox 1128 2365 1300 2423; x_wconf 86' lang='lat' dir='ltr'><strong><em>potione</em></strong></span> <span class='ocrx_word' id='word_1_128' title='bbox 1319 2365 1527 2419; x_wconf 86' lang='lat' dir='ltr'><strong><em>oneratis,</em></strong></span> <span class='ocrx_word' id='word_1_129' title='bbox 1549 2378 1632 2425; x_wconf 80' lang='lat' dir='ltr'><strong><em>quo</em></strong></span> <span class='ocrx_word' id='word_1_130' title='bbox 1644 2360 1840 2425; x_wconf 83' lang='lat' dir='ltr'><strong><em>facilior</em></strong></span> <span class='ocrx_word' id='word_1_131' title='bbox 1868 2362 2055 2408; x_wconf 82' lang='lat' dir='ltr'><strong><em>victoria</em></strong></span> <span class='ocrx_word' id='word_1_132' title='bbox 2073 2368 2193 2414; x_wconf 84' lang='lat' dir='ltr'><strong><em>esset,</em></strong></span> <span class='ocrx_word' id='word_1_133' title='bbox 2213 2362 2379 2423; x_wconf 81' lang='lat' dir='ltr'><strong><em>jurgio</em></strong></span> 
     </span>
     <span class='ocr_line' id='line_1_16' title="bbox 339 2439 2379 2505; baseline -0.002 -14"><span class='ocrx_word' id='word_1_134' title='bbox 339 2443 631 2491; x_wconf 81' lang='lat' dir='ltr'><strong><em>contendendi</em></strong></span> <span class='ocrx_word' id='word_1_135' title='bbox 656 2444 919 2492; x_wconf 75' lang='lat' dir='ltr'><strong><em>occasionem</em></strong></span> <span class='ocrx_word' id='word_1_136' title='bbox 946 2445 1051 2493; x_wconf 81' lang='lat' dir='ltr'><strong><em>inde</em></strong></span> <span class='ocrx_word' id='word_1_137' title='bbox 1074 2444 1271 2504; x_wconf 79' lang='lat' dir='ltr'><strong><em>ceperint</em></strong></span> <span class='ocrx_word' id='word_1_138' title='bbox 1284 2459 1302 2499; x_wconf 78' lang='lat'><strong><em>‚-</em></strong></span> <span class='ocrx_word' id='word_1_139' title='bbox 1336 2451 1474 2505; x_wconf 81' lang='lat' dir='ltr'><strong><em>utque</em></strong></span> <span class='ocrx_word' id='word_1_140' title='bbox 1493 2444 1593 2490; x_wconf 76' lang='lat' dir='ltr'><strong><em>ria-a</em></strong></span> <span class='ocrx_word' id='word_1_141' title='bbox 1620 2443 1820 2503; x_wconf 85' lang='lat' dir='ltr'><strong><em>primum</em></strong></span> <span class='ocrx_word' id='word_1_142' title='bbox 1851 2441 2057 2489; x_wconf 84' lang='lat' dir='ltr'><strong><em>conviciis</em></strong></span> <span class='ocrx_word' id='word_1_143' title='bbox 2088 2456 2141 2487; x_wconf 88' lang='lat' dir='ltr'><strong><em>ac</em></strong></span> <span class='ocrx_word' id='word_1_144' title='bbox 2173 2439 2379 2494; x_wconf 79' lang='lat' dir='ltr'><strong><em>clamore,</em></strong></span> 
     </span>
     <span class='ocr_line' id='line_1_17' title="bbox 339 2520 2377 2586; baseline -0.001 -17"><span class='ocrx_word' id='word_1_145' title='bbox 339 2523 501 2569; x_wconf 81' lang='lat' dir='ltr'><strong><em>deinde</em></strong></span> <span class='ocrx_word' id='word_1_146' title='bbox 517 2525 793 2582; x_wconf 79' lang='lat' dir='ltr'><strong><em>percussione</em></strong></span> <span class='ocrx_word' id='word_1_147' title='bbox 816 2524 1013 2584; x_wconf 83' lang='lat' dir='ltr'><strong><em>capitum</em></strong></span> <span class='ocrx_word' id='word_1_148' title='bbox 1033 2523 1389 2584; x_wconf 81' lang='lat' dir='ltr'><strong><em>vulneribusque,</em></strong></span> <span class='ocrx_word' id='word_1_149' title='bbox 1403 2524 1581 2586; x_wconf 81' lang='lat' dir='ltr'><strong><em>pugnis</em></strong></span> <span class='ocrx_word' id='word_1_150' title='bbox 1596 2530 1640 2569; x_wconf 89' lang='lat' dir='ltr'><strong><em>et</em></strong></span> <span class='ocrx_word' id='word_1_151' title='bbox 1663 2522 1881 2582; x_wconf 83' lang='lat' dir='ltr'><strong><em>lapidibus</em></strong></span> <span class='ocrx_word' id='word_1_152' title='bbox 1909 2520 2109 2584; x_wconf 83' lang='lat' dir='ltr'><strong><em>inflictis,</em></strong></span> <span class='ocrx_word' id='word_1_153' title='bbox 2133 2527 2377 2575; x_wconf 83' lang='lat' dir='ltr'><strong><em>transacta,</em></strong></span> 
     </span>
     <span class='ocr_line' id='line_1_18' title="bbox 340 2603 2378 2669; baseline -0.002 -17"><span class='ocrx_word' id='word_1_154' title='bbox 340 2622 436 2652; x_wconf 73' lang='lat' dir='ltr'><strong><em>moa·</em></strong></span> <span class='ocrx_word' id='word_1_155' title='bbox 468 2606 612 2653; x_wconf 81' lang='lat' dir='ltr'><strong><em>armis</em></strong></span> <span class='ocrx_word' id='word_1_156' title='bbox 639 2608 795 2653; x_wconf 86' lang='lat' dir='ltr'><strong><em>sumtis</em></strong></span> <span class='ocrx_word' id='word_1_157' title='bbox 813 2608 862 2653; x_wconf 91' lang='lat' dir='ltr'><strong><em>in</em></strong></span> <span class='ocrx_word' id='word_1_158' title='bbox 884 2606 1094 2666; x_wconf 82' lang='lat' dir='ltr'><strong><em>praelium</em></strong></span> <span class='ocrx_word' id='word_1_159' title='bbox 1117 2606 1342 2660; x_wconf 70' lang='lat' dir='ltr'><strong><em>exarserit,</em></strong></span> <span class='ocrx_word' id='word_1_160' title='bbox 1366 2606 1415 2651; x_wconf 89' lang='lat' dir='ltr'><strong><em>in</em></strong></span> <span class='ocrx_word' id='word_1_161' title='bbox 1437 2622 1522 2666; x_wconf 77' lang='lat' dir='ltr'><strong><em>quo</em></strong></span> <span class='ocrx_word' id='word_1_162' title='bbox 1539 2603 1728 2669; x_wconf 58' lang='lat' dir='ltr'><strong><em>fingatis</em></strong></span> <span class='ocrx_word' id='word_1_163' title='bbox 1750 2604 1950 2658; x_wconf 86' lang='lat' dir='ltr'><strong><em>Ombitis,</em></strong></span> <span class='ocrx_word' id='word_1_164' title='bbox 1973 2618 2092 2649; x_wconf 81' lang='lat' dir='ltr'><strong><em>unus</em></strong></span> <span class='ocrx_word' id='word_1_165' title='bbox 2110 2618 2278 2658; x_wconf 82' lang='lat' dir='ltr'><strong><em>eorum,</em></strong></span> <span class='ocrx_word' id='word_1_166' title='bbox 2300 2606 2378 2664; x_wconf 80' lang='lat' dir='ltr'><strong><em>qui</em></strong></span> 
     </span>
     <span class='ocr_line' id='line_1_19' title="bbox 340 2681 2382 2747; baseline -0.002 -16"><span class='ocrx_word' id='word_1_167' title='bbox 340 2685 480 2731; x_wconf 85' lang='lat' dir='ltr'><strong><em>nimia</em></strong></span> <span class='ocrx_word' id='word_1_168' title='bbox 479 2682 734 2747; x_wconf 85' lang='lat' dir='ltr'><strong><em>formidine</em></strong></span> <span class='ocrx_word' id='word_1_169' title='bbox 750 2700 932 2731; x_wconf 84' lang='lat' dir='ltr'><strong><em>cursum</em></strong></span> <span class='ocrx_word' id='word_1_170' title='bbox 946 2686 1239 2744; x_wconf 65' lang='lat' dir='ltr'><strong><em>praecipitans</em></strong></span> <span class='ocrx_word' id='word_1_171' title='bbox 1256 2685 1562 2745; x_wconf 84' lang='lat' dir='ltr'><strong><em>procubuerit,</em></strong></span> <span class='ocrx_word' id='word_1_172' title='bbox 1585 2692 1741 2743; x_wconf 86' lang='lat' dir='ltr'><strong><em>captus</em></strong></span> <span class='ocrx_word' id='word_1_173' title='bbox 1758 2699 1799 2729; x_wconf 75' lang='lat' dir='ltr'><strong><em>a·</em></strong></span> <span class='ocrx_word' id='word_1_174' title='bbox 1813 2681 2070 2745; x_wconf 80' lang='lat' dir='ltr'><strong><em>Tentyritis,</em></strong></span> <span class='ocrx_word' id='word_1_175' title='bbox 2088 2689 2129 2728; x_wconf 82' lang='lat' dir='ltr'><strong><em>et</em></strong></span> <span class='ocrx_word' id='word_1_176' title='bbox 2150 2698 2238 2728; x_wconf 87' lang='lat' dir='ltr'><strong><em>non</em></strong></span> <span class='ocrx_word' id='word_1_177' title='bbox 2258 2683 2382 2728; x_wconf 88' lang='lat' dir='ltr'><strong><em>modo</em></strong></span> 
     </span>
     <span class='ocr_line' id='line_1_20' title="bbox 345 2762 2383 2827; baseline -0.002 -18"><span class='ocrx_word' id='word_1_178' title='bbox 345 2765 395 2810; x_wconf 84' lang='lat' dir='ltr'><strong><em>in</em></strong></span> <span class='ocrx_word' id='word_1_179' title='bbox 423 2765 623 2824; x_wconf 86' lang='lat' dir='ltr'><strong><em>plurima</em></strong></span> <span class='ocrx_word' id='word_1_180' title='bbox 650 2772 792 2810; x_wconf 82' lang='lat' dir='ltr'><strong><em>sectus</em></strong></span> <span class='ocrx_word' id='word_1_181' title='bbox 801 2762 967 2827; x_wconf 85' lang='lat' dir='ltr'><strong><em>frusta</em></strong></span> <span class='ocrx_word' id='word_1_182' title='bbox 996 2772 1037 2810; x_wconf 88' lang='lat' dir='ltr'><strong><em>et</em></strong></span> <span class='ocrx_word' id='word_1_183' title='bbox 1065 2764 1334 2824; x_wconf 85' lang='lat' dir='ltr'><strong><em>particulas,</em></strong></span> <span class='ocrx_word' id='word_1_184' title='bbox 1355 2771 1411 2811; x_wconf 86' lang='lat' dir='ltr'><strong><em>ut</em></strong></span> <span class='ocrx_word' id='word_1_185' title='bbox 1430 2763 1584 2810; x_wconf 85' lang='lat' dir='ltr'><strong><em>multis</em></strong></span> <span class='ocrx_word' id='word_1_186' title='bbox 1604 2762 1849 2825; x_wconf 71' lang='lat' dir='ltr'><strong><em>subjiceret,</em></strong></span> <span class='ocrx_word' id='word_1_187' title='bbox 1871 2762 1944 2808; x_wconf 87' lang='lat' dir='ltr'><strong><em>sed</em></strong></span> <span class='ocrx_word' id='word_1_188' title='bbox 1964 2762 2133 2807; x_wconf 84' lang='lat' dir='ltr'><strong><em>crudus</em></strong></span> <span class='ocrx_word' id='word_1_189' title='bbox 2163 2762 2296 2806; x_wconf 88' lang='lat' dir='ltr'><strong><em>etiam</em></strong></span> <span class='ocrx_word' id='word_1_190' title='bbox 2328 2776 2383 2806; x_wconf 88' lang='lat' dir='ltr'><strong><em>ac</em></strong></span> 
     </span>
     <span class='ocr_line' id='line_1_21' title="bbox 347 2839 2381 2902; baseline -0.003 -12"><span class='ocrx_word' id='word_1_191' title='bbox 347 2850 462 2889; x_wconf 79' lang='lat' dir='ltr'><strong><em>totus</em></strong></span> <span class='ocrx_word' id='word_1_192' title='bbox 492 2846 678 2890; x_wconf 81' lang='lat' dir='ltr'><strong><em>conrosis</em></strong></span> <span class='ocrx_word' id='word_1_193' title='bbox 706 2844 864 2890; x_wconf 81' lang='lat' dir='ltr'><strong><em>ossibus</em></strong></span> <span class='ocrx_word' id='word_1_194' title='bbox 895 2851 1024 2889; x_wconf 85' lang='lat' dir='ltr'><strong><em>tanta</em></strong></span> <span class='ocrx_word' id='word_1_195' title='bbox 1059 2843 1277 2889; x_wconf 85' lang='lat' dir='ltr'><strong><em>aviditate</em></strong></span> <span class='ocrx_word' id='word_1_196' title='bbox 1306 2844 1539 2890; x_wconf 79' lang='lat' dir='ltr'><strong><em>devoratus</em></strong></span> <span class='ocrx_word' id='word_1_197' title='bbox 1567 2843 1642 2896; x_wconf 87' lang='lat' dir='ltr'><strong><em>sit,</em></strong></span> <span class='ocrx_word' id='word_1_198' title='bbox 1663 2849 1718 2888; x_wconf 87' lang='lat' dir='ltr'><strong><em>ut</em></strong></span> <span class='ocrx_word' id='word_1_199' title='bbox 1752 2842 1830 2902; x_wconf 81' lang='lat' dir='ltr'><strong><em>qui</em></strong></span> <span class='ocrx_word' id='word_1_200' title='bbox 1861 2856 1912 2887; x_wconf 76' lang='lat' dir='ltr'><strong><em>ex</em></strong></span> <span class='ocrx_word' id='word_1_201' title='bbox 1941 2840 2130 2886; x_wconf 80' lang='lat' dir='ltr'><strong><em>hostibus</em></strong></span> <span class='ocrx_word' id='word_1_202' title='bbox 2159 2839 2381 2884; x_wconf 82' lang='lat' dir='ltr'><strong><em>novissimi</em></strong></span> 
     </span>
     <span class='ocr_line' id='line_1_22' title="bbox 343 2919 2382 2984; baseline -0.002 -17"><span class='ocrx_word' id='word_1_203' title='bbox 343 2923 562 2977; x_wconf 79' lang='lat' dir='ltr'><strong><em>venerint,</em></strong></span> <span class='ocrx_word' id='word_1_204' title='bbox 586 2923 780 2975; x_wconf 77' lang='lat' dir='ltr'><strong><em>absumto</em></strong></span> <span class='ocrx_word' id='word_1_205' title='bbox 798 2924 902 2982; x_wconf 84' lang='lat' dir='ltr'><strong><em>jam</em></strong></span> <span class='ocrx_word' id='word_1_206' title='bbox 925 2930 1014 2969; x_wconf 83' lang='lat' dir='ltr'><strong><em>toto</em></strong></span> <span class='ocrx_word' id='word_1_207' title='bbox 1030 2938 1224 2982; x_wconf 76' lang='lat' dir='ltr'><strong><em>corpore,</em></strong></span> <span class='ocrx_word' id='word_1_208' title='bbox 1245 2923 1396 2969; x_wconf 86' lang='lat' dir='ltr'><strong><em>ductis</em></strong></span> <span class='ocrx_word' id='word_1_209' title='bbox 1423 2938 1507 2982; x_wconf 86' lang='lat' dir='ltr'><strong><em>per</em></strong></span> <span class='ocrx_word' id='word_1_210' title='bbox 1528 2930 1696 2968; x_wconf 87' lang='lat' dir='ltr'><strong><em>terram</em></strong></span> <span class='ocrx_word' id='word_1_211' title='bbox 1724 2921 1878 2984; x_wconf 84' lang='lat' dir='ltr'><strong><em>digitis</em></strong></span> <span class='ocrx_word' id='word_1_212' title='bbox 1899 2919 2070 2979; x_wconf 74' lang='lat' dir='ltr'><strong><em>aliquid</em></strong></span> <span class='ocrx_word' id='word_1_213' title='bbox 2089 2920 2144 2965; x_wconf 85' lang='lat' dir='ltr'><strong><em>de</em></strong></span> <span class='ocrx_word' id='word_1_214' title='bbox 2163 2919 2382 2980; x_wconf 85' lang='lat' dir='ltr'><strong><em>sanguine</em></strong></span> 
     </span>
     <span class='ocr_line' id='line_1_23' title="bbox 342 2988 2379 3064; baseline -0.003 -16"><span class='ocrx_word' id='word_1_215' title='bbox 342 3003 440 3062; x_wconf 78' lang='lat' dir='ltr'><strong><em>ejus</em></strong></span> <span class='ocrx_word' id='word_1_216' title='bbox 454 3002 750 3064; x_wconf 73' lang='lat' dir='ltr'><strong><em>gustaverint.</em></strong></span> <span class='ocrx_word' id='word_1_217' title='bbox 772 2988 1031 3064; x_wconf 55' lang='lat'><strong>(274-92.)</strong></span> <span class='ocrx_word' id='word_1_218' title='bbox 1108 3002 1254 3049; x_wconf 88' lang='lat' dir='ltr'><strong><em>Tanta</em></strong></span> <span class='ocrx_word' id='word_1_219' title='bbox 1275 3003 1603 3049; x_wconf 82' lang='lat' dir='ltr'><strong><em>inhumanitate</em></strong></span> <span class='ocrx_word' id='word_1_220' title='bbox 1624 3000 1804 3047; x_wconf 83' lang='lat' dir='ltr'><strong><em>nullum</em></strong></span> <span class='ocrx_word' id='word_1_221' title='bbox 1826 2988 2037 3060; x_wconf 81' lang='lat' dir='ltr'><strong><em>umquam</em></strong></span> <span class='ocrx_word' id='word_1_222' title='bbox 2055 2998 2269 3058; x_wconf 87' lang='lat' dir='ltr'><strong><em>populum</em></strong></span> <span class='ocrx_word' id='word_1_223' title='bbox 2289 3012 2379 3043; x_wconf 65' lang='grc' dir='ltr'><strong><em>εω-</em></strong></span> 
     </span>
     <span class='ocr_line' id='line_1_24' title="bbox 340 3077 2381 3146; baseline -0.004 -15"><span class='ocrx_word' id='word_1_224' title='bbox 340 3084 468 3131; x_wconf 78' lang='lat' dir='ltr'><strong><em>viisse</em></strong></span> <span class='ocrx_word' id='word_1_225' title='bbox 481 3083 621 3129; x_wconf 80' lang='lat' dir='ltr'><strong><em>dicit.-</em></strong></span> <span class='ocrx_word' id='word_1_226' title='bbox 653 3098 742 3129; x_wconf 85' lang='lat' dir='ltr'><strong><em>non</em></strong></span> <span class='ocrx_word' id='word_1_227' title='bbox 766 3082 1110 3146; x_wconf 73' lang='lat' dir='ltr'><strong><em>calaguritanus</em></strong></span> <span class='ocrx_word' id='word_1_228' title='bbox 1137 3086 1187 3130; x_wconf 79' lang='lat' dir='ltr'><strong><em>in</em></strong></span> <span class='ocrx_word' id='word_1_229' title='bbox 1213 3083 1457 3139; x_wconf 80' lang='lat' dir='ltr'><strong><em>Vasconum</em></strong></span> <span class='ocrx_word' id='word_1_230' title='bbox 1474 3082 1668 3145; x_wconf 64' lang='lat' dir='ltr'><strong><em>finibus,</em></strong></span> <span class='ocrx_word' id='word_1_231' title='bbox 1691 3082 1768 3143; x_wconf 76' lang='lat' dir='ltr'><strong><em>qui</em></strong></span> <span class='ocrx_word' id='word_1_232' title='bbox 1794 3080 1928 3143; x_wconf 84' lang='lat' dir='ltr'><strong><em>longa</em></strong></span> <span class='ocrx_word' id='word_1_233' title='bbox 1959 3081 2135 3125; x_wconf 85' lang='lat' dir='ltr'><strong><em>demum</em></strong></span> <span class='ocrx_word' id='word_1_234' title='bbox 2167 3077 2381 3124; x_wconf 81' lang='lat' dir='ltr'><strong><em>obsidione</em></strong></span> 
     </span>
     <span class='ocr_line' id='line_1_25' title="bbox 339 3152 2380 3227; baseline -0.002 -18"><span class='ocrx_word' id='word_1_235' title='bbox 339 3164 402 3209; x_wconf 82' lang='lat' dir='ltr'><strong><em>od</em></strong></span> <span class='ocrx_word' id='word_1_236' title='bbox 421 3163 571 3209; x_wconf 85' lang='lat' dir='ltr'><strong><em>diram</em></strong></span> <span class='ocrx_word' id='word_1_237' title='bbox 588 3164 761 3209; x_wconf 85' lang='lat' dir='ltr'><strong><em>redacti</em></strong></span> <span class='ocrx_word' id='word_1_238' title='bbox 775 3162 968 3227; x_wconf 82' lang='lat' dir='ltr'><strong><em>famem,</em></strong></span> <span class='ocrx_word' id='word_1_239' title='bbox 991 3173 1035 3211; x_wconf 85' lang='lat' dir='ltr'><strong><em>et</em></strong></span> <span class='ocrx_word' id='word_1_240' title='bbox 1052 3166 1206 3227; x_wconf 82' lang='lat' dir='ltr'><strong><em>ignari</em></strong></span> <span class='ocrx_word' id='word_1_241' title='bbox 1234 3165 1381 3211; x_wconf 80' lang='lat' dir='ltr'><strong><em>adhuc</em></strong></span> <span class='ocrx_word' id='word_1_242' title='bbox 1403 3163 1648 3210; x_wconf 85' lang='lat' dir='ltr'><strong><em>Stoicorum</em></strong></span> <span class='ocrx_word' id='word_1_243' title='bbox 1667 3161 1966 3222; x_wconf 72' lang='lat' dir='ltr'><strong><em>philosophice,</em></strong></span> <span class='ocrx_word' id='word_1_244' title='bbox 1989 3162 2126 3207; x_wconf 81' lang='lat' dir='ltr'><strong><em>vitam</em></strong></span> <span class='ocrx_word' id='word_1_245' title='bbox 2159 3152 2380 3205; x_wconf 80' lang='lat' dir='ltr'><strong><em>inhonesto</em></strong></span> 
     </span>
     <span class='ocr_line' id='line_1_26' title="bbox 344 3238 2385 3305; baseline -0.003 -15"><span class='ocrx_word' id='word_1_246' title='bbox 344 3244 484 3297; x_wconf 88' lang='lat' dir='ltr'><strong><em>modo,</em></strong></span> <span class='ocrx_word' id='word_1_247' title='bbox 528 3244 824 3290; x_wconf 81' lang='lat' dir='ltr'><strong><em>humanorum</em></strong></span> <span class='ocrx_word' id='word_1_248' title='bbox 869 3244 1034 3291; x_wconf 85' lang='lat' dir='ltr'><strong><em>scilicet</em></strong></span> <span class='ocrx_word' id='word_1_249' title='bbox 1082 3260 1312 3305; x_wconf 76' lang='lat' dir='ltr'><strong><em>corporum</em></strong></span> <span class='ocrx_word' id='word_1_250' title='bbox 1349 3245 1553 3304; x_wconf 82' lang='lat' dir='ltr'><strong><em>dapibus,</em></strong></span> <span class='ocrx_word' id='word_1_251' title='bbox 1595 3243 1923 3302; x_wconf 58' lang='lat' dir='ltr'><strong><em>protraxerint:</em></strong></span> <span class='ocrx_word' id='word_1_252' title='bbox 1957 3238 2254 3303; x_wconf 83' lang='lat'>(93—114.)</span> <span class='ocrx_word' id='word_1_253' title='bbox 2296 3253 2385 3284; x_wconf 85' lang='lat' dir='ltr'><strong><em>non</em></strong></span> 
     </span>
     <span class='ocr_line' id='line_1_27' title="bbox 347 3314 2378 3386; baseline -0.003 -17"><span class='ocrx_word' id='word_1_254' title='bbox 347 3323 538 3378; x_wconf 82' lang='lat' dir='ltr'><strong><em>Tauros,</em></strong></span> <span class='ocrx_word' id='word_1_255' title='bbox 558 3324 637 3386; x_wconf 80' lang='lat' dir='ltr'><strong><em>qui</em></strong></span> <span class='ocrx_word' id='word_1_256' title='bbox 658 3314 847 3369; x_wconf 74' lang='lat' dir='ltr'><strong><em>homines</em></strong></span> <span class='ocrx_word' id='word_1_257' title='bbox 866 3331 1041 3369; x_wconf 82' lang='lat' dir='ltr'><strong><em>tantum</em></strong></span> <span class='ocrx_word' id='word_1_258' title='bbox 1063 3323 1372 3370; x_wconf 83' lang='lat' dir='ltr'><strong><em>inmolaverint</em></strong></span> <span class='ocrx_word' id='word_1_259' title='bbox 1387 3324 1571 3377; x_wconf 77' lang='lat' dir='ltr'><strong><em>Dianae,</em></strong></span> <span class='ocrx_word' id='word_1_260' title='bbox 1595 3338 1682 3368; x_wconf 87' lang='lat' dir='ltr'><strong><em>non</em></strong></span> <span class='ocrx_word' id='word_1_261' title='bbox 1704 3325 1838 3368; x_wconf 85' lang='lat' dir='ltr'><strong><em>etiam</em></strong></span> <span class='ocrx_word' id='word_1_262' title='bbox 1853 3322 2150 3374; x_wconf 76' lang='lat' dir='ltr'><strong><em>comederint,-</em></strong></span> <span class='ocrx_word' id='word_1_263' title='bbox 2188 3318 2378 3379; x_wconf 86' lang='lat'>(115—</span> 
     </span>
     <span class='ocr_line' id='line_1_28' title="bbox 343 3394 2377 3465; baseline -0.004 -16"><span class='ocrx_word' id='word_1_264' title='bbox 343 3403 482 3464; x_wconf 86' lang='lat'>119.)</span> <span class='ocrx_word' id='word_1_265' title='bbox 519 3419 605 3449; x_wconf 90' lang='lat' dir='ltr'><strong><em>non</em></strong></span> <span class='ocrx_word' id='word_1_266' title='bbox 632 3403 843 3459; x_wconf 87' lang='lat' dir='ltr'><strong><em>Cimbros,</em></strong></span> <span class='ocrx_word' id='word_1_267' title='bbox 866 3419 947 3450; x_wconf 90' lang='lat' dir='ltr'><strong><em>nec</em></strong></span> <span class='ocrx_word' id='word_1_268' title='bbox 970 3401 1226 3458; x_wconf 81' lang='lat' dir='ltr'><strong><em>Britannos,</em></strong></span> <span class='ocrx_word' id='word_1_269' title='bbox 1250 3411 1331 3450; x_wconf 86' lang='lat' dir='ltr'><strong><em>aut</em></strong></span> <span class='ocrx_word' id='word_1_270' title='bbox 1358 3402 1642 3450; x_wconf 83' lang='lat' dir='ltr'><strong><em>Sauromatas</em></strong></span> <span class='ocrx_word' id='word_1_271' title='bbox 1670 3410 1712 3448; x_wconf 88' lang='lat' dir='ltr'><strong><em>et</em></strong></span> <span class='ocrx_word' id='word_1_272' title='bbox 1733 3401 2021 3465; x_wconf 80' lang='lat' dir='ltr'><strong><em>Agathyrsos.</em></strong></span> <span class='ocrx_word' id='word_1_273' title='bbox 2044 3394 2377 3462; x_wconf 82' lang='lat'>(119-128.)</span> 
     </span>
     <span class='ocr_line' id='line_1_29' title="bbox 357 3475 2388 3546; baseline -0.004 -20"><span class='ocrx_word' id='word_1_274' title='bbox 357 3481 477 3527; x_wconf 86' lang='lat' dir='ltr'><strong><em>Tum</em></strong></span> <span class='ocrx_word' id='word_1_275' title='bbox 503 3491 636 3542; x_wconf 84' lang='lat' dir='ltr'><strong><em>poeta</em></strong></span> <span class='ocrx_word' id='word_1_276' title='bbox 666 3483 818 3529; x_wconf 87' lang='lat' dir='ltr'><strong><em>acerbe</em></strong></span> <span class='ocrx_word' id='word_1_277' title='bbox 850 3484 1052 3542; x_wconf 88' lang='lat' dir='ltr'><strong><em>increpat</em></strong></span> <span class='ocrx_word' id='word_1_278' title='bbox 1086 3484 1368 3530; x_wconf 85' lang='lat' dir='ltr'><strong><em>inimicitiam</em></strong></span> <span class='ocrx_word' id='word_1_279' title='bbox 1389 3490 1432 3529; x_wconf 89' lang='lat' dir='ltr'><strong><em>et</em></strong></span> <span class='ocrx_word' id='word_1_280' title='bbox 1461 3481 1766 3546; x_wconf 33' lang='lat' dir='ltr'><strong><em>odium-quod</em></strong></span> <span class='ocrx_word' id='word_1_281' title='bbox 1783 3478 1912 3543; x_wconf 77' lang='lat' dir='ltr'><strong><em>fera·</em></strong></span> <span class='ocrx_word' id='word_1_282' title='bbox 1944 3494 2033 3524; x_wconf 89' lang='lat' dir='ltr'><strong><em>non</em></strong></span> <span class='ocrx_word' id='word_1_283' title='bbox 2062 3477 2150 3523; x_wconf 83' lang='lat' dir='ltr'><strong><em>nisi</em></strong></span> <span class='ocrx_word' id='word_1_284' title='bbox 2166 3477 2215 3521; x_wconf 89' lang='lat' dir='ltr'><strong><em>in</em></strong></span> <span class='ocrx_word' id='word_1_285' title='bbox 2236 3475 2388 3533; x_wconf 86' lang='lat' dir='ltr'><strong><em>dispar</em></strong></span> 
     </span>
     <span class='ocr_line' id='line_1_30' title="bbox 265 3557 2384 3626; baseline -0.003 -21"><span class='ocrx_word' id='word_1_286' title='bbox 265 3584 268 3589; x_wconf 90' lang='lat'><em>·</em></span> <span class='ocrx_word' id='word_1_287' title='bbox 346 3574 505 3621; x_wconf 82' lang='lat' dir='ltr'><strong><em>genus,</em></strong></span> <span class='ocrx_word' id='word_1_288' title='bbox 528 3561 716 3608; x_wconf 83' lang='lat' dir='ltr'><strong><em>homines</em></strong></span> <span class='ocrx_word' id='word_1_289' title='bbox 735 3570 886 3608; x_wconf 85' lang='lat' dir='ltr'><strong><em>autem</em></strong></span> <span class='ocrx_word' id='word_1_290' title='bbox 919 3563 970 3608; x_wconf 88' lang='lat' dir='ltr'><strong><em>in</em></strong></span> <span class='ocrx_word' id='word_1_291' title='bbox 997 3578 1042 3610; x_wconf 85' lang='lat' dir='ltr'><strong><em>se</em></strong></span> <span class='ocrx_word' id='word_1_292' title='bbox 1071 3564 1182 3624; x_wconf 83' lang='lat' dir='ltr'><strong><em>ipsos</em></strong></span> <span class='ocrx_word' id='word_1_293' title='bbox 1198 3571 1375 3626; x_wconf 81' lang='lat' dir='ltr'><strong><em>gerant,</em></strong></span> <span class='ocrx_word' id='word_1_294' title='bbox 1397 3563 1595 3624; x_wconf 79' lang='lat' dir='ltr'><strong><em>quodque</em></strong></span> <span class='ocrx_word' id='word_1_295' title='bbox 1623 3573 1803 3620; x_wconf 68' lang='lat' dir='ltr'><strong><em>prornts</em></strong></span> <span class='ocrx_word' id='word_1_296' title='bbox 1823 3558 2101 3604; x_wconf 76' lang='lat' dir='ltr'><strong><em>contrarium</em></strong></span> <span class='ocrx_word' id='word_1_297' title='bbox 2118 3557 2174 3602; x_wconf 87' lang='lat' dir='ltr'><strong><em>sit</em></strong></span> <span class='ocrx_word' id='word_1_298' title='bbox 2191 3560 2384 3607; x_wconf 77' lang='lat' dir='ltr'><strong><em>naturae,</em></strong></span> 
     </span>
     <span class='ocr_line' id='line_1_31' title="bbox 345 3635 1987 3704; baseline 0 -21"><span class='ocrx_word' id='word_1_299' title='bbox 345 3653 451 3699; x_wconf 76' lang='lat' dir='ltr'><strong><em>qua·</em></strong></span> <span class='ocrx_word' id='word_1_300' title='bbox 472 3638 661 3686; x_wconf 77' lang='lat' dir='ltr'><strong><em>humano</em></strong></span> <span class='ocrx_word' id='word_1_301' title='bbox 677 3644 833 3704; x_wconf 82' lang='lat' dir='ltr'><strong><em>generi</em></strong></span> <span class='ocrx_word' id='word_1_302' title='bbox 852 3641 1102 3689; x_wconf 83' lang='lat' dir='ltr'><strong><em>mollissima</em></strong></span> <span class='ocrx_word' id='word_1_303' title='bbox 1124 3643 1294 3689; x_wconf 76' lang='lat' dir='ltr'><strong><em>dederit</em></strong></span> <span class='ocrx_word' id='word_1_304' title='bbox 1313 3643 1464 3697; x_wconf 83' lang='lat' dir='ltr'><strong><em>corda,</em></strong></span> <span class='ocrx_word' id='word_1_305' title='bbox 1483 3650 1526 3688; x_wconf 87' lang='lat' dir='ltr'><strong><em>et</em></strong></span> <span class='ocrx_word' id='word_1_306' title='bbox 1544 3640 1700 3687; x_wconf 80' lang='lat' dir='ltr'><strong><em>ceteris</em></strong></span> <span class='ocrx_word' id='word_1_307' title='bbox 1720 3635 1987 3685; x_wconf 76' lang='lat' dir='ltr'><strong><em>animalibus</em></strong></span> 
     </span>
     <span class='ocr_line' id='line_1_32' title="bbox 486 3718 1824 3784; baseline -0.001 -21"><span class='ocrx_word' id='word_1_308' title='bbox 486 3718 683 3766; x_wconf 83' lang='lat' dir='ltr'><strong><em>Tantum</em></strong></span> <span class='ocrx_word' id='word_1_309' title='bbox 700 3722 885 3777; x_wconf 84' lang='lat' dir='ltr'><strong><em>animas,</em></strong></span> <span class='ocrx_word' id='word_1_310' title='bbox 908 3723 1028 3768; x_wconf 86' lang='lat' dir='ltr'><strong><em>nobis</em></strong></span> <span class='ocrx_word' id='word_1_311' title='bbox 1043 3722 1244 3769; x_wconf 89' lang='lat' dir='ltr'><strong><em>animum</em></strong></span> <span class='ocrx_word' id='word_1_312' title='bbox 1266 3737 1449 3784; x_wconf 79' lang='lat' dir='ltr'><strong><em>quoque,</em></strong></span> <span class='ocrx_word' id='word_1_313' title='bbox 1472 3729 1659 3767; x_wconf 83' lang='lat' dir='ltr'><strong><em>mutuus</em></strong></span> <span class='ocrx_word' id='word_1_314' title='bbox 1675 3726 1728 3764; x_wconf 80' lang='lat' dir='ltr'><strong><em>ut</em></strong></span> <span class='ocrx_word' id='word_1_315' title='bbox 1748 3732 1824 3764; x_wconf 87' lang='lat' dir='ltr'><strong><em>nos</em></strong></span> 
     </span>
     <span class='ocr_line' id='line_1_33' title="bbox 484 3794 1965 3865; baseline -0.003 -18"><span class='ocrx_word' id='word_1_316' title='bbox 484 3798 703 3863; x_wconf 59' lang='lat' dir='ltr'><strong><em>Adfectus</em></strong></span> <span class='ocrx_word' id='word_1_317' title='bbox 720 3812 865 3863; x_wconf 79' lang='lat' dir='ltr'><strong><em>petere</em></strong></span> <span class='ocrx_word' id='word_1_318' title='bbox 885 3805 1105 3851; x_wconf 62' lang='lat' dir='ltr'><strong><em>auxilium</em></strong></span> <span class='ocrx_word' id='word_1_319' title='bbox 1126 3814 1169 3852; x_wconf 86' lang='lat' dir='ltr'><strong><em>et</em></strong></span> <span class='ocrx_word' id='word_1_320' title='bbox 1188 3812 1407 3865; x_wconf 66' lang='lat' dir='ltr'><strong><em>prestare</em></strong></span> <span class='ocrx_word' id='word_1_321' title='bbox 1415 3804 1615 3864; x_wconf 81' lang='lat' dir='ltr'><strong><em>juberet.</em></strong></span> <span class='ocrx_word' id='word_1_322' title='bbox 1634 3794 1965 3863; x_wconf 82' lang='lat'>&lt;129-174.)</span> 
     </span>
    </p>
   </div>
   <div class='ocr_carea' id='block_1_6' title="bbox 1284 4395 1400 4452">
    <p class='ocr_par' dir='ltr' id='par_1_6' title="bbox 1284 4395 1400 4452">
     <span class='ocr_line' id='line_1_34' title="bbox 1284 4395 1400 4452; baseline -0.009 0"><span class='ocrx_word' id='word_1_323' title='bbox 1284 4395 1400 4452; x_wconf 61' lang='grc' dir='ltr'><strong><em>ΞΥ</em></strong></span> 
     </span>
    </p>
   </div>
  </div>
 </body>
</html>
