2978 4920
584 313 641 371 iv
1018 290 1025 295 ’
1201 313 1314 375 DE
1355 314 1811 374 JuvssNALls
1855 315 2048 376 vrrs

570 498 692 558 par
741 487 901 539 esset.
1000 478 1202 539 Verum
1253 485 1414 542 intra
1467 487 1846 543 brevissimum
1894 493 2112 561 tempus
2150 501 2366 561 angore
2406 492 2465 541 et
2500 483 2669 543 todia

646 669 694 728 J
700 671 999 730 uvenalem
1024 692 1062 731 a
1090 671 1443 745 Domitiano,
1463 677 1537 733 ob
1564 678 1823 746 satiram,
1851 678 1912 733 in
1937 696 2057 752 qua
2087 675 2354 736 Paridem
2376 677 2663 753 pantomi-

579 787 757 838 mum,
782 771 845 832 in
871 771 1008 831 aula
1028 781 1167 831 tunc
1191 775 1530 849 gratiosum,
1551 776 1972 859 perstrinxerit,
1997 775 2235 831 missum
2253 792 2380 832 esse
2399 774 2462 832 in
2483 771 2664 850 AEgy-

577 878 761 943 ptum‚
781 867 971 942 ibique
995 878 1055 925 et
1079 871 1374 946 scripsisse
1393 871 1666 947 pleraque
1688 881 1748 929 et
1764 882 2006 929 mortem
2022 871 2249 940 obiisse,
2267 870 2503 927 tradunt
2529 869 2664 926 Sui-

581 962 687 1023 dan
712 973 771 1022 et
791 974 957 1022 vetus
984 963 1175 1022 Schol.
1197 965 1273 1024 ad
1294 966 1422 1026 Sat.
1452 965 1557 1022 IV.
1588 967 1687 1024 38.
1728 966 1887 1033 Quin
1912 986 2045 1025 vero
2071 977 2195 1024 tum
2220 964 2425 1026 Romae
2450 967 2661 1027 vixerit

580 1069 709 1133 post
739 1056 1157 1129 Domitianum,
1184 1063 1283 1135 qui
1319 1082 1372 1120 a.
1403 1060 1475 1118 U.
1501 1060 1571 1118 C.
1615 1062 1749 1119 849.
1778 1061 2100 1122 trucidatus
2140 1072 2250 1130 est,
2290 1072 2416 1119 tum
2454 1061 2667 1118 satiras

581 1158 977 1237 composuerit,
1009 1176 1123 1215 non
1149 1169 1238 1216 est
1263 1157 1414 1234 quod
1441 1159 1784 1239 dubitemus.
1837 1158 1918 1215 Ut
1945 1162 2098 1219 enim
2125 1170 2445 1227 taceamus,
2466 1176 2666 1215 versus

580 1253 865 1330 407.›seq.
897 1255 1024 1313 Sat.
1050 1253 1153 1313 VI.
1184 1257 1259 1314 ad
1285 1268 1451 1313 terrae
1476 1269 1715 1328 motum,
1741 1259 1840 1333 qui
1866 1270 2145 1333 regnante
2180 1254 2433 1330 Trajano
2457 1238 2664 1312 Antio-

580 1351 769 1408 chiam
796 1352 1038 1427 locaque
1065 1354 1252 1417 vicina
1276 1355 1648 1422 concusserit,
1674 1352 1996 1417 referendos
2023 1353 2228 1423 videri,
2242 1363 2301 1410 et
2325 1353 2663 1430 principium

583 1445 711 1507 Sat.
742 1447 878 1506 VII.
901 1449 989 1507 vel
1013 1447 1088 1507 ad
1113 1447 1382 1517 Nervam,
1410 1451 1500 1507 vel
1531 1451 1606 1508 ad
1632 1449 1969 1524 Trajanum,
1989 1451 2076 1507 vel
2101 1451 2291 1526 potius
2311 1447 2386 1508 ad
2408 1447 2664 1506 Hadria-v

581 1562 740 1610 num,
762 1540 1086 1621 Principem
1101 1546 1365 1603 omnibus
1385 1547 1566 1604 literis
1581 1546 1919 1632 'perpolitum
1940 1543 2345 1628 doctorumque
2361 1546 2658 1608 hominum

582 1643 1059 1713 amantissimum,
1079 1652 1336 1721 spectare
1355 1662 1370 1711 ;
1416 1642 1557 1700 illud
1575 1643 1881 1701 manifesto
1902 1644 2250 1719 intelligitur
2264 1654 2382 1703 tam
2401 1660 2476 1698 ex
2498 1639 2661 1698 Mar-.-

581 1738 736 1797 tialis
756 1740 930 1817 epigr.
956 1739 1045 1799 18.
1065 1739 1196 1796 libri
1214 1738 1352 1798 XII.
1381 1741 1559 1815 (quod
1585 1743 1657 1798 ab
1674 1743 1781 1799 hoc
1803 1752 1992 1818 poeta,
2007 1743 2104 1817 qui
2122 1751 2313 1798 nostro
2333 1738 2664 1799 familiaris-

581 1836 758 1893 simus
778 1845 922 1904 erat,
935 1834 1006 1893 de
1027 1854 1139 1910 quo
1163 1855 1213 1893 v.
1233 1837 1304 1910 ej.
1321 1836 1496 1913 epigr.
1517 1836 1566 1890 V
1581 1834 1657 1892 11.
1682 1837 1778 1901 24.
1800 1848 1860 1895 et
1874 1837 1971 1894 91.
1989 1838 2047 1899 in
2064 1837 2273 1914 patria,
2293 1833 2508 1905 Bilbili‚
2528 1832 2665 1892 Cel-

581 1931 796 2001 tiberiae
816 1949 940 2009 opp.
962 1949 1075 2007 quo
1101 1950 1277 2001 senex
1303 1933 1505 1990 relicta
1530 1930 1717 1990 Roma
1745 1953 1800 1990 a.
1833 1932 1905 1990 U.
1936 1933 2001 1990 C.
2031 1933 2165 1993 853.
2193 1930 2283 1989 vel
2312 1931 2449 1987 856.
2475 1930 2663 1999 rediit,

572 2026 851 2133 scriptum
897 2037 1006 2096 est,
1045 2037 1103 2084 et
1137 2025 1322 2098 docet,
1362 2026 1477 2085 Juv
1479 2029 1703 2085 enalem
1750 2041 1888 2085 tunc
1926 2029 2193 2104 temporis
2226 2024 2429 2083 Romae
2462 2025 2667 2100 fuisse)

579 2128 761 2198 q‘uam
780 2122 852 2181 'ex
880 2125 1097 2198 aliquot
1138 2111 1321 2211 poetae
1366 2127 1545 2181 nostri
1575 2127 1736 2193 locis,
1772 2124 1898 2181 Sat.
1929 2123 1975 2184 Ι.
2011 2126 2103 2179 12.
2130 2143 2249 2197 seq.
2276 2123 2375 2180 47.
2405 2142 2527 2198 seq.
2556 2121 2662 2181 IV.

584 2216 877 2285 153.1·.54
902 2216 1009 2274 VI.
1036 2206 1535 2296 245.1npr.X111.
1570 2218 1660 2276 16.
1700 2220 1792 2276 17.
1824 2231 1883 2278 et
1915 2217 2045 2276 XV.
2074 2218 2171 2277 27.
2199 2218 2274 2275 ad
2295 2237 2425 2293 quae
2450 2204 2581 2276 loca
2603 2236 2658 2274 v.

581 2312 899 2379 Comment.
942 2311 1035 2379 Ex
1065 2313 1282 2371 duobus
1308 2316 1709 2392 posterioribus
1736 2316 2117 2392 cognoscitur,
2140 2316 2380 2373 satiram
2405 2311 2574 2368 XIII.
2605 2332 2661 2370 a·

582 2406 654 2476 U.
672 2410 734 2469 C.
757 2408 889 2467 873.
919 2421 977 2468 et
1005 2406 1212 2468 XV⁸⁸¹¹².
1232 2411 1315 2468 vel
1337 2409 1552 2481 eodem,
1581 2410 1669 2469 vel
1695 2413 1882 2488 potius
1908 2410 2161 2487 proximo
2188 2428 2340 2468 anno
2364 2409 2656 2485 scriptam,

576 2526 647 2564 ex
677 2506 776 2564 illa
794 2519 986 2565 autem
1010 2504 1169 2584 Vita,
1192 2526 1320 2582 quae
1342 2505 1603 2565 Suetonii
1624 2526 1828 2566 nomen
1844 2526 1964 2595 prae
1989 2507 2052 2564 s'e
2071 2504 2203 2575 fert,
2217 2516 2467 2584 poetam,
2483 2523 2659 2580 quum

574 2605 970 2681 octogenarius
1000 2614 1172 2673 esset,
1192 2606 1250 2660 in
1274 2601 1590 2681 AEgyptum
1616 2606 1852 2662 missum
1879 2623 2024 2671 esse,
2043 2603 2234 2677 ibique
2260 2604 2413 2658 intra.
2441 2593 2658 2659 brevis-

574 2702 780 2774 simum
807 2710 1030 2776 tempus
1069 2719 1280 2775 angore
1307 2709 1366 2756 et
1390 2699 1561 2755 taedio
1605 2700 1863 2778 periisse:
1946 2697 2149 2773 Itaque
2175 2695 2269 2784 ille
2296 2714 2410 2752 non
2436 2705 2573 2753 ante
2601 2715 2659 2753 a.

579 2797 653 2855 U.
675 2777 744 2853 C.
766 2797 900 2852 874.
918 2793 1326 2871 octogenarius
1350 2794 1478 2863 fuit,
1502 2809 1606 2852 nec
1635 2805 1769 2853 ante
1792 2815 1846 2852 a.
1880 2793 1950 2852 U.
1969 2795 2034 2852 C.
2054 2781 2190 2851 795.
2219 2802 2391 2850 natus
2414 2776 2660 2850 videtur.

575 2863 682 2950 Ᾱῑ
680 2911 880 2978 parum
905 2892 1195 2968 probabile
1221 2901 1330 2960 est,
1360 2912 1512 2959 eum,
1542 2893 1842 2969 octoginta
1857 2893 1984 2965 jam
2014 2910 2193 2949 annos
2222 2900 2445 2958 natum,
2468 2890 2661 2947 satiris

575 2990 763 3047 adhuc
791 2985 1156 3058 conficiendis
1198 3007 1429 3066 operam
1471 2987 1720 3061 dedisse,
1753 2988 1963 3046 nedum
1990 2989 2052 3044 in
2094 2987 2241 3064 AEgy
2246 2998 2344 3064 pto
2385 2988 2483 3044 ubi
2523 3001 2660 3043 merx

574 3065 913 3163 {egritudine
940 3083 1236 3143 confectus
1263 3093 1388 3152 est;
1420 3094 1478 3143 et
1500 3077 1719 3161 quaein
1737 3086 2082 3141 contrariam
2101 3096 2323 3160 partem
2347 3083 2661 3141 laudantur

572 3183 748 3254 verba
774 3194 957 3259 poetae
968 3177 1113 3239 Sat.
1146 3179 1274 3237 XV.
1299 3183 1396 3238 45.
1425 3181 1501 3239 ad
1528 3182 1714 3258 priora
1739 3200 1963 3257 quoque
1988 3182 2123 3238 vitae
2145 3183 2268 3256 ejus
2289 3191 2545 3256 tempora
2569 3199 2659 3237 rez-

573 3277 715 3338 ferre
741 3279 890 3337 licet.
937 3263 1092 3336 Hinc
1115 3277 1258 3336 forte
1286 3281 1559 3336 extremis
1585 3279 1832 3348 demum,
1852 3297 1963 3334 non
1981 3278 2177 3355 primis
2200 3275 2485 3335 Hadriani
2509 3288 2657 3334 tem,

570 3377 797 3454 poribus
824 3377 883 3432 in
912 3375 1148 3433 exilium
1176 3385 1341 3433 actus
1368 3385 1475 3445 est,
1504 3384 1564 3432 et
1591 3376 1757 3432 initio
1795 3374 2014 3451 imperii
2040 3374 2164 3447 ejus
2189 3374 2400 3431 satiras
2427 3383 2658 3431 tantum

572 3493 685 3534 non
710 3490 907 3531 omnes
933 3480 993 3528 et
1019 3469 1158 3535 fecit
1173 3481 1234 3532 et
1255 3472 1557 3539 recitavit3
1586 3471 1736 3546 quod
1761 3471 2139 3546 sexagenario
2160 3471 2345 3547 magis
2371 3471 2662 3539 convenit,

568 3588 740 3646 quam
768 3567 1148 3643 octogenario.

650 3662 988 3721 Juvenalis
972 3681 1032 3719 ιιι
1051 3663 1312 3720 omnibus
1323 3661 1441 3721 fere
1452 3663 1761 3732 codicibus,
1775 3673 1836 3720 et
1853 3663 2080 3740 scriptis
2089 3672 2149 3720 et
2165 3662 2333 3721 editis
2336 3662 2659 3737 ‚cognomi·
2655 3705 2661 3712 .

569 3770 739 3821 natur
760 3758 1016 3837 Aquinas
1034 3778 1070 3816 a
1089 3760 1297 3840 patria,
1297 3758 1811 3836 (quamAquimcm
1827 3758 2022 3829 fuisse,
2033 3757 2369 3818 Volscorum
2384 3777 2510 3835 opp.
2527 3777 2658 3834 pro-

568 3835 747 3912 babili
762 3852 981 3927 judicio
1007 3853 1312 3934 conligitur
1339 3873 1371 3911 e
1399 3854 1530 3912 Sat.
1560 3852 1670 3911 III.
1702 3853 1835 3911 319.
1838 3857 1864 3930 )
1889 3854 2129 3912 Etkicus
2153 3872 2284 3911 vero
2312 3854 2385 3909 ab
2403 3853 2659 3926 antiquis

564 3949 811 4018 librariis
830 3946 1112 4024 mediique
1139 3950 1247 4006 aevi
1273 3951 1660 4027 scriptoribuS,
1688 3950 1788 4024 qui
1814 3961 1873 4005 et
1898 3950 2152 4025 reliquos
2168 3961 2368 4026 poetas
2394 3949 2656 4006 satiricos

564 4047 650 4114 ita
676 4045 878 4104 vocure
903 4046 1109 4126 solent,
1139 4043 1291 4118 qnod
1337 4039 1492 4105 39⁸2&
1536 4045 1891 4120 potissimum
1913 4055 2197 4114 tractant,
2225 4056 2285 4102 et
2321 4044 2508 4102 multa
2533 4062 2656 4100 mo·

565 4162 688 4204 rum
716 4143 1223 4230 praeceptatsatiris
1251 4141 1370 4197 suis
1396 4142 1711 4212 intexuere.
1773 4137 1866 4197 De
1885 4141 2327 4218 praeceptoribus
2352 4150 2536 4217 poetae
2565 4140 2654 4194 ni-

460 4271 463 4274 ·
566 4240 645 4302 hil
673 4248 860 4317 potest
887 4248 1048 4294 certa
1074 4247 1133 4293 ct
1155 4236 1456 4312 explorata
1482 4234 1591 4292 fide
1621 4234 1787 4293 tradi.
1833 4233 2013 4316 Fuere
2040 4233 2271 4310 quidem
2296 4237 2396 4308 qui
2421 4253 2494 4292 ex
2522 4232 2651 4288 Sat.

570 4335 611 4392 Ι.
645 4336 736 4393 12.
781 4346 840 4398 et
880 4331 1020 4397 VII.
1058 4333 1184 4392 186.
1214 4353 1329 4408 seq.
1373 4334 1740 4406 conjicerent,
1769 4351 1898 4391 eum
1945 4330 2030 4392 Μ.
2057 4331 2322 4391 Cornelio
2366 4325 2653 4387 Frontone
