2978 4920
987 341 1029 400 S
1049 340 1115 400 A
1138 340 1199 400 T
1225 339 1257 400 I
1277 340 1440 403 R÷A=
1506 340 1621 401 VI.

339 513 522 590 Quod
556 533 812 575 securus
841 533 1033 588 amca,
1064 502 1368 596 quodque
1398 508 1549 595 inde
1564 532 1901 597 excerpere
1931 500 2167 597 possis?

343 614 760 677 Chironomon
796 611 1036 675 Ledam
1066 611 1240 675 molli
1271 611 1510 676 saltane
1540 611 1842 698 Bathyllo
2092 620 2097 625 ’

338 715 576 778 Tuccia
604 714 825 777 vesicae
841 710 977 785 ,non
1007 712 1288 798 inperat:

340 816 509 880 Sicut
534 816 598 879 in
629 815 951 902 amplexu,
984 815 1269 878 subitum
1300 828 1363 878 et
1394 814 1782 878 miserabile:
1832 815 2095 902 longum

1338 711 1604 798 Appula
1630 713 1873 797 gannit,

2248 817 2332 881 65

337 917 649 981 Adtendit
684 916 1080 1001 Thymelen3
1135 915 1494 1000 Thymelen
1525 927 1678 978 tunc
1707 915 1941 979 rustica
1970 917 2172 983 discit.

336 1020 455 1081 Ast
490 1018 649 1095 aliae,
681 1017 931 1103 quoties
961 1017 1164 1080 aulaea
1194 1014 1516 1081 recondita
1545 1031 1809 1094 cessant,
1974 1098 1979 1103 ,

335 1123 420 1183 Et
450 1144 652 1184 vacuo
681 1121 1021 1205 clausoque
1051 1132 1273 1183 sonant
1303 1104 1446 1182 fora
1472 1118 1605 1181 sola
1633 1119 1901 1198 theatr0,

332 1223 555 1305 Atque
584 1244 623 1283 a
651 1219 914 1306 plebeiis
936 1220 1123 1304 longe
1155 1220 1526 1305 Megalesia,
1561 1218 1768 1283 tristes

252 1416 299 1454 ct
319 1410 684 1467 amphitheatra.
725 1409 878 1456 Canai
892 1409 1081 1454 ordines
1099 1421 1155 1452 ac
1178 1421 1251 1452 se-

252 1474 362 1519 dilia
374 1474 568 1526 theatri,
581 1476 640 1520 de
655 1474 829 1533 quibus
842 1488 888 1518 v.
908 1473 1041 1532 Lips.
1053 1473 1113 1518 de
1129 1473 1249 1518 Am-

254 1538 399 1595 phith.
421 1553 460 1583 c.
486 1537 565 1583 13.
589 1550 845 1596 excerpere,
860 1536 1058 1596 eligere,
1067 1540 1250 1595 capere.

310 1601 513 1649 63-66,
549 1601 762 1647 Feminae
781 1603 925 1647 etiam
949 1602 1250 1655 castissimas,

251 1667 457 1713 Vestales
476 1674 526 1712 et
548 1668 761 1724 rusticae,
784 1666 1252 1725 inpudicitiam,libi-

252 1733 382 1777 dines
422 1731 768 1789 lasciviamque
800 1732 992 1775 discunt
1031 1731 1081 1774 in
1124 1730 1250 1775 ludis

253 1797 460 1850 scenicis,
495 1796 623 1853 inpr.
646 1797 705 1838 ab
737 1795 1066 1840 Atellanarum
1087 1795 1247 1838 histri-

248 1862 411 1922 onibus
453 1868 502 1905 et
541 1859 875 1918 pantomimis,
911 1873 1063 1918 eoque
1109 1859 1252 1904 citius

252 1932 297 1983 et
317 1924 534 1982 facilius,
545 1939 642 1983 quo
664 1919 844 1982 majore
877 1925 928 1968 hi
952 1931 1053 1968 arte
1074 1937 1149 1968 res
1167 1925 1251 1968 ob-

250 2000 423 2034 scoenas
456 1989 508 2034 in
542 2002 684 2034 scena
712 1988 930 2032 saltando
962 1995 1011 2032 et
1043 1989 1251 2046 gesticu-

251 2052 387 2099 lando
408 2055 705 2113 exprimunt,
731 2066 923 2112 quoque
946 2053 1132 2097 facilius
1154 2053 1248 2096 dis-

250 2124 422 2163 cuntur
466 2133 543 2176 ea,
577 2131 687 2175 quae
720 2118 871 2160 oculis
915 2112 1252 2174 subjiciuntur.

251 2182 320 2226 cf.
352 2185 413 2227 ad
448 2183 509 2228 V.
550 2181 657 2228 171.
690 2179 949 2240 Bathyllus,
973 2179 1254 2225 Maecenatis

243 2245 442 2305 libertus
461 2261 517 2293 ac
536 2246 735 2297 deliciae,
750 2242 903 2304 (unde
924 2245 1073 2289 mollis
1083 2260 1099 2298 ,-
1125 2246 1254 2302 quod

248 2317 405 2355 tamen
429 2313 678 2370 epitheton
700 2310 760 2353 ad
793 2321 1247 2366 communemque-

246 2387 336 2432 que
359 2376 772 2433 pantomimorum
807 2374 1062 2418 mollitiem
1086 2371 1252 2427 referri

244 2436 423 2499 potest)
443 2446 491 2484 et
504 2437 703 2499 Pylades
716 2437 925 2495 Augusti
940 2437 1253 2495 temporibus,

243 2503 387 2547 sinon
405 2504 567 2562 primi,
580 2509 707 2549 certe
721 2502 971 2545 clarissimi
992 2503 1126 2548 fuere
1135 2515 1252 2559 pan·

243 2561 438 2621 tomimi‚
458 2569 556 2614 h.e.
573 2573 756 2612 actores
770 2579 809 2611 s.
825 2566 1096 2619 histriones,
1119 2563 1252 2620 ludii,

247 2632 515 2688 saltatoreS,
550 2632 633 2691 qui
672 2643 785 2683 non,
810 2636 865 2674 ut
896 2630 1050 2682 mimi,
1073 2630 1251 2687 verbis,

243 2695 327 2740 'sed
348 2698 451 2742 sola
470 2696 731 2750 saltatione,
756 2703 805 2739 et
826 2706 1066 2739 manuum
1085 2706 1251 2752 corpo-

245 2759 401 2818 risque
454 2761 690 2820 gestibuS,
736 2758 969 2817 quidquid
1012 2758 1063 2802 in
1109 2771 1250 2803 scena

245 2833 482 2881 ageretur,
523 2826 651 2870 muti
694 2824 964 2881 exprimere
1000 2832 1049 2867 et
1090 2835 1250 2868 mores

246 2886 497 2934 hominum
522 2889 700 2934 imitari
734 2887 993 2949 (μιμεῖσθαι)
1015 2886 1248 2935 solebant.

245 2950 428 2998 Saleare
445 2952 642 3007 Ledam,
664 2950 845 3014 νομίμως
859 2951 1077 3016 ὅρχιῖσθαι
1095 2945 1250 3010 Λήδην,

234 3013 301 3076 sut
322 3017 490 3063 saltare
507 3016 752 3076 Satyrum,
775 3017 993 3062 Medeam
1015 3021 1106 3061 cet.
1130 3018 1180 3062 h.
1203 3031 1245 3061 e.

245 3077 423 3125 Ledam
457 3078 661 3142 ejusque
690 3095 878 3126 amores
908 3093 1143 3125 manuum
1167 3094 1248 3140 ge-

240 3143 547 3190 sticulatione
562 3146 853 3203 exprimere,
871 3145 1146 3207 χειρονομεῖν,
1158 3158 1249 3191 un-

244 3208 298 3253 de
319 3209 367 3254 h.
383 3210 417 3256 l.
434 3210 566 3254 Leda
587 3210 908 3264 cheironomcs,
920 3207 1177 3272 χειρονὸμος.
1202 3225 1250 3257 v.

248 3286 347 3331 sup.
369 3276 429 3319 ad
453 3274 512 3319 V.
536 3274 644 3319 121.
673 3273 842 3319 Tuccia
860 3276 940 3328 (al.
969 3273 1130 3330 Tutia,
1153 3273 1249 3321 Tu—

235 3338 333 3400 ·cic,
350 3335 540 3399 Tuscia)
562 3338 695 3398 virgo
710 3339 935 3394 VestaliS,
954 3352 1062 3397 quae
1079 3338 1251 3385 hausta

244 3403 391 3448 cribro
408 3418 536 3462 aqua
559 3404 839 3460 pudicitiam
864 3415 1002 3447 suam
1025 3404 1250 3449 adseruit.

235 3478 289 3522 ,V·
333 3466 495 3512 Valer.
533 3468 662 3513 Max.
698 3466 837 3513 vm.
881 3466 923 3511 1.
960 3467 1009 3513 5.
1042 3474 1090 3512 et
1124 3468 1248 3513 Plin.

245 3528 489 3577 xxvm.
516 3533 563 3579 2.
589 3537 638 3577 et
660 3531 705 3578 8.
747 3531 965 3575 Similem
998 3532 1250 3577 historiam

244 3595 300 3639 de
317 3596 514 3642 Claudia
533 3597 731 3642 narrant
746 3596 868 3642 Plin.
887 3595 1001 3640 v11.
1021 3596 1249 3642 35.'Suet.

239 3657 348 3718 Tib.
373 3658 418 3708 1.
439 3668 489 3705 et
518 3663 582 3707 al.
612 3660 786 3705 Vesica·
807 3673 897 3704 non
915 3661 1128 3718 imperat,
1154 3674 1250 3705 non

244 3724 451 3769 continet
481 3727 696 3781 urinam,
717 3724 799 3787 (cf.
821 3723 909 3769 XI.
936 3720 1066 3784 168.)
1093 3738 1248 3783 propr.

245 3790 477 3844 pudenda,
498 3787 655 3840 κόςηῡ.
676 3791 741 3841 (ν.
760 3791 821 3835 ad
841 3790 882 3836 l.
903 3787 1003 3847 39.)
1040 3789 1248 3849 Appula,

234 3850 457 3897 ‘matrona
497 3869 538 3901 s.
580 3854 741 3913 puella
783 3850 1051 3913 peregrina,
1079 3853 1250 3913 pudica

233 3910 423 3971 'mulien
438 3919 612 3964 Sabina
628 3919 774 3978 qualis
792 3923 873 3963 aut
881 3923 1068 3976 perusta
1080 3918 1250 3962 solibus

233 3977 453 4027 'Perraibia
496 3997 618 4029 utor
650 3983 846 4041 App-uli,
888 3983 1059 4027 Horat.
1090 3982 1244 4041 Epod.

245 4042 310 4087 11.
331 4043 410 4091 39.
446 4060 546 4108 seq.
589 4048 661 4094 Ea
682 4047 800 4093 dum
830 4053 1014 4105 spectat
1044 4049 1248 4093 lascivos

246 4107 657 4165 pantomimorum
690 4119 871 4170 gestuS,
889 4111 1078 4170 gannit,
1108 4113 1250 4156 subat

233 4173 319 4216 'vel
333 4176 463 4219 vocis
475 4189 728 4221 murmure
744 4175 969 4234 exprimit
983 4171 1249 4232 libidinem,

246 4237 378 4291 quasi
430 4246 558 4288 esset
606 4241 657 4284 in
708 4241 923 4299 amplam
974 4236 1247 4300 cujusdam.

250 4296 455 4348 Gannire
494 4305 560 4348 id.
605 4305 685 4363 qd.
712 4303 935 4363 garrire3
990 4317 1151 4362 propr.
1188 4306 1248 4350 de

243 4375 491 4413 murmure
514 4369 646 4413 canis
665 4369 937 4415 adhibetur.
990 4368 1250 4427 Amplexus

1315 1407 1516 1452 honesta
1552 1420 1662 1463 vox,
1698 1420 1809 1466 quae
1845 1410 2129 1456 transfertur
2158 1411 2218 1463 ad
2252 1400 2327 1456 res

1315 1472 1556 1517 Venereas
1573 1484 1630 1515 ac
1664 1477 1842 1530 turpes.
1869 1474 2042 1532 gannit
2062 1474 2260 1521 subitum
2282 1478 2327 1521 et

1314 1534 1586 1590 miserabile,
1605 1536 1764 1580 subito
1793 1543 1841 1580 et
1858 1538 2226 1594 'miscrabiliter,
2255 1541 2328 1583 re-

1317 1606 1460 1658 pente
1473 1601 1654 1644 emittit
1668 1612 1855 1656 vocem,
1865 1615 1959 1658 qua
1972 1604 2328 1650 miserationem

1315 1665 1583 1722 ardensque
1605 1664 1896 1709 desiderium
1915 1664 2137 1724 exemplo
2161 1666 2331 1725 panto-

1315 1729 1457 1773 mimi
1491 1728 1746 1785 exprimit:
1783 1731 1874 1774 nisi
1907 1731 2166 1789 legendum
2198 1724 2330 1778 subal

1316 1796 1358 1837 ‘et
1380 1792 1649 1838 miserabile.
1680 1792 1868 1852 longum
1891 1784 2114 1851 adtendit,
2137 1797 2218 1841 diu
2243 1799 2329 1843 ob-

1316 1863 1495 1909 servat,
1523 1855 1793 1915 Thymelen,
1825 1859 2152 1905 doctissimam
2183 1863 2327 1915 salta-

1318 1924 1508 1978 tricem,
1531 1925 1595 1972 (v.
1620 1933 1727 1977 sup.
1742 1924 1803 1966 ad
1822 1922 1866 1968 1.
1886 1919 1988 1983 36.)
2016 1921 2215 1984 ejusque
2232 1935 2330 1972 tre.

1317 1987 1476 2031 mulos
1509 1990 1558 2030 et
1594 1997 1818 2030 venereos
1862 1994 2026 2032 motus
2053 1991 2250 2036 adtenta
2272 2007 2329 2039 ac

1316 2058 1517 2109 stupens
1540 2056 1725 2107 spectat
1744 2052 1932 2104 rustica,
1956 2059 2004 2097 et
2026 2056 2135 2097 tunc
2155 2058 2324 2112 paula-

1317 2115 1406 2159 tim
1425 2114 1561 2159 discit
1585 2111 1852 2172 Thymelen,
1865 2111 1969 2176 ejus
1987 2124 2158 2173 artem.
2199 2119 2325 2180 Thy-

1316 2178 1461 2223 melen
1483 2178 1642 2235 recepi
1659 2191 1686 2222 e
1709 2181 1862 2224 tribus
1890 2176 2024 2227 libris
2047 2189 2168 2231 antt.
2190 2191 2237 2228 et
2253 2186 2325 2230 di-

1319 2243 1627 2287 stinctionem
1665 2245 1865 2288 mutavi.
1918 2244 2082 2305 Vulgo
2119 2249 2326 2308 legitur:

1312 2306 1500 2366 Appula
1516 2307 1701 2364 gannit,
1718 2308 1850 2351 Sicut
1868 2309 1915 2352 in
1929 2310 2141 2368 amplexu
2157 2330 2173 2358 .-
2204 2314 2327 2358 subi-

1317 2376 1417 2415 tum
1463 2374 1509 2415 et
1545 2370 1814 2425 miserabile,
1869 2373 2060 2432 longum
2102 2376 2327 2424 Adtendit

1325 2434 1573 2493 Thymele;
1613 2430 1830 2493 Thymele
1849 2440 1957 2481 tunc
1978 2441 2155 2486 rustica
2173 2441 2324 2490 discit.

1323 2497 1326 2500 ’
1382 2499 1586 2560 67-70.
1612 2498 1735 2543 Aliae
1751 2505 1985 2546 matronae
2005 2505 2327 2565 virginesque,

1318 2565 1505 2628 quoties
1528 2561 1628 2607 rudi
1650 2564 1841 2621 publice
1863 2579 1957 2609 non
1989 2567 2184 2625 dantur,
2208 2573 2325 2629 ipsae

1318 2629 1517 2692 privatis
1539 2628 1590 2671 in
1626 2627 1811 2684 aedibus
1842 2642 1923 2673 eos
1955 2642 2121 2687 agunt.
2156 2633 2326 2681 Auloea

1317 2696 1424 2739 vela
1461 2693 1606 2750 picta,
1638 2691 1689 2733 in
1735 2693 1937 2746 aedibuS,
1972 2696 2232 2751 porticibus
2268 2713 2326 2746 ac

1314 2758 1546 2811 theatris;
1584 2756 1710 2801 uude
1730 2756 1780 2800 h.
1804 2758 1836 2801 1.
1862 2769 1949 2815 pro
1981 2757 2097 2817 ipsis
2128 2762 2326 2809 theatris

1316 2822 1555 2880 ludisque.
1593 2819 1672 2864 68.
1693 2827 1854 2865 sonant
1876 2821 2115 2882 solas0m,
2133 2827 2183 2869 in
2208 2828 2325 2873 foris

1315 2894 1529 2943 tantum,
1550 2886 1633 2930 ubi
1651 2897 1810 2929 causae
1835 2894 2065 2944 aguntur,
2095 2892 2325 2950 strepitus

1313 2951 1527 3002 auditur,
1553 2963 1647 2994 non
1681 2950 1731 2993 in
1760 2950 1974 2997 theatris.
2035 2951 2114 3000 69.
2146 2954 2323 3015 Mega,-

1315 3016 1423 3062 lesia
1451 3028 1586 3060 sacra
1609 3020 1658 3058 et
1679 3014 1803 3071 ludi,
1829 3013 1907 3077 (ut
1939 3015 2206 3076 Megalesia
2224 3021 2324 3067 ludi

1314 3074 1516 3140 passim)
1553 3093 1658 3137 quae
1690 3079 1741 3123 in
1780 3080 2012 3125 honorem
2047 3089 2097 3127 et
2133 3097 2322 3130 memo-

1313 3145 1437 3189 riam
1462 3144 1657 3202 Magnae
1681 3142 1856 3189 Matris
1889 3141 2068 3204 Dei‘im,
2091 3145 2322 3209 (μεγάλης

1314 3205 1500 3272 μητρὸς)
1524 3208 1804 3253 Pessinunte
1827 3208 2031 3254 Romam
2055 3216 2321 3269 translatae,

1315 3274 1390 3318 vel
1406 3274 1526 3331 prid.
1544 3271 1674 3317 Non.
1693 3274 1809 3331 Apr.
1834 3275 1898 3324 (v.
1920 3274 2062 3320 ovid.
2084 3275 2217 3324 Fast.
2234 3279 2322 3327 lv.

1316 3338 1423 3384 179.
1436 3349 1538 3395 seq.
1557 3342 1608 3381 et
1625 3335 1823 3381 Calend.
1840 3336 2003 3394 Rom.)
2018 3340 2089 3383 vel
2108 3342 2230 3398 prid.
2247 3344 2320 3388 Id.

1314 3402 1433 3461 Apr.
1448 3400 1518 3462 (v.
1533 3400 1640 3446 Liv.
1650 3399 1857 3446 XXIX.
1871 3399 1948 3447 14.
1962 3402 2041 3445 ubi
2053 3403 2115 3447 cf.
2135 3404 2323 3451 Duker.

1315 3474 1366 3510 et
1388 3465 1563 3520 Drak.)
1593 3466 1872 3523 agebantur.
1918 3464 2093 3509 Plebeii
2121 3480 2187 3514 sc.
2217 3472 2324 3517 ludi

1315 3534 1446 3591 (quos
1462 3529 1632 3586 exactis
1647 3527 1836 3586 regibus
1841 3541 1930 3585 pro
1950 3528 2154 3576 libertate
2158 3532 2321 3591 plebis,

1315 3599 1396 3638 aut
1402 3606 1492 3653 pro
1507 3591 1862 3637 reconciliatione
1868 3591 2012 3649 plebis
2018 3598 2125 3651 post
2144 3600 2323 3643 secessi-

1307 3654 1445 3703 ‘onem
1491 3659 1542 3702 in
1576 3654 1862 3700 Aventinum
1895 3656 2140 3702 institutos
2175 3665 2322 3711 tradit

1313 3723 1491 3767 Ascon.
1514 3722 1564 3765 in
1588 3719 1721 3763 Verr.
1743 3716 1834 3779 11.)
1853 3720 2172 3769 abAEdilibus
2193 3728 2320 3785 pleb.

1312 3788 1599 3845 plerumque
1620 3783 1748 3829 XIII
1781 3784 1858 3829 vel
1875 3784 2033 3831 XVI-1
2074 3787 2174 3834 Cal.
2191 3790 2322 3842 No‘v.

1304 3849 1418 3913 (sed
1440 3861 1807 3908 nonnumquam
1821 3851 1998 3907 saepius
2014 3855 2113 3897 uno
2129 3853 2321 3906 eod'em'.

1312 3929 1407 3974 que
1428 3928 1575 3971 anne,
1600 3927 1687 3959 nec
1709 3915 1846 3958 statis
1866 3916 2063 3969 diebus;
2108 3922 2236 3977 qued
2259 3915 2319 3968 eit

1306 3979 1453 4025 'Livio
1483 3981 1686 4039 aliisque
1710 3979 2020 4037 scriptoribus
2043 3983 2186 4027 Rom.
2210 3983 2318 4044 pr'o‘-

1310 4045 1467 4091 babile
1507 4045 1579 4101 fit)
1617 4046 1829 4103 adeoque
1872 4055 1956 4088 sex
1991 4045 2095 4090 fere.
2119 4048 2320 4109 integi-is

1311 4109 1560 4155 mensibus
1600 4119 1713 4153 ante
1749 4108 2006 4167 megalesia
2039 4113 2318 4159 edebantur.

1312 4175 1485 4228 Verba,
1517 4187 1545 4217 a
1580 4173 1767 4233 plebeiis
1799 4172 1931 4231 longe
1965 4163 2222 4238 alegalqm'i
2251 4182 2318 4225 sc.

1310 4241 1510 4292 distant,
1529 4251 1624 4282 non
1640 4252 1697 4282 eo
1718 4237 1978 4290 referenda,
1999 4240 2126 4293 quod
2150 4239 2197 4282 in
2214 4242 2318 4284 lon..

1305 4302 1373 4362 ‘go
1396 4304 1479 4364 illo
1497 4302 1749 4347 intervallo
1771 4299 1892 4344 nulli
1916 4297 2084 4344 Romae
2105 4303 2199 4345 acti
2222 4305 2320 4349 sint

1313 4368 1432 4420 ludi,
1450 4366 1766 4416 (contrarium
1783 4363 1913 4407 enim
1934 4363 2047 4432 satis
2063 4349 2230 4418 not'um
2249 4377 2319 4416 est

1452 4447 1497 4496 Q.

2216 342 2339 404 113
2430 316 2435 319 ’
